<?xml version="1.0" encoding="UTF-8"?>
<alto xmlns:xsi="http://www.w3.org/2001/XMLSchema-instance" xmlns="http://www.loc.gov/standards/alto/ns-v2#" xsi:schemaLocation="http://www.loc.gov/standards/alto/ns-v2# http://www.loc.gov/standards/alto/alto-v2.0.xsd" xmlns:xlink="http://www.w3.org/1999/xlink">
	<Description>
		<MeasurementUnit>mm10</MeasurementUnit>
		<sourceImageInformation>
			<fileName>//fileserver7/IN2/Princeton/Batch5/bmtnabi/1858/08/28_01/00000704.tif</fileName>
		</sourceImageInformation>
		<OCRProcessing ID="OCRPROCESSING_1">
			<preProcessingStep>
				<processingSoftware>
					<softwareCreator>CCS Content Conversion Specialists GmbH, Germany</softwareCreator>
					<softwareName>CCS docWORKS</softwareName>
					<softwareVersion>6.6-1.18</softwareVersion>
				</processingSoftware>
			</preProcessingStep>
			<ocrProcessingStep>
				<processingSoftware>
					<softwareCreator>ABBYY (BIT Software), Russia</softwareCreator>
					<softwareName>FineReader</softwareName>
					<softwareVersion>10.0</softwareVersion>
				</processingSoftware>
			</ocrProcessingStep>
		</OCRProcessing>
		<OCRProcessing ID="OCRPROCESSING_2">
			<preProcessingStep>
				<processingSoftware>
					<softwareCreator>CCS Content Conversion Specialists GmbH, Germany</softwareCreator>
					<softwareName>CCS docWORKS</softwareName>
					<softwareVersion>6.6-1.18</softwareVersion>
				</processingSoftware>
			</preProcessingStep>
			<ocrProcessingStep>
				<processingSoftware>
					<softwareCreator>ABBYY (BIT Software), Russia</softwareCreator>
					<softwareName>NA</softwareName>
				</processingSoftware>
			</ocrProcessingStep>
		</OCRProcessing>
	</Description>
	<Styles>
		<TextStyle ID="TXT_0" FONTSIZE="16" FONTFAMILY="Times New Roman"/>
		<TextStyle ID="TXT_1" FONTSIZE="18" FONTFAMILY="Times New Roman" FONTSTYLE="italics"/>
		<TextStyle ID="TXT_2" FONTSIZE="19" FONTFAMILY="Times New Roman" FONTSTYLE="italics"/>
		<TextStyle ID="TXT_3" FONTSIZE="13" FONTFAMILY="Times New Roman"/>
		<TextStyle ID="TXT_4" FONTSIZE="19" FONTFAMILY="Unknown"/>
		<TextStyle ID="TXT_5" FONTSIZE="19" FONTFAMILY="Unknown" FONTSTYLE="bold"/>
		<ParagraphStyle ID="PAR_CENTER" ALIGN="Center"/>
		<ParagraphStyle ID="PAR_LEFT" ALIGN="Left"/>
		<ParagraphStyle ID="PAR_BLOCK" ALIGN="Block"/>
		<ParagraphStyle ID="PAR_RIGHT" ALIGN="Right"/>
	</Styles>
	<Layout>
		<Page ID="P4" PHYSICAL_IMG_NR="4" HEIGHT="4440" WIDTH="3474" PRINTED_IMG_NR="276" PC="0.911">
			<TopMargin ID="P4_TM00001" HPOS="0" VPOS="0" WIDTH="3474" HEIGHT="206">
				<TextBlock ID="P4_TB00001" HPOS="1684" VPOS="152" WIDTH="110" HEIGHT="52" STYLEREFS="TXT_0 PAR_CENTER">
					<TextLine ID="P4_TL00001" HPOS="1684" VPOS="153" WIDTH="110" HEIGHT="51">
						<String ID="P4_ST00001" HPOS="1684" VPOS="153" WIDTH="110" HEIGHT="51" CONTENT="276" WC="0.25" CC="786"/>
					</TextLine>
				</TextBlock>
			</TopMargin>
			<LeftMargin ID="P4_LM00001" HPOS="0" VPOS="206" WIDTH="105" HEIGHT="4042"/>
			<RightMargin ID="P4_RM00001" HPOS="3380" VPOS="206" WIDTH="94" HEIGHT="4042"/>
			<BottomMargin ID="P4_BM00001" HPOS="0" VPOS="4248" WIDTH="3474" HEIGHT="192"/>
			<PrintSpace ID="P4_PS00001" HPOS="105" VPOS="206" WIDTH="3275" HEIGHT="4042">
				<TextBlock ID="P4_TB00002" HPOS="105" VPOS="295" WIDTH="1592" HEIGHT="3776" STYLEREFS="TXT_0 PAR_LEFT">
					<TextLine ID="P4_TL00002" HPOS="127" VPOS="295" WIDTH="1569" HEIGHT="69">
						<String ID="P4_ST00002" HPOS="127" VPOS="315" WIDTH="108" HEIGHT="35" CONTENT="men" SUBS_TYPE="HypPart2" SUBS_CONTENT="kommen" WC="0.46" CC="726"/>
						<SP ID="P4_SP00001" HPOS="235" VPOS="350" WIDTH="33"/>
						<String ID="P4_ST00003" HPOS="268" VPOS="298" WIDTH="231" HEIGHT="66" CONTENT="Vorträge" WC="0.98" CC="60680405"/>
						<SP ID="P4_SP00002" HPOS="499" VPOS="364" WIDTH="43"/>
						<String ID="P4_ST00004" HPOS="542" VPOS="296" WIDTH="84" HEIGHT="50" CONTENT="auf" WC="0.93" CC="746"/>
						<SP ID="P4_SP00003" HPOS="626" VPOS="364" WIDTH="35"/>
						<String ID="P4_ST00005" HPOS="661" VPOS="295" WIDTH="107" HEIGHT="50" CONTENT="dem" WC="0.94" CC="950"/>
						<SP ID="P4_SP00004" HPOS="768" VPOS="364" WIDTH="41"/>
						<String ID="P4_ST00006" HPOS="809" VPOS="296" WIDTH="272" HEIGHT="50" CONTENT="Pianoforle" WC="0.99" CC="4074334501"/>
						<SP ID="P4_SP00005" HPOS="1081" VPOS="364" WIDTH="44"/>
						<String ID="P4_ST00007" HPOS="1125" VPOS="296" WIDTH="96" HEIGHT="50" CONTENT="und" WC="0.95" CC="327"/>
						<SP ID="P4_SP00006" HPOS="1221" VPOS="364" WIDTH="44"/>
						<String ID="P4_ST00008" HPOS="1265" VPOS="296" WIDTH="83" HEIGHT="50" CONTENT="der" WC="0.95" CC="940"/>
						<SP ID="P4_SP00007" HPOS="1348" VPOS="364" WIDTH="27"/>
						<String ID="P4_ST00009" HPOS="1375" VPOS="297" WIDTH="184" HEIGHT="49" CONTENT="Violine" WC="0.98" CC="6057707"/>
						<SP ID="P4_SP00008" HPOS="1559" VPOS="364" WIDTH="42"/>
						<String ID="P4_ST00010" HPOS="1601" VPOS="313" WIDTH="95" HEIGHT="32" CONTENT="vor." WC="0.96" CC="6146"/>
					</TextLine>
					<TextLine ID="P4_TL00003" HPOS="127" VPOS="374" WIDTH="1570" HEIGHT="55">
						<String ID="P4_ST00011" HPOS="127" VPOS="379" WIDTH="141" HEIGHT="50" CONTENT="Diese" WC="0.99" CC="80100"/>
						<SP ID="P4_SP00009" HPOS="268" VPOS="429" WIDTH="33"/>
						<String ID="P4_ST00012" HPOS="301" VPOS="378" WIDTH="226" HEIGHT="50" CONTENT="Concerte" WC="0.80" CC="00303080"/>
						<SP ID="P4_SP00010" HPOS="527" VPOS="429" WIDTH="29"/>
						<String ID="P4_ST00013" HPOS="556" VPOS="374" WIDTH="154" HEIGHT="52" CONTENT="haben" WC="0.96" CC="78705"/>
						<SP ID="P4_SP00011" HPOS="710" VPOS="429" WIDTH="45"/>
						<String ID="P4_ST00014" HPOS="755" VPOS="377" WIDTH="135" HEIGHT="48" CONTENT="mehr" WC="0.97" CC="7042"/>
						<SP ID="P4_SP00012" HPOS="890" VPOS="429" WIDTH="43"/>
						<String ID="P4_ST00015" HPOS="933" VPOS="376" WIDTH="89" HEIGHT="50" CONTENT="den" WC="0.97" CC="007"/>
						<SP ID="P4_SP00013" HPOS="1022" VPOS="429" WIDTH="34"/>
						<String ID="P4_ST00016" HPOS="1056" VPOS="378" WIDTH="266" HEIGHT="50" CONTENT="Charakter" WC="0.98" CC="709574628"/>
						<SP ID="P4_SP00014" HPOS="1322" VPOS="429" WIDTH="30"/>
						<String ID="P4_ST00017" HPOS="1352" VPOS="376" WIDTH="345" HEIGHT="52" CONTENT="musicalischer" WC="0.99" CC="0640704220045"/>
					</TextLine>
					<TextLine ID="P4_TL00004" HPOS="123" VPOS="456" WIDTH="1148" HEIGHT="68">
						<String ID="P4_ST00018" HPOS="123" VPOS="457" WIDTH="349" HEIGHT="66" CONTENT="Unterhaltung" WC="0.99" CC="750055101056"/>
						<SP ID="P4_SP00015" HPOS="472" VPOS="523" WIDTH="32"/>
						<String ID="P4_ST00019" HPOS="504" VPOS="457" WIDTH="65" HEIGHT="48" CONTENT="als" WC="0.95" CC="850"/>
						<SP ID="P4_SP00016" HPOS="569" VPOS="523" WIDTH="30"/>
						<String ID="P4_ST00020" HPOS="599" VPOS="456" WIDTH="314" HEIGHT="67" CONTENT="grossartiger" WC="0.99" CC="921010660966"/>
						<SP ID="P4_SP00017" HPOS="913" VPOS="523" WIDTH="29"/>
						<String ID="P4_ST00021" HPOS="942" VPOS="456" WIDTH="329" HEIGHT="68" CONTENT="Aufführung." WC="0.99" CC="00876086690"/>
					</TextLine>
					<TextLine ID="P4_TL00005" HPOS="241" VPOS="533" WIDTH="1454" HEIGHT="70">
						<String ID="P4_ST00022" HPOS="241" VPOS="538" WIDTH="98" HEIGHT="47" CONTENT="Das" WC="0.97" CC="403"/>
						<SP ID="P4_SP00018" HPOS="339" VPOS="585" WIDTH="23"/>
						<String ID="P4_ST00023" HPOS="362" VPOS="536" WIDTH="90" HEIGHT="49" CONTENT="alte" WC="0.99" CC="0050"/>
						<SP ID="P4_SP00019" HPOS="452" VPOS="585" WIDTH="23"/>
						<String ID="P4_ST00024" HPOS="475" VPOS="533" WIDTH="303" HEIGHT="70" CONTENT="ehrwürdige" WC="1.00" CC="0012007003"/>
						<SP ID="P4_SP00020" HPOS="778" VPOS="603" WIDTH="23"/>
						<String ID="P4_ST00025" HPOS="801" VPOS="537" WIDTH="305" HEIGHT="51" CONTENT="Stammhaus" WC="0.99" CC="360000940"/>
						<SP ID="P4_SP00021" HPOS="1106" VPOS="603" WIDTH="24"/>
						<String ID="P4_ST00026" HPOS="1130" VPOS="537" WIDTH="84" HEIGHT="49" CONTENT="der" WC="0.94" CC="905"/>
						<SP ID="P4_SP00022" HPOS="1214" VPOS="603" WIDTH="19"/>
						<String ID="P4_ST00027" HPOS="1233" VPOS="536" WIDTH="268" HEIGHT="67" CONTENT="geistlichen" WC="0.99" CC="05000405076"/>
						<SP ID="P4_SP00023" HPOS="1501" VPOS="603" WIDTH="21"/>
						<String ID="P4_ST00028" HPOS="1522" VPOS="533" WIDTH="173" HEIGHT="60" CONTENT="Musik," WC="0.99" CC="600020"/>
					</TextLine>
					<TextLine ID="P4_TL00006" HPOS="122" VPOS="612" WIDTH="1572" HEIGHT="61">
						<String ID="P4_ST00029" HPOS="122" VPOS="614" WIDTH="81" HEIGHT="50" CONTENT="der" WC="0.96" CC="900"/>
						<SP ID="P4_SP00024" HPOS="203" VPOS="664" WIDTH="33"/>
						<String ID="P4_ST00030" HPOS="236" VPOS="614" WIDTH="109" HEIGHT="50" CONTENT="feste" WC="0.98" CC="09080"/>
						<SP ID="P4_SP00025" HPOS="345" VPOS="664" WIDTH="29"/>
						<String ID="P4_ST00031" HPOS="374" VPOS="614" WIDTH="126" HEIGHT="50" CONTENT="Hort" WC="0.95" CC="8066"/>
						<SP ID="P4_SP00026" HPOS="500" VPOS="664" WIDTH="29"/>
						<String ID="P4_ST00032" HPOS="529" VPOS="613" WIDTH="84" HEIGHT="51" CONTENT="der" WC="0.98" CC="031"/>
						<SP ID="P4_SP00027" HPOS="613" VPOS="664" WIDTH="31"/>
						<String ID="P4_ST00033" HPOS="644" VPOS="614" WIDTH="299" HEIGHT="51" CONTENT="orthodoxen" WC="0.99" CC="7360201606"/>
						<SP ID="P4_SP00028" HPOS="943" VPOS="665" WIDTH="18"/>
						<String ID="P4_ST00034" HPOS="961" VPOS="616" WIDTH="260" HEIGHT="57" CONTENT="Tonkunst," WC="0.99" CC="008970000"/>
						<SP ID="P4_SP00029" HPOS="1221" VPOS="673" WIDTH="31"/>
						<String ID="P4_ST00035" HPOS="1252" VPOS="614" WIDTH="71" HEIGHT="50" CONTENT="die" WC="0.97" CC="024"/>
						<SP ID="P4_SP00030" HPOS="1323" VPOS="673" WIDTH="24"/>
						<String ID="P4_ST00036" HPOS="1347" VPOS="613" WIDTH="187" HEIGHT="52" CONTENT="Sacred" WC="0.78" CC="062040" STYLEREFS="TXT_1"/>
						<SP ID="P4_SP00031" HPOS="1534" VPOS="673" WIDTH="23"/>
						<String ID="P4_ST00037" HPOS="1557" VPOS="612" WIDTH="110" HEIGHT="51" CONTENT="Ilar" SUBS_TYPE="HypPart1" SUBS_CONTENT="Ilarmonic" WC="1.00" CC="0000" STYLEREFS="TXT_1"/>
						<HYP HPOS="1667" VPOS="612" WIDTH="27" CONTENT="-"/>
					</TextLine>
					<TextLine ID="P4_TL00007" HPOS="115" VPOS="691" WIDTH="1580" HEIGHT="71">
						<String ID="P4_ST00038" HPOS="115" VPOS="691" WIDTH="151" HEIGHT="53" CONTENT="monic" SUBS_TYPE="HypPart2" SUBS_CONTENT="Ilarmonic" WC="0.74" CC="04205" STYLEREFS="TXT_1"/>
						<SP ID="P4_SP00032" HPOS="266" VPOS="744" WIDTH="27"/>
						<String ID="P4_ST00039" HPOS="293" VPOS="691" WIDTH="187" HEIGHT="69" CONTENT="Society" WC="0.98" CC="7420469" STYLEREFS="TXT_1"/>
						<SP ID="P4_SP00033" HPOS="480" VPOS="760" WIDTH="44"/>
						<String ID="P4_ST00040" HPOS="524" VPOS="693" WIDTH="46" HEIGHT="51" CONTENT="in" WC="0.66" CC="06"/>
						<SP ID="P4_SP00034" HPOS="570" VPOS="760" WIDTH="44"/>
						<String ID="P4_ST00041" HPOS="614" VPOS="694" WIDTH="181" HEIGHT="51" CONTENT="Exeter" WC="0.72" CC="600009"/>
						<SP ID="P4_SP00035" HPOS="795" VPOS="760" WIDTH="44"/>
						<String ID="P4_ST00042" HPOS="839" VPOS="697" WIDTH="127" HEIGHT="58" CONTENT="Hall," WC="0.96" CC="88543"/>
						<SP ID="P4_SP00036" HPOS="966" VPOS="760" WIDTH="43"/>
						<String ID="P4_ST00043" HPOS="1009" VPOS="696" WIDTH="257" HEIGHT="66" CONTENT="behauptet" WC="0.99" CC="720077052"/>
						<SP ID="P4_SP00037" HPOS="1266" VPOS="762" WIDTH="41"/>
						<String ID="P4_ST00044" HPOS="1307" VPOS="694" WIDTH="95" HEIGHT="49" CONTENT="sich" WC="0.97" CC="0056"/>
						<SP ID="P4_SP00038" HPOS="1402" VPOS="762" WIDTH="44"/>
						<String ID="P4_ST00045" HPOS="1446" VPOS="694" WIDTH="85" HEIGHT="50" CONTENT="auf" WC="0.97" CC="070"/>
						<SP ID="P4_SP00039" HPOS="1531" VPOS="762" WIDTH="36"/>
						<String ID="P4_ST00046" HPOS="1567" VPOS="694" WIDTH="128" HEIGHT="49" CONTENT="ihrer" WC="0.97" CC="06903"/>
					</TextLine>
					<TextLine ID="P4_TL00008" HPOS="117" VPOS="772" WIDTH="1574" HEIGHT="60">
						<String ID="P4_ST00047" HPOS="117" VPOS="773" WIDTH="156" HEIGHT="51" CONTENT="Höhe." WC="0.97" CC="87003"/>
						<SP ID="P4_SP00040" HPOS="273" VPOS="824" WIDTH="46"/>
						<String ID="P4_ST00048" HPOS="319" VPOS="773" WIDTH="76" HEIGHT="50" CONTENT="Sie" WC="0.96" CC="640"/>
						<SP ID="P4_SP00041" HPOS="395" VPOS="824" WIDTH="31"/>
						<String ID="P4_ST00049" HPOS="426" VPOS="773" WIDTH="197" HEIGHT="51" CONTENT="brachte" WC="0.97" CC="7096565"/>
						<SP ID="P4_SP00042" HPOS="623" VPOS="824" WIDTH="31"/>
						<String ID="P4_ST00050" HPOS="654" VPOS="774" WIDTH="226" HEIGHT="51" CONTENT="Händel's" WC="0.74" CC="52300214"/>
						<SP ID="P4_SP00043" HPOS="880" VPOS="825" WIDTH="30"/>
						<String ID="P4_ST00051" HPOS="910" VPOS="777" WIDTH="214" HEIGHT="55" CONTENT="Samson," WC="0.99" CC="0000460"/>
						<SP ID="P4_SP00044" HPOS="1124" VPOS="832" WIDTH="43"/>
						<String ID="P4_ST00052" HPOS="1167" VPOS="774" WIDTH="84" HEIGHT="50" CONTENT="der" WC="0.98" CC="050"/>
						<SP ID="P4_SP00045" HPOS="1251" VPOS="832" WIDTH="28"/>
						<String ID="P4_ST00053" HPOS="1279" VPOS="774" WIDTH="85" HEIGHT="49" CONTENT="seit" WC="0.98" CC="0503"/>
						<SP ID="P4_SP00046" HPOS="1364" VPOS="832" WIDTH="31"/>
						<String ID="P4_ST00054" HPOS="1395" VPOS="772" WIDTH="106" HEIGHT="51" CONTENT="7" WC="0.25" CC="7"/>
						<SP ID="P4_SP00047" HPOS="1501" VPOS="832" WIDTH="14"/>
						<String ID="P4_ST00055" HPOS="1515" VPOS="773" WIDTH="29" HEIGHT="51" CONTENT="8" WC="0.60" CC="3"/>
						<SP ID="P4_SP00048" HPOS="1544" VPOS="832" WIDTH="33"/>
						<String ID="P4_ST00056" HPOS="1577" VPOS="773" WIDTH="86" HEIGHT="50" CONTENT="Jah" SUBS_TYPE="HypPart1" SUBS_CONTENT="Jahren" WC="0.98" CC="307"/>
						<HYP HPOS="1663" VPOS="773" WIDTH="28" CONTENT="-"/>
					</TextLine>
					<TextLine ID="P4_TL00009" HPOS="115" VPOS="852" WIDTH="1579" HEIGHT="68">
						<String ID="P4_ST00057" HPOS="115" VPOS="870" WIDTH="84" HEIGHT="33" CONTENT="ren" SUBS_TYPE="HypPart2" SUBS_CONTENT="Jahren" WC="0.96" CC="604"/>
						<SP ID="P4_SP00049" HPOS="199" VPOS="903" WIDTH="29"/>
						<String ID="P4_ST00058" HPOS="228" VPOS="852" WIDTH="130" HEIGHT="51" CONTENT="nicht" WC="0.97" CC="73062"/>
						<SP ID="P4_SP00050" HPOS="358" VPOS="903" WIDTH="29"/>
						<String ID="P4_ST00059" HPOS="387" VPOS="853" WIDTH="85" HEIGHT="50" CONTENT="auf" WC="0.99" CC="030"/>
						<SP ID="P4_SP00051" HPOS="472" VPOS="903" WIDTH="24"/>
						<String ID="P4_ST00060" HPOS="496" VPOS="853" WIDTH="84" HEIGHT="51" CONTENT="das" WC="1.00" CC="000"/>
						<SP ID="P4_SP00052" HPOS="580" VPOS="904" WIDTH="22"/>
						<String ID="P4_ST00061" HPOS="602" VPOS="856" WIDTH="282" HEIGHT="64" CONTENT="Programm" WC="0.99" CC="60003600"/>
						<SP ID="P4_SP00053" HPOS="884" VPOS="920" WIDTH="31"/>
						<String ID="P4_ST00062" HPOS="915" VPOS="853" WIDTH="281" HEIGHT="66" CONTENT="gekommen" WC="0.98" CC="96940037"/>
						<SP ID="P4_SP00054" HPOS="1196" VPOS="920" WIDTH="31"/>
						<String ID="P4_ST00063" HPOS="1227" VPOS="870" WIDTH="114" HEIGHT="33" CONTENT="war." WC="0.97" CC="3504"/>
						<SP ID="P4_SP00055" HPOS="1341" VPOS="920" WIDTH="33"/>
						<String ID="P4_ST00064" HPOS="1374" VPOS="853" WIDTH="119" HEIGHT="48" CONTENT="Sims" WC="0.96" CC="5571"/>
						<SP ID="P4_SP00056" HPOS="1493" VPOS="920" WIDTH="26"/>
						<String ID="P4_ST00065" HPOS="1519" VPOS="854" WIDTH="175" HEIGHT="49" CONTENT="Reeves" WC="0.88" CC="700000"/>
					</TextLine>
					<TextLine ID="P4_TL00010" HPOS="117" VPOS="932" WIDTH="1576" HEIGHT="68">
						<String ID="P4_ST00066" HPOS="117" VPOS="950" WIDTH="116" HEIGHT="49" CONTENT="sang" WC="0.95" CC="7049"/>
						<SP ID="P4_SP00057" HPOS="233" VPOS="999" WIDTH="32"/>
						<String ID="P4_ST00067" HPOS="265" VPOS="932" WIDTH="93" HEIGHT="51" CONTENT="den" WC="0.91" CC="877"/>
						<SP ID="P4_SP00058" HPOS="358" VPOS="999" WIDTH="29"/>
						<String ID="P4_ST00068" HPOS="387" VPOS="934" WIDTH="219" HEIGHT="59" CONTENT="Samson," WC="0.99" CC="0000360"/>
						<SP ID="P4_SP00059" HPOS="606" VPOS="999" WIDTH="31"/>
						<String ID="P4_ST00069" HPOS="637" VPOS="934" WIDTH="159" HEIGHT="51" CONTENT="Weiss" WC="0.99" CC="50003"/>
						<SP ID="P4_SP00060" HPOS="796" VPOS="999" WIDTH="24"/>
						<String ID="P4_ST00070" HPOS="820" VPOS="933" WIDTH="88" HEIGHT="50" CONTENT="den" WC="0.96" CC="054"/>
						<SP ID="P4_SP00061" HPOS="908" VPOS="999" WIDTH="18"/>
						<String ID="P4_ST00071" HPOS="926" VPOS="933" WIDTH="168" HEIGHT="50" CONTENT="Riesen" WC="0.98" CC="602018"/>
						<SP ID="P4_SP00062" HPOS="1094" VPOS="999" WIDTH="17"/>
						<String ID="P4_ST00072" HPOS="1111" VPOS="933" WIDTH="246" HEIGHT="67" CONTENT="Harapha," WC="0.57" CC="84490600"/>
						<SP ID="P4_SP00063" HPOS="1357" VPOS="1000" WIDTH="32"/>
						<String ID="P4_ST00073" HPOS="1389" VPOS="932" WIDTH="84" HEIGHT="51" CONTENT="der" WC="0.98" CC="040"/>
						<SP ID="P4_SP00064" HPOS="1473" VPOS="1000" WIDTH="30"/>
						<String ID="P4_ST00074" HPOS="1503" VPOS="933" WIDTH="72" HEIGHT="50" CONTENT="bei" WC="0.97" CC="600"/>
						<SP ID="P4_SP00065" HPOS="1575" VPOS="1000" WIDTH="26"/>
						<String ID="P4_ST00075" HPOS="1601" VPOS="932" WIDTH="92" HEIGHT="49" CONTENT="den" WC="0.95" CC="067"/>
					</TextLine>
					<TextLine ID="P4_TL00011" HPOS="114" VPOS="1012" WIDTH="1580" HEIGHT="67">
						<String ID="P4_ST00076" HPOS="114" VPOS="1012" WIDTH="380" HEIGHT="67" CONTENT="Aufführungen" WC="0.99" CC="760007407056"/>
						<SP ID="P4_SP00066" HPOS="494" VPOS="1079" WIDTH="49"/>
						<String ID="P4_ST00077" HPOS="543" VPOS="1013" WIDTH="46" HEIGHT="48" CONTENT="in" WC="0.55" CC="17"/>
						<SP ID="P4_SP00067" HPOS="589" VPOS="1079" WIDTH="39"/>
						<String ID="P4_ST00078" HPOS="628" VPOS="1012" WIDTH="320" HEIGHT="51" CONTENT="Deutschland" WC="0.99" CC="02761470080"/>
						<SP ID="P4_SP00068" HPOS="948" VPOS="1079" WIDTH="44"/>
						<String ID="P4_ST00079" HPOS="992" VPOS="1030" WIDTH="85" HEIGHT="48" CONTENT="gar" WC="0.99" CC="003"/>
						<SP ID="P4_SP00069" HPOS="1077" VPOS="1079" WIDTH="40"/>
						<String ID="P4_ST00080" HPOS="1117" VPOS="1012" WIDTH="127" HEIGHT="49" CONTENT="nicht" WC="0.97" CC="60244"/>
						<SP ID="P4_SP00070" HPOS="1244" VPOS="1079" WIDTH="41"/>
						<String ID="P4_ST00081" HPOS="1285" VPOS="1030" WIDTH="104" HEIGHT="31" CONTENT="zum" WC="0.96" CC="550"/>
						<SP ID="P4_SP00071" HPOS="1389" VPOS="1079" WIDTH="46"/>
						<String ID="P4_ST00082" HPOS="1435" VPOS="1012" WIDTH="259" HEIGHT="49" CONTENT="Vorschein" WC="0.99" CC="064107007"/>
					</TextLine>
					<TextLine ID="P4_TL00012" HPOS="122" VPOS="1091" WIDTH="1571" HEIGHT="68">
						<String ID="P4_ST00083" HPOS="122" VPOS="1091" WIDTH="250" HEIGHT="66" CONTENT="kommt*)," WC="0.98" CC="90097250"/>
						<SP ID="P4_SP00072" HPOS="372" VPOS="1157" WIDTH="44"/>
						<String ID="P4_ST00084" HPOS="416" VPOS="1092" WIDTH="75" HEIGHT="51" CONTENT="die" WC="0.98" CC="005"/>
						<SP ID="P4_SP00073" HPOS="491" VPOS="1157" WIDTH="29"/>
						<String ID="P4_ST00085" HPOS="520" VPOS="1094" WIDTH="187" HEIGHT="49" CONTENT="Damen" WC="0.98" CC="03076"/>
						<SP ID="P4_SP00074" HPOS="707" VPOS="1157" WIDTH="29"/>
						<String ID="P4_ST00086" HPOS="736" VPOS="1091" WIDTH="298" HEIGHT="50" CONTENT="Rudersdorf" WC="0.98" CC="9086370028"/>
						<SP ID="P4_SP00075" HPOS="1034" VPOS="1157" WIDTH="30"/>
						<String ID="P4_ST00087" HPOS="1064" VPOS="1092" WIDTH="95" HEIGHT="49" CONTENT="und" WC="1.00" CC="000"/>
						<SP ID="P4_SP00076" HPOS="1159" VPOS="1157" WIDTH="31"/>
						<String ID="P4_ST00088" HPOS="1190" VPOS="1092" WIDTH="157" HEIGHT="67" CONTENT="Dolby" WC="0.96" CC="90576"/>
						<SP ID="P4_SP00077" HPOS="1347" VPOS="1159" WIDTH="31"/>
						<String ID="P4_ST00089" HPOS="1378" VPOS="1092" WIDTH="72" HEIGHT="49" CONTENT="die" WC="0.95" CC="940"/>
						<SP ID="P4_SP00078" HPOS="1450" VPOS="1159" WIDTH="31"/>
						<String ID="P4_ST00090" HPOS="1481" VPOS="1094" WIDTH="212" HEIGHT="47" CONTENT="Frauen-" WC="0.53" CC="7091282"/>
					</TextLine>
					<TextLine ID="P4_TL00013" HPOS="119" VPOS="1171" WIDTH="1575" HEIGHT="67">
						<String ID="P4_ST00091" HPOS="119" VPOS="1172" WIDTH="236" HEIGHT="49" CONTENT="Partieen." WC="0.79" CC="091020004"/>
						<SP ID="P4_SP00079" HPOS="355" VPOS="1221" WIDTH="59"/>
						<String ID="P4_ST00092" HPOS="414" VPOS="1172" WIDTH="70" HEIGHT="49" CONTENT="Im" WC="0.65" CC="60"/>
						<SP ID="P4_SP00080" HPOS="484" VPOS="1221" WIDTH="36"/>
						<String ID="P4_ST00093" HPOS="520" VPOS="1172" WIDTH="192" HEIGHT="48" CONTENT="zweiten" WC="0.98" CC="0903603"/>
						<SP ID="P4_SP00081" HPOS="712" VPOS="1221" WIDTH="32"/>
						<String ID="P4_ST00094" HPOS="744" VPOS="1171" WIDTH="227" HEIGHT="49" CONTENT="Concerte" WC="0.78" CC="40660000"/>
						<SP ID="P4_SP00082" HPOS="971" VPOS="1221" WIDTH="36"/>
						<String ID="P4_ST00095" HPOS="1007" VPOS="1171" WIDTH="371" HEIGHT="50" CONTENT="Mendelssohn's" WC="0.58" CC="0160017466646"/>
						<SP ID="P4_SP00083" HPOS="1378" VPOS="1221" WIDTH="29"/>
						<String ID="P4_ST00096" HPOS="1407" VPOS="1171" WIDTH="287" HEIGHT="67" CONTENT="Lobgesang" WC="0.99" CC="166041060"/>
					</TextLine>
					<TextLine ID="P4_TL00014" HPOS="120" VPOS="1247" WIDTH="1574" HEIGHT="70">
						<String ID="P4_ST00097" HPOS="120" VPOS="1249" WIDTH="99" HEIGHT="51" CONTENT="und" WC="0.95" CC="480"/>
						<SP ID="P4_SP00084" HPOS="219" VPOS="1300" WIDTH="30"/>
						<String ID="P4_ST00098" HPOS="249" VPOS="1251" WIDTH="218" HEIGHT="49" CONTENT="Mozart's" WC="0.78" CC="04002630"/>
						<SP ID="P4_SP00085" HPOS="467" VPOS="1300" WIDTH="427"/>
						<String ID="P4_ST00099" HPOS="894" VPOS="1247" WIDTH="227" HEIGHT="70" CONTENT="Requiem" WC="0.98" CC="4767003" STYLEREFS="TXT_1"/>
						<SP ID="P4_SP00086" HPOS="1121" VPOS="1317" WIDTH="-373"/>
						<String ID="P4_ST00100" HPOS="748" VPOS="1249" WIDTH="181" HEIGHT="51" CONTENT="—eine" WC="0.96" CC="85086"/>
						<SP ID="P4_SP00087" HPOS="1121" VPOS="1317" WIDTH="-159"/>
						<String ID="P4_ST00101" HPOS="962" VPOS="1251" WIDTH="395" HEIGHT="66" CONTENT="eigenthümliche" WC="0.54" CC="00948770074660"/>
						<SP ID="P4_SP00088" HPOS="1357" VPOS="1317" WIDTH="30"/>
						<String ID="P4_ST00102" HPOS="1387" VPOS="1252" WIDTH="273" HEIGHT="48" CONTENT="Zusammen" SUBS_TYPE="HypPart1" SUBS_CONTENT="Zusammenstellung." WC="0.98" CC="02399740"/>
						<HYP HPOS="1660" VPOS="1252" WIDTH="34" CONTENT="-"/>
					</TextLine>
					<TextLine ID="P4_TL00015" HPOS="119" VPOS="1329" WIDTH="1577" HEIGHT="70">
						<String ID="P4_ST00103" HPOS="119" VPOS="1331" WIDTH="219" HEIGHT="67" CONTENT="stellung." SUBS_TYPE="HypPart2" SUBS_CONTENT="Zusammenstellung." WC="0.99" CC="462026704"/>
						<SP ID="P4_SP00089" HPOS="338" VPOS="1398" WIDTH="49"/>
						<String ID="P4_ST00104" HPOS="387" VPOS="1332" WIDTH="98" HEIGHT="48" CONTENT="Das" WC="0.94" CC="095"/>
						<SP ID="P4_SP00090" HPOS="485" VPOS="1398" WIDTH="28"/>
						<String ID="P4_ST00105" HPOS="513" VPOS="1331" WIDTH="185" HEIGHT="49" CONTENT="letztere" WC="0.99" CC="04650050"/>
						<SP ID="P4_SP00091" HPOS="698" VPOS="1398" WIDTH="31"/>
						<String ID="P4_ST00106" HPOS="729" VPOS="1329" WIDTH="157" HEIGHT="51" CONTENT="Werk" WC="0.98" CC="4060"/>
						<SP ID="P4_SP00092" HPOS="886" VPOS="1398" WIDTH="31"/>
						<String ID="P4_ST00107" HPOS="917" VPOS="1329" WIDTH="166" HEIGHT="51" CONTENT="wurde" WC="0.98" CC="96100"/>
						<SP ID="P4_SP00093" HPOS="1083" VPOS="1398" WIDTH="31"/>
						<String ID="P4_ST00108" HPOS="1114" VPOS="1332" WIDTH="203" HEIGHT="66" CONTENT="präciser" WC="0.71" CC="93600003"/>
						<SP ID="P4_SP00094" HPOS="1317" VPOS="1398" WIDTH="29"/>
						<String ID="P4_ST00109" HPOS="1346" VPOS="1331" WIDTH="94" HEIGHT="49" CONTENT="und" WC="0.97" CC="080"/>
						<SP ID="P4_SP00095" HPOS="1440" VPOS="1398" WIDTH="33"/>
						<String ID="P4_ST00110" HPOS="1473" VPOS="1331" WIDTH="223" HEIGHT="68" CONTENT="kräftiger" WC="0.99" CC="036600005"/>
					</TextLine>
					<TextLine ID="P4_TL00016" HPOS="118" VPOS="1408" WIDTH="1576" HEIGHT="67">
						<String ID="P4_ST00111" HPOS="118" VPOS="1409" WIDTH="302" HEIGHT="66" CONTENT="ausgeführt," WC="0.99" CC="96400006010"/>
						<SP ID="P4_SP00096" HPOS="420" VPOS="1475" WIDTH="42"/>
						<String ID="P4_ST00112" HPOS="462" VPOS="1409" WIDTH="65" HEIGHT="50" CONTENT="als" WC="0.98" CC="040"/>
						<SP ID="P4_SP00097" HPOS="527" VPOS="1475" WIDTH="38"/>
						<String ID="P4_ST00113" HPOS="565" VPOS="1408" WIDTH="81" HEIGHT="50" CONTENT="das" WC="0.96" CC="056"/>
						<SP ID="P4_SP00098" HPOS="646" VPOS="1475" WIDTH="38"/>
						<String ID="P4_ST00114" HPOS="684" VPOS="1414" WIDTH="136" HEIGHT="45" CONTENT="erste." WC="0.98" CC="950013"/>
						<SP ID="P4_SP00099" HPOS="820" VPOS="1475" WIDTH="56"/>
						<String ID="P4_ST00115" HPOS="876" VPOS="1409" WIDTH="128" HEIGHT="50" CONTENT="Mad." WC="0.57" CC="6504"/>
						<SP ID="P4_SP00100" HPOS="1004" VPOS="1475" WIDTH="35"/>
						<String ID="P4_ST00116" HPOS="1039" VPOS="1409" WIDTH="233" HEIGHT="51" CONTENT="Castellan" WC="0.78" CC="690000002"/>
						<SP ID="P4_SP00101" HPOS="1272" VPOS="1475" WIDTH="28"/>
						<String ID="P4_ST00117" HPOS="1300" VPOS="1416" WIDTH="93" HEIGHT="43" CONTENT="trat" WC="0.98" CC="5500"/>
						<SP ID="P4_SP00102" HPOS="1393" VPOS="1475" WIDTH="29"/>
						<String ID="P4_ST00118" HPOS="1422" VPOS="1409" WIDTH="135" HEIGHT="51" CONTENT="darin" WC="0.97" CC="05567"/>
						<SP ID="P4_SP00103" HPOS="1557" VPOS="1475" WIDTH="29"/>
						<String ID="P4_ST00119" HPOS="1586" VPOS="1409" WIDTH="108" HEIGHT="58" CONTENT="auf;" WC="0.98" CC="0604"/>
					</TextLine>
					<TextLine ID="P4_TL00017" HPOS="120" VPOS="1487" WIDTH="1575" HEIGHT="52">
						<String ID="P4_ST00120" HPOS="120" VPOS="1488" WIDTH="65" HEIGHT="50" CONTENT="sie" WC="0.93" CC="657"/>
						<SP ID="P4_SP00104" HPOS="185" VPOS="1538" WIDTH="29"/>
						<String ID="P4_ST00121" HPOS="214" VPOS="1488" WIDTH="159" HEIGHT="50" CONTENT="schien" WC="0.99" CC="005006"/>
						<SP ID="P4_SP00105" HPOS="373" VPOS="1538" WIDTH="27"/>
						<String ID="P4_ST00122" HPOS="400" VPOS="1487" WIDTH="142" HEIGHT="51" CONTENT="selbst" WC="0.99" CC="022703"/>
						<SP ID="P4_SP00106" HPOS="542" VPOS="1538" WIDTH="27"/>
						<String ID="P4_ST00123" HPOS="569" VPOS="1494" WIDTH="146" HEIGHT="45" CONTENT="etwas" WC="0.98" CC="53080"/>
						<SP ID="P4_SP00107" HPOS="715" VPOS="1539" WIDTH="30"/>
						<String ID="P4_ST00124" HPOS="745" VPOS="1488" WIDTH="198" HEIGHT="50" CONTENT="erkältet" WC="0.99" CC="09004053"/>
						<SP ID="P4_SP00108" HPOS="943" VPOS="1539" WIDTH="30"/>
						<String ID="P4_ST00125" HPOS="973" VPOS="1488" WIDTH="95" HEIGHT="50" CONTENT="und" WC="0.92" CC="768"/>
						<SP ID="P4_SP00109" HPOS="1068" VPOS="1539" WIDTH="26"/>
						<String ID="P4_ST00126" HPOS="1094" VPOS="1489" WIDTH="102" HEIGHT="50" CONTENT="liess" WC="0.69" CC="70610"/>
						<SP ID="P4_SP00110" HPOS="1196" VPOS="1539" WIDTH="31"/>
						<String ID="P4_ST00127" HPOS="1227" VPOS="1489" WIDTH="120" HEIGHT="50" CONTENT="auch" WC="0.96" CC="7406"/>
						<SP ID="P4_SP00111" HPOS="1347" VPOS="1539" WIDTH="31"/>
						<String ID="P4_ST00128" HPOS="1378" VPOS="1488" WIDTH="72" HEIGHT="50" CONTENT="die" WC="1.00" CC="000"/>
						<SP ID="P4_SP00112" HPOS="1450" VPOS="1539" WIDTH="28"/>
						<String ID="P4_ST00129" HPOS="1478" VPOS="1489" WIDTH="217" HEIGHT="50" CONTENT="Zuhörer" WC="0.98" CC="4776302"/>
					</TextLine>
					<TextLine ID="P4_TL00018" HPOS="118" VPOS="1568" WIDTH="1573" HEIGHT="67">
						<String ID="P4_ST00130" HPOS="118" VPOS="1568" WIDTH="208" HEIGHT="50" CONTENT="ziemlich" WC="0.98" CC="72604106"/>
						<SP ID="P4_SP00113" HPOS="326" VPOS="1618" WIDTH="33"/>
						<String ID="P4_ST00131" HPOS="359" VPOS="1568" WIDTH="116" HEIGHT="59" CONTENT="kalt;" WC="0.99" CC="09000"/>
						<SP ID="P4_SP00114" HPOS="475" VPOS="1627" WIDTH="39"/>
						<String ID="P4_ST00132" HPOS="514" VPOS="1568" WIDTH="283" HEIGHT="67" CONTENT="wenigstens" WC="0.99" CC="0080866461"/>
						<SP ID="P4_SP00115" HPOS="797" VPOS="1635" WIDTH="30"/>
						<String ID="P4_ST00133" HPOS="827" VPOS="1576" WIDTH="186" HEIGHT="59" CONTENT="erregte" WC="0.98" CC="3067031"/>
						<SP ID="P4_SP00116" HPOS="1013" VPOS="1635" WIDTH="31"/>
						<String ID="P4_ST00134" HPOS="1044" VPOS="1569" WIDTH="63" HEIGHT="49" CONTENT="sie" WC="0.94" CC="526"/>
						<SP ID="P4_SP00117" HPOS="1107" VPOS="1635" WIDTH="31"/>
						<String ID="P4_ST00135" HPOS="1138" VPOS="1568" WIDTH="127" HEIGHT="51" CONTENT="nicht" WC="0.98" CC="60070"/>
						<SP ID="P4_SP00118" HPOS="1265" VPOS="1635" WIDTH="30"/>
						<String ID="P4_ST00136" HPOS="1295" VPOS="1568" WIDTH="88" HEIGHT="50" CONTENT="den" WC="0.97" CC="006"/>
						<SP ID="P4_SP00119" HPOS="1383" VPOS="1635" WIDTH="30"/>
						<String ID="P4_ST00137" HPOS="1413" VPOS="1568" WIDTH="251" HEIGHT="50" CONTENT="Enthusias" SUBS_TYPE="HypPart1" SUBS_CONTENT="Enthusiasmus," WC="0.98" CC="781770880"/>
						<HYP HPOS="1664" VPOS="1568" WIDTH="27" CONTENT="-"/>
					</TextLine>
					<TextLine ID="P4_TL00019" HPOS="115" VPOS="1646" WIDTH="1578" HEIGHT="61">
						<String ID="P4_ST00138" HPOS="115" VPOS="1663" WIDTH="122" HEIGHT="44" CONTENT="mus," SUBS_TYPE="HypPart2" SUBS_CONTENT="Enthusiasmus," WC="0.96" CC="8063"/>
						<SP ID="P4_SP00120" HPOS="237" VPOS="1707" WIDTH="31"/>
						<String ID="P4_ST00139" HPOS="268" VPOS="1647" WIDTH="90" HEIGHT="49" CONTENT="wie" WC="0.98" CC="040"/>
						<SP ID="P4_SP00121" HPOS="358" VPOS="1707" WIDTH="29"/>
						<String ID="P4_ST00140" HPOS="387" VPOS="1646" WIDTH="76" HEIGHT="50" CONTENT="bei" WC="0.97" CC="015"/>
						<SP ID="P4_SP00122" HPOS="463" VPOS="1707" WIDTH="30"/>
						<String ID="P4_ST00141" HPOS="493" VPOS="1647" WIDTH="128" HEIGHT="49" CONTENT="ihrer" WC="0.99" CC="05005"/>
						<SP ID="P4_SP00123" HPOS="621" VPOS="1707" WIDTH="29"/>
						<String ID="P4_ST00142" HPOS="650" VPOS="1653" WIDTH="155" HEIGHT="43" CONTENT="ersten" WC="0.98" CC="763300"/>
						<SP ID="P4_SP00124" HPOS="805" VPOS="1707" WIDTH="24"/>
						<String ID="P4_ST00143" HPOS="829" VPOS="1647" WIDTH="334" HEIGHT="51" CONTENT="Anwesenheit" WC="0.99" CC="83822686030"/>
						<SP ID="P4_SP00125" HPOS="1163" VPOS="1707" WIDTH="23"/>
						<String ID="P4_ST00144" HPOS="1186" VPOS="1648" WIDTH="44" HEIGHT="48" CONTENT="in" WC="0.67" CC="06"/>
						<SP ID="P4_SP00126" HPOS="1230" VPOS="1707" WIDTH="25"/>
						<String ID="P4_ST00145" HPOS="1255" VPOS="1646" WIDTH="199" HEIGHT="50" CONTENT="London" WC="0.98" CC="456008"/>
						<SP ID="P4_SP00127" HPOS="1454" VPOS="1707" WIDTH="29"/>
						<String ID="P4_ST00146" HPOS="1483" VPOS="1665" WIDTH="81" HEIGHT="33" CONTENT="vor" WC="0.94" CC="466"/>
						<SP ID="P4_SP00128" HPOS="1564" VPOS="1707" WIDTH="31"/>
						<String ID="P4_ST00147" HPOS="1595" VPOS="1647" WIDTH="98" HEIGHT="49" CONTENT="drei" WC="0.99" CC="0040"/>
					</TextLine>
					<TextLine ID="P4_TL00020" HPOS="114" VPOS="1726" WIDTH="196" HEIGHT="50">
						<String ID="P4_ST00148" HPOS="114" VPOS="1726" WIDTH="196" HEIGHT="50" CONTENT="Jahren." WC="0.99" CC="4063060"/>
					</TextLine>
					<TextLine ID="P4_TL00021" HPOS="237" VPOS="1804" WIDTH="1456" HEIGHT="69">
						<String ID="P4_ST00149" HPOS="237" VPOS="1807" WIDTH="142" HEIGHT="48" CONTENT="Dann" WC="0.97" CC="2254"/>
						<SP ID="P4_SP00129" HPOS="379" VPOS="1855" WIDTH="34"/>
						<String ID="P4_ST00150" HPOS="413" VPOS="1806" WIDTH="142" HEIGHT="67" CONTENT="folgte" WC="1.00" CC="020000"/>
						<SP ID="P4_SP00130" HPOS="555" VPOS="1873" WIDTH="30"/>
						<String ID="P4_ST00151" HPOS="585" VPOS="1804" WIDTH="222" HEIGHT="51" CONTENT="Händel's" WC="0.81" CC="70000500"/>
						<SP ID="P4_SP00131" HPOS="807" VPOS="1873" WIDTH="32"/>
						<String ID="P4_ST00152" HPOS="839" VPOS="1807" WIDTH="142" HEIGHT="49" CONTENT="Israel" WC="0.99" CC="050003"/>
						<SP ID="P4_SP00132" HPOS="981" VPOS="1873" WIDTH="32"/>
						<String ID="P4_ST00153" HPOS="1013" VPOS="1807" WIDTH="43" HEIGHT="48" CONTENT="in" WC="0.95" CC="00"/>
						<SP ID="P4_SP00133" HPOS="1056" VPOS="1873" WIDTH="32"/>
						<String ID="P4_ST00154" HPOS="1088" VPOS="1806" WIDTH="277" HEIGHT="67" CONTENT="Aegypten;" WC="0.98" CC="459700604"/>
						<SP ID="P4_SP00134" HPOS="1365" VPOS="1873" WIDTH="46"/>
						<String ID="P4_ST00155" HPOS="1411" VPOS="1806" WIDTH="101" HEIGHT="49" CONTENT="hier" WC="0.97" CC="7014"/>
						<SP ID="P4_SP00135" HPOS="1512" VPOS="1873" WIDTH="33"/>
						<String ID="P4_ST00156" HPOS="1545" VPOS="1806" WIDTH="148" HEIGHT="67" CONTENT="zeigte" WC="0.98" CC="406060"/>
					</TextLine>
					<TextLine ID="P4_TL00022" HPOS="114" VPOS="1884" WIDTH="1583" HEIGHT="68">
						<String ID="P4_ST00157" HPOS="114" VPOS="1886" WIDTH="98" HEIGHT="50" CONTENT="sich" WC="0.96" CC="7066"/>
						<SP ID="P4_SP00136" HPOS="212" VPOS="1936" WIDTH="32"/>
						<String ID="P4_ST00158" HPOS="244" VPOS="1886" WIDTH="45" HEIGHT="48" CONTENT="in" WC="0.67" CC="06"/>
						<SP ID="P4_SP00137" HPOS="289" VPOS="1936" WIDTH="31"/>
						<String ID="P4_ST00159" HPOS="320" VPOS="1886" WIDTH="185" HEIGHT="66" CONTENT="einigen" WC="0.99" CC="4000057"/>
						<SP ID="P4_SP00138" HPOS="505" VPOS="1952" WIDTH="24"/>
						<String ID="P4_ST00160" HPOS="529" VPOS="1884" WIDTH="188" HEIGHT="51" CONTENT="Chören" WC="0.98" CC="165203"/>
						<SP ID="P4_SP00139" HPOS="717" VPOS="1952" WIDTH="30"/>
						<String ID="P4_ST00161" HPOS="747" VPOS="1886" WIDTH="73" HEIGHT="49" CONTENT="die" WC="0.98" CC="005"/>
						<SP ID="P4_SP00140" HPOS="820" VPOS="1952" WIDTH="779"/>
						<String ID="P4_ST00162" HPOS="1599" VPOS="1884" WIDTH="98" HEIGHT="52" CONTENT="Sacr" WC="0.56" CC="5550" STYLEREFS="TXT_2"/>
						<SP ID="P4_SP00141" HPOS="1697" VPOS="1952" WIDTH="-420"/>
						<String ID="P4_ST00163" HPOS="1277" VPOS="1886" WIDTH="44" HEIGHT="48" CONTENT="in" WC="0.67" CC="06"/>
						<SP ID="P4_SP00142" HPOS="1697" VPOS="1952" WIDTH="-345"/>
						<String ID="P4_ST00164" HPOS="1352" VPOS="1884" WIDTH="153" HEIGHT="51" CONTENT="dieser" WC="0.98" CC="060485"/>
						<SP ID="P4_SP00143" HPOS="1697" VPOS="1952" WIDTH="-169"/>
						<String ID="P4_ST00165" HPOS="1528" VPOS="1886" WIDTH="163" HEIGHT="49" CONTENT="Saison" WC="0.98" CC="105744"/>
					</TextLine>
					<TextLine ID="P4_TL00023" HPOS="119" VPOS="1964" WIDTH="1571" HEIGHT="68">
						<String ID="P4_ST00166" HPOS="119" VPOS="1964" WIDTH="249" HEIGHT="68" CONTENT="eigentlich" WC="0.98" CC="4495700577"/>
						<SP ID="P4_SP00144" HPOS="368" VPOS="2032" WIDTH="29"/>
						<String ID="P4_ST00167" HPOS="397" VPOS="1981" WIDTH="106" HEIGHT="33" CONTENT="zum" WC="0.99" CC="020"/>
						<SP ID="P4_SP00145" HPOS="503" VPOS="2032" WIDTH="30"/>
						<String ID="P4_ST00168" HPOS="533" VPOS="1971" WIDTH="154" HEIGHT="43" CONTENT="ersten" WC="0.97" CC="663606"/>
						<SP ID="P4_SP00146" HPOS="687" VPOS="2032" WIDTH="29"/>
						<String ID="P4_ST00169" HPOS="716" VPOS="1966" WIDTH="126" HEIGHT="49" CONTENT="Male" WC="0.95" CC="8960"/>
						<SP ID="P4_SP00147" HPOS="842" VPOS="2032" WIDTH="29"/>
						<String ID="P4_ST00170" HPOS="871" VPOS="1964" WIDTH="177" HEIGHT="51" CONTENT="wieder" WC="1.00" CC="000003"/>
						<SP ID="P4_SP00148" HPOS="1048" VPOS="2032" WIDTH="43"/>
						<String ID="P4_ST00171" HPOS="1091" VPOS="1966" WIDTH="44" HEIGHT="48" CONTENT="in" WC="0.58" CC="08"/>
						<SP ID="P4_SP00149" HPOS="1135" VPOS="2032" WIDTH="45"/>
						<String ID="P4_ST00172" HPOS="1180" VPOS="1964" WIDTH="128" HEIGHT="51" CONTENT="ihrer" WC="0.98" CC="06440"/>
						<SP ID="P4_SP00150" HPOS="1308" VPOS="2032" WIDTH="29"/>
						<String ID="P4_ST00173" HPOS="1337" VPOS="1966" WIDTH="149" HEIGHT="49" CONTENT="vollen" WC="0.98" CC="530183"/>
						<SP ID="P4_SP00151" HPOS="1486" VPOS="2032" WIDTH="31"/>
						<String ID="P4_ST00174" HPOS="1517" VPOS="1966" WIDTH="173" HEIGHT="49" CONTENT="Glorie." WC="0.97" CC="8735073"/>
					</TextLine>
					<TextLine ID="P4_TL00024" HPOS="117" VPOS="2042" WIDTH="1574" HEIGHT="68">
						<String ID="P4_ST00175" HPOS="117" VPOS="2044" WIDTH="114" HEIGHT="50" CONTENT="Man" WC="0.98" CC="500"/>
						<SP ID="P4_SP00152" HPOS="231" VPOS="2094" WIDTH="28"/>
						<String ID="P4_ST00176" HPOS="259" VPOS="2042" WIDTH="128" HEIGHT="51" CONTENT="kann" WC="0.95" CC="0965"/>
						<SP ID="P4_SP00153" HPOS="387" VPOS="2094" WIDTH="39"/>
						<String ID="P4_ST00177" HPOS="426" VPOS="2042" WIDTH="97" HEIGHT="49" CONTENT="sich" WC="0.97" CC="3606"/>
						<SP ID="P4_SP00154" HPOS="523" VPOS="2094" WIDTH="39"/>
						<String ID="P4_ST00178" HPOS="562" VPOS="2042" WIDTH="145" HEIGHT="49" CONTENT="kaum" WC="0.98" CC="3040"/>
						<SP ID="P4_SP00155" HPOS="707" VPOS="2094" WIDTH="40"/>
						<String ID="P4_ST00179" HPOS="747" VPOS="2051" WIDTH="144" HEIGHT="42" CONTENT="etwas" WC="0.99" CC="00040"/>
						<SP ID="P4_SP00156" HPOS="891" VPOS="2094" WIDTH="30"/>
						<String ID="P4_ST00180" HPOS="921" VPOS="2044" WIDTH="346" HEIGHT="66" CONTENT="Imposanteres" WC="0.99" CC="099440760206"/>
						<SP ID="P4_SP00157" HPOS="1267" VPOS="2110" WIDTH="31"/>
						<String ID="P4_ST00181" HPOS="1298" VPOS="2043" WIDTH="185" HEIGHT="50" CONTENT="denken" WC="0.98" CC="077074"/>
						<SP ID="P4_SP00158" HPOS="1483" VPOS="2110" WIDTH="32"/>
						<String ID="P4_ST00182" HPOS="1515" VPOS="2044" WIDTH="63" HEIGHT="49" CONTENT="als" WC="0.94" CC="807"/>
						<SP ID="P4_SP00159" HPOS="1578" VPOS="2110" WIDTH="32"/>
						<String ID="P4_ST00183" HPOS="1610" VPOS="2043" WIDTH="81" HEIGHT="51" CONTENT="das" WC="0.96" CC="073"/>
					</TextLine>
					<TextLine ID="P4_TL00025" HPOS="118" VPOS="2122" WIDTH="1573" HEIGHT="68">
						<String ID="P4_ST00184" HPOS="118" VPOS="2122" WIDTH="312" HEIGHT="67" CONTENT="Einschlagen" WC="0.99" CC="10004756006"/>
						<SP ID="P4_SP00160" HPOS="430" VPOS="2189" WIDTH="32"/>
						<String ID="P4_ST00185" HPOS="462" VPOS="2122" WIDTH="80" HEIGHT="51" CONTENT="des" WC="0.98" CC="004"/>
						<SP ID="P4_SP00161" HPOS="542" VPOS="2189" WIDTH="36"/>
						<String ID="P4_ST00186" HPOS="578" VPOS="2123" WIDTH="379" HEIGHT="66" CONTENT='„Hagelchors",' WC="0.99" CC="3800004707044"/>
						<SP ID="P4_SP00162" HPOS="957" VPOS="2189" WIDTH="45"/>
						<String ID="P4_ST00187" HPOS="1002" VPOS="2123" WIDTH="72" HEIGHT="50" CONTENT="die" WC="0.98" CC="014"/>
						<SP ID="P4_SP00163" HPOS="1074" VPOS="2189" WIDTH="29"/>
						<String ID="P4_ST00188" HPOS="1103" VPOS="2123" WIDTH="284" HEIGHT="67" CONTENT="Vertilgung" WC="0.98" CC="9026009679"/>
						<SP ID="P4_SP00164" HPOS="1387" VPOS="2190" WIDTH="29"/>
						<String ID="P4_ST00189" HPOS="1416" VPOS="2141" WIDTH="86" HEIGHT="32" CONTENT="von" WC="0.99" CC="003"/>
						<SP ID="P4_SP00165" HPOS="1502" VPOS="2190" WIDTH="43"/>
						<String ID="P4_ST00190" HPOS="1545" VPOS="2126" WIDTH="146" HEIGHT="54" CONTENT="„Ross" WC="0.68" CC="40506"/>
					</TextLine>
					<TextLine ID="P4_TL00026" HPOS="117" VPOS="2201" WIDTH="1574" HEIGHT="68">
						<String ID="P4_ST00191" HPOS="117" VPOS="2201" WIDTH="99" HEIGHT="50" CONTENT="und" WC="0.93" CC="746"/>
						<SP ID="P4_SP00166" HPOS="216" VPOS="2251" WIDTH="26"/>
						<String ID="P4_ST00192" HPOS="242" VPOS="2202" WIDTH="219" HEIGHT="58" CONTENT='Reiter",' WC="0.99" CC="55600540"/>
						<SP ID="P4_SP00167" HPOS="461" VPOS="2260" WIDTH="52"/>
						<String ID="P4_ST00193" HPOS="513" VPOS="2201" WIDTH="72" HEIGHT="49" CONTENT="die" WC="0.97" CC="052"/>
						<SP ID="P4_SP00168" HPOS="585" VPOS="2260" WIDTH="51"/>
						<String ID="P4_ST00194" HPOS="636" VPOS="2202" WIDTH="240" HEIGHT="49" CONTENT="erhabene" WC="0.99" CC="00607041"/>
						<SP ID="P4_SP00169" HPOS="876" VPOS="2260" WIDTH="50"/>
						<String ID="P4_ST00195" HPOS="926" VPOS="2203" WIDTH="139" HEIGHT="48" CONTENT="Kraft" WC="0.99" CC="00070"/>
						<SP ID="P4_SP00170" HPOS="1065" VPOS="2260" WIDTH="46"/>
						<String ID="P4_ST00196" HPOS="1111" VPOS="2220" WIDTH="89" HEIGHT="31" CONTENT="von" WC="0.97" CC="044"/>
						<SP ID="P4_SP00171" HPOS="1200" VPOS="2260" WIDTH="63"/>
						<String ID="P4_ST00197" HPOS="1263" VPOS="2203" WIDTH="94" HEIGHT="57" CONTENT="„Er" WC="0.95" CC="670"/>
						<SP ID="P4_SP00172" HPOS="1357" VPOS="2260" WIDTH="42"/>
						<String ID="P4_ST00198" HPOS="1399" VPOS="2202" WIDTH="167" HEIGHT="67" CONTENT="sprach" WC="0.98" CC="005924"/>
						<SP ID="P4_SP00173" HPOS="1566" VPOS="2269" WIDTH="44"/>
						<String ID="P4_ST00199" HPOS="1610" VPOS="2202" WIDTH="81" HEIGHT="49" CONTENT="das" WC="0.94" CC="770"/>
					</TextLine>
					<TextLine ID="P4_TL00027" HPOS="118" VPOS="2279" WIDTH="1572" HEIGHT="69">
						<String ID="P4_ST00200" HPOS="118" VPOS="2281" WIDTH="198" HEIGHT="50" CONTENT='Wort!"' WC="0.97" CC="863533"/>
						<SP ID="P4_SP00174" HPOS="316" VPOS="2331" WIDTH="43"/>
						<String ID="P4_ST00201" HPOS="359" VPOS="2281" WIDTH="90" HEIGHT="49" CONTENT="Die" WC="0.98" CC="400"/>
						<SP ID="P4_SP00175" HPOS="449" VPOS="2331" WIDTH="30"/>
						<String ID="P4_ST00202" HPOS="479" VPOS="2279" WIDTH="341" HEIGHT="69" CONTENT="Begeisterung" WC="0.99" CC="760009406050"/>
						<SP ID="P4_SP00176" HPOS="820" VPOS="2348" WIDTH="29"/>
						<String ID="P4_ST00203" HPOS="849" VPOS="2281" WIDTH="64" HEIGHT="49" CONTENT="im" WC="1.00" CC="00"/>
						<SP ID="P4_SP00177" HPOS="913" VPOS="2348" WIDTH="23"/>
						<String ID="P4_ST00204" HPOS="936" VPOS="2281" WIDTH="249" HEIGHT="50" CONTENT="Publicum" WC="0.99" CC="06700660"/>
						<SP ID="P4_SP00178" HPOS="1185" VPOS="2348" WIDTH="31"/>
						<String ID="P4_ST00205" HPOS="1216" VPOS="2298" WIDTH="117" HEIGHT="42" CONTENT="war," WC="1.00" CC="0000"/>
						<SP ID="P4_SP00179" HPOS="1333" VPOS="2348" WIDTH="32"/>
						<String ID="P4_ST00206" HPOS="1365" VPOS="2300" WIDTH="109" HEIGHT="30" CONTENT="man" WC="0.96" CC="055"/>
						<SP ID="P4_SP00180" HPOS="1474" VPOS="2348" WIDTH="31"/>
						<String ID="P4_ST00207" HPOS="1505" VPOS="2282" WIDTH="185" HEIGHT="49" CONTENT="möchte" WC="0.97" CC="106777"/>
					</TextLine>
					<TextLine ID="P4_TL00028" HPOS="117" VPOS="2359" WIDTH="1573" HEIGHT="68">
						<String ID="P4_ST00208" HPOS="117" VPOS="2376" WIDTH="171" HEIGHT="51" CONTENT="sagen:" WC="0.98" CC="406062"/>
						<SP ID="P4_SP00181" HPOS="288" VPOS="2427" WIDTH="42"/>
						<String ID="P4_ST00209" HPOS="330" VPOS="2359" WIDTH="255" HEIGHT="57" CONTENT="unerhört;" WC="1.00" CC="000370100"/>
						<SP ID="P4_SP00182" HPOS="585" VPOS="2427" WIDTH="50"/>
						<String ID="P4_ST00210" HPOS="635" VPOS="2366" WIDTH="117" HEIGHT="43" CONTENT="trotz" WC="0.99" CC="00006"/>
						<SP ID="P4_SP00183" HPOS="752" VPOS="2427" WIDTH="44"/>
						<String ID="P4_ST00211" HPOS="796" VPOS="2359" WIDTH="84" HEIGHT="50" CONTENT="der" WC="1.00" CC="000"/>
						<SP ID="P4_SP00184" HPOS="880" VPOS="2427" WIDTH="29"/>
						<String ID="P4_ST00212" HPOS="909" VPOS="2361" WIDTH="217" HEIGHT="48" CONTENT="Statuten" WC="0.98" CC="07976076"/>
						<SP ID="P4_SP00185" HPOS="1126" VPOS="2427" WIDTH="45"/>
						<String ID="P4_ST00213" HPOS="1171" VPOS="2377" WIDTH="99" HEIGHT="32" CONTENT="war" WC="1.00" CC="000"/>
						<SP ID="P4_SP00186" HPOS="1270" VPOS="2427" WIDTH="43"/>
						<String ID="P4_ST00214" HPOS="1313" VPOS="2377" WIDTH="47" HEIGHT="32" CONTENT="es" WC="1.00" CC="00"/>
						<SP ID="P4_SP00187" HPOS="1360" VPOS="2427" WIDTH="41"/>
						<String ID="P4_ST00215" HPOS="1401" VPOS="2361" WIDTH="289" HEIGHT="66" CONTENT="unmöglich," WC="0.98" CC="5560960264"/>
					</TextLine>
					<TextLine ID="P4_TL00029" HPOS="117" VPOS="2438" WIDTH="1572" HEIGHT="69">
						<String ID="P4_ST00216" HPOS="117" VPOS="2439" WIDTH="108" HEIGHT="51" CONTENT="dem" WC="0.94" CC="843"/>
						<SP ID="P4_SP00188" HPOS="225" VPOS="2490" WIDTH="27"/>
						<String ID="P4_ST00217" HPOS="252" VPOS="2439" WIDTH="312" HEIGHT="50" CONTENT="stürmischen" WC="0.99" CC="07936010656"/>
						<SP ID="P4_SP00189" HPOS="564" VPOS="2490" WIDTH="28"/>
						<String ID="P4_ST00218" HPOS="592" VPOS="2439" WIDTH="283" HEIGHT="66" CONTENT="Dacaporuf" WC="0.99" CC="000002257"/>
						<SP ID="P4_SP00190" HPOS="875" VPOS="2505" WIDTH="37"/>
						<String ID="P4_ST00219" HPOS="912" VPOS="2438" WIDTH="81" HEIGHT="51" CONTENT="des" WC="0.99" CC="030"/>
						<SP ID="P4_SP00191" HPOS="993" VPOS="2505" WIDTH="30"/>
						<String ID="P4_ST00220" HPOS="1023" VPOS="2439" WIDTH="294" HEIGHT="68" CONTENT="Hagelchors" WC="0.99" CC="8090047230"/>
						<SP ID="P4_SP00192" HPOS="1317" VPOS="2507" WIDTH="39"/>
						<String ID="P4_ST00221" HPOS="1356" VPOS="2458" WIDTH="55" HEIGHT="31" CONTENT="zu" WC="0.41" CC="56"/>
						<SP ID="P4_SP00193" HPOS="1411" VPOS="2507" WIDTH="38"/>
						<String ID="P4_ST00222" HPOS="1449" VPOS="2439" WIDTH="214" HEIGHT="50" CONTENT="widerste" SUBS_TYPE="HypPart1" SUBS_CONTENT="widerstehen;" WC="0.99" CC="00925000"/>
						<HYP HPOS="1663" VPOS="2439" WIDTH="26" CONTENT="-"/>
					</TextLine>
					<TextLine ID="P4_TL00030" HPOS="115" VPOS="2517" WIDTH="1574" HEIGHT="68">
						<String ID="P4_ST00223" HPOS="115" VPOS="2518" WIDTH="120" HEIGHT="57" CONTENT="hen;" SUBS_TYPE="HypPart2" SUBS_CONTENT="widerstehen;" WC="0.98" CC="6001"/>
						<SP ID="P4_SP00194" HPOS="235" VPOS="2575" WIDTH="44"/>
						<String ID="P4_ST00224" HPOS="279" VPOS="2535" WIDTH="112" HEIGHT="33" CONTENT="man" WC="0.92" CC="795"/>
						<SP ID="P4_SP00195" HPOS="391" VPOS="2575" WIDTH="29"/>
						<String ID="P4_ST00225" HPOS="420" VPOS="2518" WIDTH="235" HEIGHT="50" CONTENT="erinnerte" WC="0.99" CC="000070364"/>
						<SP ID="P4_SP00196" HPOS="655" VPOS="2575" WIDTH="28"/>
						<String ID="P4_ST00226" HPOS="683" VPOS="2517" WIDTH="97" HEIGHT="51" CONTENT="sieh" WC="0.96" CC="4075"/>
						<SP ID="P4_SP00197" HPOS="780" VPOS="2575" WIDTH="30"/>
						<String ID="P4_ST00227" HPOS="810" VPOS="2517" WIDTH="141" HEIGHT="59" CONTENT="nicht," WC="0.98" CC="410694"/>
						<SP ID="P4_SP00198" HPOS="951" VPOS="2576" WIDTH="43"/>
						<String ID="P4_ST00228" HPOS="994" VPOS="2519" WIDTH="136" HEIGHT="49" CONTENT="einen" WC="0.98" CC="20507"/>
						<SP ID="P4_SP00199" HPOS="1130" VPOS="2576" WIDTH="41"/>
						<String ID="P4_ST00229" HPOS="1171" VPOS="2536" WIDTH="50" HEIGHT="32" CONTENT="so" WC="1.00" CC="00"/>
						<SP ID="P4_SP00200" HPOS="1221" VPOS="2576" WIDTH="45"/>
						<String ID="P4_ST00230" HPOS="1266" VPOS="2518" WIDTH="231" HEIGHT="67" CONTENT="gedrängt" WC="0.98" CC="90900490"/>
						<SP ID="P4_SP00201" HPOS="1497" VPOS="2585" WIDTH="43"/>
						<String ID="P4_ST00231" HPOS="1540" VPOS="2519" WIDTH="149" HEIGHT="50" CONTENT="vollen" WC="0.98" CC="040257"/>
					</TextLine>
					<TextLine ID="P4_TL00031" HPOS="115" VPOS="2597" WIDTH="1052" HEIGHT="68">
						<String ID="P4_ST00232" HPOS="115" VPOS="2598" WIDTH="108" HEIGHT="51" CONTENT="Saal" WC="0.96" CC="5606"/>
						<SP ID="P4_SP00202" HPOS="223" VPOS="2649" WIDTH="29"/>
						<String ID="P4_ST00233" HPOS="252" VPOS="2597" WIDTH="47" HEIGHT="49" CONTENT="in" WC="0.41" CC="46"/>
						<SP ID="P4_SP00203" HPOS="299" VPOS="2649" WIDTH="27"/>
						<String ID="P4_ST00234" HPOS="326" VPOS="2598" WIDTH="180" HEIGHT="48" CONTENT="Exeter" WC="0.64" CC="094204"/>
						<SP ID="P4_SP00204" HPOS="506" VPOS="2649" WIDTH="28"/>
						<String ID="P4_ST00235" HPOS="534" VPOS="2598" WIDTH="111" HEIGHT="50" CONTENT="Hall" WC="0.98" CC="6040"/>
						<SP ID="P4_SP00205" HPOS="645" VPOS="2649" WIDTH="30"/>
						<String ID="P4_ST00236" HPOS="675" VPOS="2598" WIDTH="207" HEIGHT="67" CONTENT="gesehen" WC="0.98" CC="9300754"/>
						<SP ID="P4_SP00206" HPOS="882" VPOS="2665" WIDTH="27"/>
						<String ID="P4_ST00237" HPOS="909" VPOS="2616" WIDTH="58" HEIGHT="32" CONTENT="zu" WC="0.38" CC="57"/>
						<SP ID="P4_SP00207" HPOS="967" VPOS="2665" WIDTH="28"/>
						<String ID="P4_ST00238" HPOS="995" VPOS="2598" WIDTH="172" HEIGHT="51" CONTENT="haben." WC="0.98" CC="505064"/>
					</TextLine>
					<TextLine ID="P4_TL00032" HPOS="232" VPOS="2676" WIDTH="1454" HEIGHT="52">
						<String ID="P4_ST00239" HPOS="232" VPOS="2677" WIDTH="99" HEIGHT="49" CONTENT="Das" WC="0.96" CC="640"/>
						<SP ID="P4_SP00208" HPOS="331" VPOS="2726" WIDTH="28"/>
						<String ID="P4_ST00240" HPOS="359" VPOS="2676" WIDTH="189" HEIGHT="49" CONTENT="nächste" WC="0.99" CC="6007070"/>
						<SP ID="P4_SP00209" HPOS="548" VPOS="2726" WIDTH="33"/>
						<String ID="P4_ST00241" HPOS="581" VPOS="2677" WIDTH="202" HEIGHT="51" CONTENT="Concert" WC="0.61" CC="6065052"/>
						<SP ID="P4_SP00210" HPOS="783" VPOS="2728" WIDTH="31"/>
						<String ID="P4_ST00242" HPOS="814" VPOS="2677" WIDTH="194" HEIGHT="51" CONTENT="brachte" WC="0.98" CC="7590344"/>
						<SP ID="P4_SP00211" HPOS="1008" VPOS="2728" WIDTH="32"/>
						<String ID="P4_ST00243" HPOS="1040" VPOS="2677" WIDTH="178" HEIGHT="49" CONTENT="wieder" WC="1.00" CC="000000"/>
						<SP ID="P4_SP00212" HPOS="1218" VPOS="2728" WIDTH="34"/>
						<String ID="P4_ST00244" HPOS="1252" VPOS="2677" WIDTH="103" HEIGHT="49" CONTENT="eine" WC="0.97" CC="0075"/>
						<SP ID="P4_SP00213" HPOS="1355" VPOS="2728" WIDTH="40"/>
						<String ID="P4_ST00245" HPOS="1395" VPOS="2677" WIDTH="291" HEIGHT="51" CONTENT="sonderbare" WC="0.99" CC="4550500265"/>
					</TextLine>
					<TextLine ID="P4_TL00033" HPOS="110" VPOS="2756" WIDTH="1576" HEIGHT="67">
						<String ID="P4_ST00246" HPOS="110" VPOS="2757" WIDTH="517" HEIGHT="66" CONTENT="Zusammenstellung:" WC="0.99" CC="60030017550063605"/>
						<SP ID="P4_SP00214" HPOS="627" VPOS="2823" WIDTH="50"/>
						<String ID="P4_ST00247" HPOS="677" VPOS="2756" WIDTH="372" HEIGHT="50" CONTENT="Mendelssohn's" WC="0.64" CC="6140147030626"/>
						<SP ID="P4_SP00215" HPOS="1049" VPOS="2823" WIDTH="42"/>
						<String ID="P4_ST00248" HPOS="1091" VPOS="2757" WIDTH="191" HEIGHT="51" CONTENT="Athalia" WC="0.70" CC="0760007"/>
						<SP ID="P4_SP00216" HPOS="1282" VPOS="2823" WIDTH="42"/>
						<String ID="P4_ST00249" HPOS="1324" VPOS="2756" WIDTH="98" HEIGHT="50" CONTENT="und" WC="0.95" CC="553"/>
						<SP ID="P4_SP00217" HPOS="1422" VPOS="2823" WIDTH="42"/>
						<String ID="P4_ST00250" HPOS="1464" VPOS="2757" WIDTH="222" HEIGHT="49" CONTENT="Rossini's" WC="0.68" CC="064303044"/>
					</TextLine>
					<TextLine ID="P4_TL00034" HPOS="131" VPOS="2834" WIDTH="1557" HEIGHT="69">
						<String ID="P4_ST00251" HPOS="131" VPOS="2834" WIDTH="175" HEIGHT="51" CONTENT="Stabat" WC="0.40" CC="965860" STYLEREFS="TXT_1"/>
						<SP ID="P4_SP00218" HPOS="306" VPOS="2885" WIDTH="223"/>
						<String ID="P4_ST00252" HPOS="529" VPOS="2837" WIDTH="74" HEIGHT="48" CONTENT="maier!" WC="0.98" CC="356530" STYLEREFS="TXT_1"/>
						<SP ID="P4_SP00219" HPOS="603" VPOS="2885" WIDTH="1"/>
						<String ID="P4_ST00253" HPOS="604" VPOS="2836" WIDTH="68" HEIGHT="49" CONTENT="Die" WC="0.97" CC="520"/>
						<SP ID="P4_SP00220" HPOS="672" VPOS="2885" WIDTH="1"/>
						<String ID="P4_ST00254" HPOS="673" VPOS="2836" WIDTH="307" HEIGHT="67" CONTENT="Ausführung" WC="0.99" CC="0000056060"/>
						<SP ID="P4_SP00221" HPOS="980" VPOS="2903" WIDTH="42"/>
						<String ID="P4_ST00255" HPOS="1022" VPOS="2853" WIDTH="104" HEIGHT="33" CONTENT="war" WC="0.97" CC="043"/>
						<SP ID="P4_SP00222" HPOS="1126" VPOS="2903" WIDTH="28"/>
						<String ID="P4_ST00256" HPOS="1154" VPOS="2836" WIDTH="121" HEIGHT="50" CONTENT="eben" WC="0.95" CC="1667"/>
						<SP ID="P4_SP00223" HPOS="1275" VPOS="2903" WIDTH="32"/>
						<String ID="P4_ST00257" HPOS="1307" VPOS="2837" WIDTH="125" HEIGHT="49" CONTENT="nicht" WC="0.97" CC="80074"/>
						<SP ID="P4_SP00224" HPOS="1432" VPOS="2903" WIDTH="27"/>
						<String ID="P4_ST00258" HPOS="1459" VPOS="2836" WIDTH="201" HEIGHT="50" CONTENT="vollkom" SUBS_TYPE="HypPart1" SUBS_CONTENT="vollkommen," WC="0.99" CC="7056000"/>
						<HYP HPOS="1660" VPOS="2836" WIDTH="28" CONTENT="-"/>
					</TextLine>
					<TextLine ID="P4_TL00035" HPOS="115" VPOS="2912" WIDTH="1573" HEIGHT="68">
						<String ID="P4_ST00259" HPOS="115" VPOS="2931" WIDTH="126" HEIGHT="43" CONTENT="men," SUBS_TYPE="HypPart2" SUBS_CONTENT="vollkommen," WC="0.96" CC="4353"/>
						<SP ID="P4_SP00225" HPOS="241" VPOS="2974" WIDTH="46"/>
						<String ID="P4_ST00260" HPOS="287" VPOS="2913" WIDTH="137" HEIGHT="50" CONTENT="allein" WC="0.99" CC="052016"/>
						<SP ID="P4_SP00226" HPOS="424" VPOS="2974" WIDTH="42"/>
						<String ID="P4_ST00261" HPOS="466" VPOS="2912" WIDTH="84" HEIGHT="51" CONTENT="der" WC="0.98" CC="006"/>
						<SP ID="P4_SP00227" HPOS="550" VPOS="2974" WIDTH="39"/>
						<String ID="P4_ST00262" HPOS="589" VPOS="2914" WIDTH="240" HEIGHT="50" CONTENT="treffliche" WC="0.99" CC="5316750071"/>
						<SP ID="P4_SP00228" HPOS="829" VPOS="2974" WIDTH="32"/>
						<String ID="P4_ST00263" HPOS="861" VPOS="2916" WIDTH="189" HEIGHT="64" CONTENT="Gesang" WC="0.98" CC="434037"/>
						<SP ID="P4_SP00229" HPOS="1050" VPOS="2980" WIDTH="28"/>
						<String ID="P4_ST00264" HPOS="1078" VPOS="2932" WIDTH="88" HEIGHT="33" CONTENT="von" WC="0.97" CC="006"/>
						<SP ID="P4_SP00230" HPOS="1166" VPOS="2980" WIDTH="33"/>
						<String ID="P4_ST00265" HPOS="1199" VPOS="2916" WIDTH="139" HEIGHT="49" CONTENT="Clara" WC="0.96" CC="64239"/>
						<SP ID="P4_SP00231" HPOS="1338" VPOS="2980" WIDTH="28"/>
						<String ID="P4_ST00266" HPOS="1366" VPOS="2916" WIDTH="195" HEIGHT="49" CONTENT="Novello" WC="0.61" CC="6403415"/>
						<SP ID="P4_SP00232" HPOS="1561" VPOS="2980" WIDTH="30"/>
						<String ID="P4_ST00267" HPOS="1591" VPOS="2914" WIDTH="97" HEIGHT="51" CONTENT="und" WC="0.98" CC="130"/>
					</TextLine>
					<TextLine ID="P4_TL00036" HPOS="114" VPOS="2993" WIDTH="1570" HEIGHT="67">
						<String ID="P4_ST00268" HPOS="114" VPOS="2994" WIDTH="119" HEIGHT="49" CONTENT="Sims" WC="0.97" CC="7005"/>
						<SP ID="P4_SP00233" HPOS="233" VPOS="3043" WIDTH="31"/>
						<String ID="P4_ST00269" HPOS="264" VPOS="2994" WIDTH="176" HEIGHT="49" CONTENT="Reeves" WC="0.49" CC="990900"/>
						<SP ID="P4_SP00234" HPOS="440" VPOS="3043" WIDTH="30"/>
						<String ID="P4_ST00270" HPOS="470" VPOS="2993" WIDTH="334" HEIGHT="67" CONTENT="entschädigte." WC="1.00" CC="3070010000544"/>
						<SP ID="P4_SP00235" HPOS="804" VPOS="3060" WIDTH="50"/>
						<String ID="P4_ST00271" HPOS="854" VPOS="2996" WIDTH="141" HEIGHT="48" CONTENT="Dann" WC="0.97" CC="0074"/>
						<SP ID="P4_SP00236" HPOS="995" VPOS="3060" WIDTH="30"/>
						<String ID="P4_ST00272" HPOS="1025" VPOS="2994" WIDTH="110" HEIGHT="50" CONTENT="kam" WC="1.00" CC="000"/>
						<SP ID="P4_SP00237" HPOS="1135" VPOS="3060" WIDTH="31"/>
						<String ID="P4_ST00273" HPOS="1166" VPOS="2994" WIDTH="90" HEIGHT="60" CONTENT="Eli," WC="0.97" CC="4150"/>
						<SP ID="P4_SP00238" HPOS="1256" VPOS="3060" WIDTH="38"/>
						<String ID="P4_ST00274" HPOS="1294" VPOS="2994" WIDTH="82" HEIGHT="50" CONTENT="das" WC="0.96" CC="090"/>
						<SP ID="P4_SP00239" HPOS="1376" VPOS="3060" WIDTH="31"/>
						<String ID="P4_ST00275" HPOS="1407" VPOS="2994" WIDTH="277" HEIGHT="51" CONTENT="Oratorium" WC="0.98" CC="739740730"/>
					</TextLine>
					<TextLine ID="P4_TL00037" HPOS="110" VPOS="3071" WIDTH="1574" HEIGHT="69">
						<String ID="P4_ST00276" HPOS="110" VPOS="3088" WIDTH="89" HEIGHT="33" CONTENT="von" WC="0.94" CC="574"/>
						<SP ID="P4_SP00240" HPOS="199" VPOS="3121" WIDTH="33"/>
						<String ID="P4_ST00277" HPOS="232" VPOS="3072" WIDTH="156" HEIGHT="58" CONTENT="Costa," WC="0.99" CC="300002"/>
						<SP ID="P4_SP00241" HPOS="388" VPOS="3130" WIDTH="41"/>
						<String ID="P4_ST00278" HPOS="429" VPOS="3071" WIDTH="85" HEIGHT="50" CONTENT="der" WC="0.98" CC="004"/>
						<SP ID="P4_SP00242" HPOS="514" VPOS="3130" WIDTH="28"/>
						<String ID="P4_ST00279" HPOS="542" VPOS="3071" WIDTH="302" HEIGHT="52" CONTENT="bekanntlich" WC="0.99" CC="70006055007"/>
						<SP ID="P4_SP00243" HPOS="844" VPOS="3130" WIDTH="32"/>
						<String ID="P4_ST00280" HPOS="876" VPOS="3072" WIDTH="125" HEIGHT="51" CONTENT="diese" WC="0.98" CC="77300"/>
						<SP ID="P4_SP00244" HPOS="1001" VPOS="3130" WIDTH="31"/>
						<String ID="P4_ST00281" HPOS="1032" VPOS="3073" WIDTH="230" HEIGHT="50" CONTENT="Concerte" WC="0.73" CC="52611030"/>
						<SP ID="P4_SP00245" HPOS="1262" VPOS="3130" WIDTH="29"/>
						<String ID="P4_ST00282" HPOS="1291" VPOS="3073" WIDTH="198" HEIGHT="67" CONTENT="dirigirt," WC="0.69" CC="006700372"/>
						<SP ID="P4_SP00246" HPOS="1489" VPOS="3140" WIDTH="32"/>
						<String ID="P4_ST00283" HPOS="1521" VPOS="3091" WIDTH="59" HEIGHT="33" CONTENT="an" WC="0.50" CC="90"/>
						<SP ID="P4_SP00247" HPOS="1580" VPOS="3140" WIDTH="30"/>
						<String ID="P4_ST00284" HPOS="1610" VPOS="3073" WIDTH="74" HEIGHT="51" CONTENT="die" WC="0.95" CC="805"/>
					</TextLine>
					<TextLine ID="P4_TL00038" HPOS="112" VPOS="3151" WIDTH="1571" HEIGHT="69">
						<String ID="P4_ST00285" HPOS="112" VPOS="3151" WIDTH="165" HEIGHT="50" CONTENT="Reihe." WC="0.97" CC="960721"/>
						<SP ID="P4_SP00248" HPOS="277" VPOS="3201" WIDTH="30"/>
						<String ID="P4_ST00286" HPOS="307" VPOS="3152" WIDTH="97" HEIGHT="49" CONTENT="Seit" WC="0.97" CC="4640"/>
						<SP ID="P4_SP00249" HPOS="404" VPOS="3201" WIDTH="26"/>
						<String ID="P4_ST00287" HPOS="430" VPOS="3151" WIDTH="84" HEIGHT="54" CONTENT="der" WC="0.95" CC="056"/>
						<SP ID="P4_SP00250" HPOS="514" VPOS="3205" WIDTH="29"/>
						<String ID="P4_ST00288" HPOS="543" VPOS="3158" WIDTH="154" HEIGHT="45" CONTENT="ersten" WC="0.99" CC="004006"/>
						<SP ID="P4_SP00251" HPOS="697" VPOS="3205" WIDTH="15"/>
						<String ID="P4_ST00289" HPOS="712" VPOS="3152" WIDTH="314" HEIGHT="68" CONTENT="Aufführung" WC="0.99" CC="0076055059"/>
						<SP ID="P4_SP00252" HPOS="1026" VPOS="3220" WIDTH="24"/>
						<String ID="P4_ST00290" HPOS="1050" VPOS="3152" WIDTH="123" HEIGHT="51" CONTENT="beim" WC="0.95" CC="7068"/>
						<SP ID="P4_SP00253" HPOS="1173" VPOS="3220" WIDTH="26"/>
						<String ID="P4_ST00291" HPOS="1199" VPOS="3153" WIDTH="271" HEIGHT="51" CONTENT="Musikfeste" WC="0.99" CC="4742902070"/>
						<SP ID="P4_SP00254" HPOS="1470" VPOS="3220" WIDTH="30"/>
						<String ID="P4_ST00292" HPOS="1500" VPOS="3171" WIDTH="57" HEIGHT="32" CONTENT="zu" WC="0.62" CC="25"/>
						<SP ID="P4_SP00255" HPOS="1557" VPOS="3220" WIDTH="21"/>
						<String ID="P4_ST00293" HPOS="1578" VPOS="3156" WIDTH="79" HEIGHT="48" CONTENT="Bir" SUBS_TYPE="HypPart1" SUBS_CONTENT="Birmingham" WC="0.98" CC="610"/>
						<HYP HPOS="1657" VPOS="3156" WIDTH="26" CONTENT="-"/>
					</TextLine>
					<TextLine ID="P4_TL00039" HPOS="113" VPOS="3229" WIDTH="1568" HEIGHT="68">
						<String ID="P4_ST00294" HPOS="113" VPOS="3229" WIDTH="244" HEIGHT="68" CONTENT="mingham" SUBS_TYPE="HypPart2" SUBS_CONTENT="Birmingham" WC="0.98" CC="0029665"/>
						<SP ID="P4_SP00256" HPOS="357" VPOS="3297" WIDTH="47"/>
						<String ID="P4_ST00295" HPOS="404" VPOS="3229" WIDTH="144" HEIGHT="50" CONTENT="1855" WC="0.51" CC="1565"/>
						<SP ID="P4_SP00257" HPOS="548" VPOS="3297" WIDTH="46"/>
						<String ID="P4_ST00296" HPOS="594" VPOS="3231" WIDTH="56" HEIGHT="48" CONTENT="ist" WC="0.96" CC="064"/>
						<SP ID="P4_SP00258" HPOS="650" VPOS="3297" WIDTH="41"/>
						<String ID="P4_ST00297" HPOS="691" VPOS="3248" WIDTH="48" HEIGHT="32" CONTENT="es" WC="0.96" CC="00"/>
						<SP ID="P4_SP00259" HPOS="739" VPOS="3297" WIDTH="42"/>
						<String ID="P4_ST00298" HPOS="781" VPOS="3232" WIDTH="103" HEIGHT="49" CONTENT="eine" WC="1.00" CC="0010"/>
						<SP ID="P4_SP00260" HPOS="884" VPOS="3297" WIDTH="42"/>
						<String ID="P4_ST00299" HPOS="926" VPOS="3232" WIDTH="223" HEIGHT="51" CONTENT="stehende" WC="0.99" CC="04076500"/>
						<SP ID="P4_SP00261" HPOS="1149" VPOS="3297" WIDTH="28"/>
						<String ID="P4_ST00300" HPOS="1177" VPOS="3233" WIDTH="235" HEIGHT="50" CONTENT="Nummer" WC="0.97" CC="615806"/>
						<SP ID="P4_SP00262" HPOS="1412" VPOS="3297" WIDTH="41"/>
						<String ID="P4_ST00301" HPOS="1453" VPOS="3232" WIDTH="85" HEIGHT="51" CONTENT="auf" WC="0.99" CC="002"/>
						<SP ID="P4_SP00263" HPOS="1538" VPOS="3297" WIDTH="37"/>
						<String ID="P4_ST00302" HPOS="1575" VPOS="3232" WIDTH="106" HEIGHT="51" CONTENT="dem" WC="0.95" CC="029"/>
					</TextLine>
					<TextLine ID="P4_TL00040" HPOS="112" VPOS="3307" WIDTH="1571" HEIGHT="71">
						<String ID="P4_ST00303" HPOS="112" VPOS="3309" WIDTH="287" HEIGHT="66" CONTENT="Programm" WC="0.98" CC="00695090"/>
						<SP ID="P4_SP00264" HPOS="399" VPOS="3375" WIDTH="39"/>
						<String ID="P4_ST00304" HPOS="438" VPOS="3307" WIDTH="82" HEIGHT="51" CONTENT="der" WC="0.94" CC="906"/>
						<SP ID="P4_SP00265" HPOS="520" VPOS="3375" WIDTH="32"/>
						<String ID="P4_ST00305" HPOS="552" VPOS="3307" WIDTH="186" HEIGHT="52" CONTENT="Sacred" WC="0.59" CC="762160" STYLEREFS="TXT_1"/>
						<SP ID="P4_SP00266" HPOS="738" VPOS="3375" WIDTH="22"/>
						<String ID="P4_ST00306" HPOS="760" VPOS="3308" WIDTH="268" HEIGHT="53" CONTENT="Hartnonic" WC="0.58" CC="860844302" STYLEREFS="TXT_1"/>
						<SP ID="P4_SP00267" HPOS="1028" VPOS="3375" WIDTH="27"/>
						<String ID="P4_ST00307" HPOS="1055" VPOS="3309" WIDTH="186" HEIGHT="69" CONTENT="Society" WC="0.99" CC="0000009" STYLEREFS="TXT_1"/>
						<String ID="P4_ST00308" HPOS="1246" VPOS="3351" WIDTH="10" HEIGHT="19" CONTENT="," WC="0.96" CC="0"/>
						<SP ID="P4_SP00268" HPOS="1256" VPOS="3378" WIDTH="43"/>
						<String ID="P4_ST00309" HPOS="1299" VPOS="3330" WIDTH="96" HEIGHT="33" CONTENT="was" WC="1.00" CC="000"/>
						<SP ID="P4_SP00269" HPOS="1395" VPOS="3378" WIDTH="45"/>
						<String ID="P4_ST00310" HPOS="1440" VPOS="3330" WIDTH="108" HEIGHT="31" CONTENT="man" WC="0.98" CC="005"/>
						<SP ID="P4_SP00270" HPOS="1548" VPOS="3378" WIDTH="43"/>
						<String ID="P4_ST00311" HPOS="1591" VPOS="3331" WIDTH="92" HEIGHT="32" CONTENT="nur" WC="0.94" CC="645"/>
					</TextLine>
					<TextLine ID="P4_TL00041" HPOS="114" VPOS="3387" WIDTH="1566" HEIGHT="71">
						<String ID="P4_ST00312" HPOS="114" VPOS="3387" WIDTH="192" HEIGHT="68" CONTENT="billigen" WC="0.98" CC="70340905"/>
						<SP ID="P4_SP00271" HPOS="306" VPOS="3455" WIDTH="44"/>
						<String ID="P4_ST00313" HPOS="350" VPOS="3388" WIDTH="139" HEIGHT="50" CONTENT="kann." WC="0.98" CC="00650"/>
						<SP ID="P4_SP00272" HPOS="489" VPOS="3455" WIDTH="57"/>
						<String ID="P4_ST00314" HPOS="546" VPOS="3388" WIDTH="90" HEIGHT="48" CONTENT="Die" WC="0.98" CC="500"/>
						<SP ID="P4_SP00273" HPOS="636" VPOS="3455" WIDTH="39"/>
						<String ID="P4_ST00315" HPOS="675" VPOS="3387" WIDTH="329" HEIGHT="52" CONTENT="Dankbarkeit" WC="0.99" CC="69205090606"/>
						<SP ID="P4_SP00274" HPOS="1004" VPOS="3455" WIDTH="47"/>
						<String ID="P4_ST00316" HPOS="1051" VPOS="3389" WIDTH="83" HEIGHT="51" CONTENT="der" WC="0.98" CC="015"/>
						<SP ID="P4_SP00275" HPOS="1134" VPOS="3455" WIDTH="28"/>
						<String ID="P4_ST00317" HPOS="1162" VPOS="3392" WIDTH="270" HEIGHT="66" CONTENT="Engländer" WC="0.99" CC="050605002"/>
						<SP ID="P4_SP00276" HPOS="1432" VPOS="3458" WIDTH="47"/>
						<String ID="P4_ST00318" HPOS="1479" VPOS="3393" WIDTH="80" HEIGHT="48" CONTENT="für" WC="0.96" CC="603"/>
						<SP ID="P4_SP00277" HPOS="1559" VPOS="3458" WIDTH="49"/>
						<String ID="P4_ST00319" HPOS="1608" VPOS="3393" WIDTH="72" HEIGHT="50" CONTENT="die" WC="0.94" CC="942"/>
					</TextLine>
					<TextLine ID="P4_TL00042" HPOS="114" VPOS="3465" WIDTH="1566" HEIGHT="69">
						<String ID="P4_ST00320" HPOS="114" VPOS="3467" WIDTH="231" HEIGHT="67" CONTENT="Schöpfer" WC="0.99" CC="03700046"/>
						<SP ID="P4_SP00278" HPOS="345" VPOS="3534" WIDTH="28"/>
						<String ID="P4_ST00321" HPOS="373" VPOS="3483" WIDTH="88" HEIGHT="32" CONTENT="von" WC="1.00" CC="001"/>
						<SP ID="P4_SP00279" HPOS="461" VPOS="3534" WIDTH="30"/>
						<String ID="P4_ST00322" HPOS="491" VPOS="3465" WIDTH="351" HEIGHT="50" CONTENT="Kunstwerken" WC="0.99" CC="30546006005"/>
						<SP ID="P4_SP00280" HPOS="842" VPOS="3534" WIDTH="40"/>
						<String ID="P4_ST00323" HPOS="882" VPOS="3468" WIDTH="84" HEIGHT="48" CONTENT="auf" WC="0.96" CC="028"/>
						<SP ID="P4_SP00281" HPOS="966" VPOS="3534" WIDTH="36"/>
						<String ID="P4_ST00324" HPOS="1002" VPOS="3467" WIDTH="148" HEIGHT="49" CONTENT="ihrem" WC="0.98" CC="67400"/>
						<SP ID="P4_SP00282" HPOS="1150" VPOS="3534" WIDTH="30"/>
						<String ID="P4_ST00325" HPOS="1180" VPOS="3469" WIDTH="166" HEIGHT="50" CONTENT="Boden" WC="0.98" CC="02036"/>
						<SP ID="P4_SP00283" HPOS="1346" VPOS="3534" WIDTH="38"/>
						<String ID="P4_ST00326" HPOS="1384" VPOS="3471" WIDTH="56" HEIGHT="49" CONTENT="ist" WC="1.00" CC="000"/>
						<SP ID="P4_SP00284" HPOS="1440" VPOS="3534" WIDTH="29"/>
						<String ID="P4_ST00327" HPOS="1469" VPOS="3471" WIDTH="73" HEIGHT="49" CONTENT="ein" WC="0.98" CC="050"/>
						<SP ID="P4_SP00285" HPOS="1542" VPOS="3534" WIDTH="30"/>
						<String ID="P4_ST00328" HPOS="1572" VPOS="3472" WIDTH="108" HEIGHT="49" CONTENT="sehr" WC="0.96" CC="1572"/>
					</TextLine>
					<TextLine ID="P4_TL00043" HPOS="113" VPOS="3544" WIDTH="1566" HEIGHT="68">
						<String ID="P4_ST00329" HPOS="113" VPOS="3545" WIDTH="200" HEIGHT="50" CONTENT="schöner" WC="0.98" CC="7056700"/>
						<SP ID="P4_SP00286" HPOS="313" VPOS="3595" WIDTH="28"/>
						<String ID="P4_ST00330" HPOS="341" VPOS="3547" WIDTH="105" HEIGHT="65" CONTENT="Zug" WC="0.99" CC="030"/>
						<SP ID="P4_SP00287" HPOS="446" VPOS="3612" WIDTH="41"/>
						<String ID="P4_ST00331" HPOS="487" VPOS="3545" WIDTH="46" HEIGHT="49" CONTENT="in" WC="0.97" CC="00"/>
						<SP ID="P4_SP00288" HPOS="533" VPOS="3612" WIDTH="45"/>
						<String ID="P4_ST00332" HPOS="578" VPOS="3544" WIDTH="148" HEIGHT="51" CONTENT="ihrem" WC="0.99" CC="04303"/>
						<SP ID="P4_SP00289" HPOS="726" VPOS="3612" WIDTH="40"/>
						<String ID="P4_ST00333" HPOS="766" VPOS="3547" WIDTH="524" HEIGHT="52" CONTENT="National-Charakter." WC="0.70" CC="6080030606604004404"/>
						<SP ID="P4_SP00290" HPOS="1290" VPOS="3612" WIDTH="58"/>
						<String ID="P4_ST00334" HPOS="1348" VPOS="3549" WIDTH="139" HEIGHT="52" CONTENT="Costa" WC="0.98" CC="40219"/>
						<SP ID="P4_SP00291" HPOS="1487" VPOS="3612" WIDTH="28"/>
						<String ID="P4_ST00335" HPOS="1515" VPOS="3552" WIDTH="164" HEIGHT="49" CONTENT="wurde" WC="0.97" CC="95400"/>
					</TextLine>
					<TextLine ID="P4_TL00044" HPOS="114" VPOS="3623" WIDTH="1565" HEIGHT="74">
						<String ID="P4_ST00336" HPOS="114" VPOS="3624" WIDTH="78" HEIGHT="48" CONTENT="bei" WC="0.96" CC="630"/>
						<SP ID="P4_SP00292" HPOS="192" VPOS="3672" WIDTH="27"/>
						<String ID="P4_ST00337" HPOS="219" VPOS="3626" WIDTH="178" HEIGHT="48" CONTENT="seinem" WC="0.99" CC="022530"/>
						<SP ID="P4_SP00293" HPOS="397" VPOS="3674" WIDTH="22"/>
						<String ID="P4_ST00338" HPOS="419" VPOS="3623" WIDTH="218" HEIGHT="49" CONTENT="Eintritte" WC="0.99" CC="008003060"/>
						<SP ID="P4_SP00294" HPOS="637" VPOS="3674" WIDTH="30"/>
						<String ID="P4_ST00339" HPOS="667" VPOS="3623" WIDTH="96" HEIGHT="51" CONTENT="und" WC="0.98" CC="060"/>
						<SP ID="P4_SP00295" HPOS="763" VPOS="3674" WIDTH="28"/>
						<String ID="P4_ST00340" HPOS="791" VPOS="3642" WIDTH="76" HEIGHT="33" CONTENT="am" WC="1.00" CC="00"/>
						<SP ID="P4_SP00296" HPOS="867" VPOS="3675" WIDTH="31"/>
						<String ID="P4_ST00341" HPOS="898" VPOS="3626" WIDTH="217" HEIGHT="49" CONTENT="Schlüsse" WC="0.99" CC="43703220"/>
						<SP ID="P4_SP00297" HPOS="1115" VPOS="3675" WIDTH="30"/>
						<String ID="P4_ST00342" HPOS="1145" VPOS="3624" WIDTH="83" HEIGHT="51" CONTENT="der" WC="0.97" CC="006"/>
						<SP ID="P4_SP00298" HPOS="1228" VPOS="3675" WIDTH="21"/>
						<String ID="P4_ST00343" HPOS="1249" VPOS="3627" WIDTH="327" HEIGHT="70" CONTENT="Aufführung," WC="0.99" CC="01660640500"/>
						<SP ID="P4_SP00299" HPOS="1576" VPOS="3697" WIDTH="30"/>
						<String ID="P4_ST00344" HPOS="1606" VPOS="3631" WIDTH="73" HEIGHT="49" CONTENT="die" WC="1.00" CC="000"/>
					</TextLine>
					<TextLine ID="P4_TL00045" HPOS="115" VPOS="3702" WIDTH="1565" HEIGHT="68">
						<String ID="P4_ST00345" HPOS="115" VPOS="3702" WIDTH="134" HEIGHT="49" CONTENT="recht" WC="0.99" CC="30040"/>
						<SP ID="P4_SP00300" HPOS="249" VPOS="3751" WIDTH="42"/>
						<String ID="P4_ST00346" HPOS="291" VPOS="3708" WIDTH="85" HEIGHT="60" CONTENT="gut" WC="0.99" CC="020"/>
						<SP ID="P4_SP00301" HPOS="376" VPOS="3768" WIDTH="40"/>
						<String ID="P4_ST00347" HPOS="416" VPOS="3718" WIDTH="116" HEIGHT="42" CONTENT="war," WC="1.00" CC="0000"/>
						<SP ID="P4_SP00302" HPOS="532" VPOS="3768" WIDTH="32"/>
						<String ID="P4_ST00348" HPOS="564" VPOS="3702" WIDTH="82" HEIGHT="49" CONTENT="mit" WC="1.00" CC="000"/>
						<SP ID="P4_SP00303" HPOS="646" VPOS="3768" WIDTH="28"/>
						<String ID="P4_ST00349" HPOS="674" VPOS="3703" WIDTH="324" HEIGHT="66" CONTENT="ungeheurem" WC="0.99" CC="5001604460"/>
						<SP ID="P4_SP00304" HPOS="998" VPOS="3769" WIDTH="29"/>
						<String ID="P4_ST00350" HPOS="1027" VPOS="3704" WIDTH="212" HEIGHT="66" CONTENT="Applaus" WC="0.99" CC="0006080"/>
						<SP ID="P4_SP00305" HPOS="1239" VPOS="3770" WIDTH="31"/>
						<String ID="P4_ST00351" HPOS="1270" VPOS="3704" WIDTH="91" HEIGHT="50" CONTENT="und" WC="0.94" CC="267"/>
						<SP ID="P4_SP00306" HPOS="1361" VPOS="3770" WIDTH="33"/>
						<String ID="P4_ST00352" HPOS="1394" VPOS="3706" WIDTH="83" HEIGHT="49" CONTENT="mit" WC="0.97" CC="610"/>
						<SP ID="P4_SP00307" HPOS="1477" VPOS="3770" WIDTH="28"/>
						<String ID="P4_ST00353" HPOS="1505" VPOS="3708" WIDTH="175" HEIGHT="51" CONTENT="Cheers" WC="0.60" CC="660046"/>
					</TextLine>
					<TextLine ID="P4_TL00046" HPOS="112" VPOS="3779" WIDTH="1567" HEIGHT="69">
						<String ID="P4_ST00354" HPOS="112" VPOS="3782" WIDTH="236" HEIGHT="66" CONTENT="begrüsst." WC="0.62" CC="700586104"/>
						<SP ID="P4_SP00308" HPOS="348" VPOS="3848" WIDTH="57"/>
						<String ID="P4_ST00355" HPOS="405" VPOS="3780" WIDTH="107" HEIGHT="50" CONTENT="Von" WC="0.97" CC="016"/>
						<SP ID="P4_SP00309" HPOS="512" VPOS="3848" WIDTH="43"/>
						<String ID="P4_ST00356" HPOS="555" VPOS="3779" WIDTH="89" HEIGHT="52" CONTENT="den" WC="0.99" CC="001"/>
						<SP ID="P4_SP00310" HPOS="644" VPOS="3848" WIDTH="30"/>
						<String ID="P4_ST00357" HPOS="674" VPOS="3782" WIDTH="197" HEIGHT="49" CONTENT="Solisten" WC="0.99" CC="30002005"/>
						<SP ID="P4_SP00311" HPOS="871" VPOS="3848" WIDTH="42"/>
						<String ID="P4_ST00358" HPOS="913" VPOS="3799" WIDTH="100" HEIGHT="35" CONTENT="war" WC="0.99" CC="003"/>
						<SP ID="P4_SP00312" HPOS="1013" VPOS="3848" WIDTH="31"/>
						<String ID="P4_ST00359" HPOS="1044" VPOS="3783" WIDTH="138" HEIGHT="50" CONTENT="Clara" WC="0.99" CC="03150"/>
						<SP ID="P4_SP00313" HPOS="1182" VPOS="3848" WIDTH="28"/>
						<String ID="P4_ST00360" HPOS="1210" VPOS="3784" WIDTH="194" HEIGHT="50" CONTENT="Novello" WC="0.83" CC="5000230"/>
						<SP ID="P4_SP00314" HPOS="1404" VPOS="3848" WIDTH="31"/>
						<String ID="P4_ST00361" HPOS="1435" VPOS="3784" WIDTH="217" HEIGHT="54" CONTENT="hervorra" SUBS_TYPE="HypPart1" SUBS_CONTENT="hervorragend" WC="0.98" CC="70500558"/>
						<HYP HPOS="1652" VPOS="3784" WIDTH="27" CONTENT="-"/>
					</TextLine>
					<TextLine ID="P4_TL00047" HPOS="113" VPOS="3859" WIDTH="806" HEIGHT="70">
						<String ID="P4_ST00362" HPOS="113" VPOS="3860" WIDTH="124" HEIGHT="69" CONTENT="gend" SUBS_TYPE="HypPart2" SUBS_CONTENT="hervorragend" WC="0.95" CC="9570"/>
						<SP ID="P4_SP00315" HPOS="237" VPOS="3929" WIDTH="19"/>
						<String ID="P4_ST00363" HPOS="256" VPOS="3878" WIDTH="12" HEIGHT="40" CONTENT=";" WC="0.41" CC="5"/>
						<SP ID="P4_SP00316" HPOS="268" VPOS="3929" WIDTH="40"/>
						<String ID="P4_ST00364" HPOS="308" VPOS="3859" WIDTH="66" HEIGHT="50" CONTENT="sie" WC="0.99" CC="030"/>
						<SP ID="P4_SP00317" HPOS="374" VPOS="3929" WIDTH="44"/>
						<String ID="P4_ST00365" HPOS="418" VPOS="3877" WIDTH="115" HEIGHT="48" CONTENT="sang" WC="1.00" CC="1000"/>
						<SP ID="P4_SP00318" HPOS="533" VPOS="3929" WIDTH="31"/>
						<String ID="P4_ST00366" HPOS="564" VPOS="3859" WIDTH="355" HEIGHT="52" CONTENT="wunderschön." WC="1.00" CC="004000007013"/>
						<SP ID="P4_SP00319" HPOS="919" VPOS="3929" WIDTH="0"/>
					</TextLine>
					<TextLine ID="P4_TL00048" HPOS="108" VPOS="3939" WIDTH="1573" HEIGHT="62">
						<String ID="P4_ST00367" HPOS="108" VPOS="3942" WIDTH="160" HEIGHT="51" CONTENT="Misste" WC="0.53" CC="906604"/>
						<SP ID="P4_SP00320" HPOS="268" VPOS="3993" WIDTH="52"/>
						<String ID="P4_ST00368" HPOS="320" VPOS="3957" WIDTH="112" HEIGHT="33" CONTENT="man" WC="0.97" CC="006"/>
						<SP ID="P4_SP00321" HPOS="432" VPOS="3993" WIDTH="50"/>
						<String ID="P4_ST00369" HPOS="482" VPOS="3939" WIDTH="176" HEIGHT="50" CONTENT="freilich" WC="0.99" CC="05000402"/>
						<SP ID="P4_SP00322" HPOS="658" VPOS="3993" WIDTH="49"/>
						<String ID="P4_ST00370" HPOS="707" VPOS="3940" WIDTH="116" HEIGHT="50" CONTENT="Karl" WC="0.99" CC="1002"/>
						<SP ID="P4_SP00323" HPOS="823" VPOS="3993" WIDTH="45"/>
						<String ID="P4_ST00371" HPOS="868" VPOS="3943" WIDTH="213" HEIGHT="58" CONTENT="Formes," WC="0.76" CC="3500070"/>
						<SP ID="P4_SP00324" HPOS="1081" VPOS="4001" WIDTH="50"/>
						<String ID="P4_ST00372" HPOS="1131" VPOS="3942" WIDTH="85" HEIGHT="49" CONTENT="der" WC="1.00" CC="000"/>
						<SP ID="P4_SP00325" HPOS="1216" VPOS="4001" WIDTH="41"/>
						<String ID="P4_ST00373" HPOS="1257" VPOS="3943" WIDTH="121" HEIGHT="50" CONTENT="noch" WC="0.99" CC="4000"/>
						<SP ID="P4_SP00326" HPOS="1378" VPOS="4001" WIDTH="51"/>
						<String ID="P4_ST00374" HPOS="1429" VPOS="3942" WIDTH="166" HEIGHT="52" CONTENT="immer" WC="0.99" CC="05004"/>
						<SP ID="P4_SP00327" HPOS="1595" VPOS="4001" WIDTH="41"/>
						<String ID="P4_ST00375" HPOS="1636" VPOS="3944" WIDTH="45" HEIGHT="51" CONTENT="in" WC="0.81" CC="21"/>
					</TextLine>
					<TextLine ID="P4_TL00049" HPOS="108" VPOS="4018" WIDTH="324" HEIGHT="53">
						<String ID="P4_ST00376" HPOS="108" VPOS="4019" WIDTH="226" HEIGHT="52" CONTENT="America" WC="0.99" CC="7300200"/>
						<SP ID="P4_SP00328" HPOS="334" VPOS="4071" WIDTH="28"/>
						<String ID="P4_ST00377" HPOS="362" VPOS="4018" WIDTH="70" HEIGHT="51" CONTENT="ist." WC="0.98" CC="0601"/>
					</TextLine>
				</TextBlock>
				<TextBlock ID="P4_TB00003" HPOS="175" VPOS="4136" WIDTH="1507" HEIGHT="105" STYLEREFS="TXT_3 PAR_LEFT">
					<TextLine ID="P4_TL00050" HPOS="176" VPOS="4137" WIDTH="1506" HEIGHT="51">
						<String ID="P4_ST00378" HPOS="176" VPOS="4137" WIDTH="41" HEIGHT="50" CONTENT="*)" WC="0.33" CC="48"/>
						<SP ID="P4_SP00329" HPOS="217" VPOS="4187" WIDTH="29"/>
						<String ID="P4_ST00379" HPOS="246" VPOS="4141" WIDTH="81" HEIGHT="34" CONTENT="Das" WC="0.96" CC="090"/>
						<SP ID="P4_SP00330" HPOS="327" VPOS="4187" WIDTH="30"/>
						<String ID="P4_ST00380" HPOS="357" VPOS="4141" WIDTH="53" HEIGHT="34" CONTENT="ist" WC="0.98" CC="500"/>
						<SP ID="P4_SP00331" HPOS="410" VPOS="4187" WIDTH="29"/>
						<String ID="P4_ST00381" HPOS="439" VPOS="4139" WIDTH="101" HEIGHT="38" CONTENT="doch" WC="0.94" CC="7776"/>
						<SP ID="P4_SP00332" HPOS="540" VPOS="4187" WIDTH="30"/>
						<String ID="P4_ST00382" HPOS="570" VPOS="4138" WIDTH="110" HEIGHT="37" CONTENT="nicht" WC="0.96" CC="66770"/>
						<SP ID="P4_SP00333" HPOS="680" VPOS="4187" WIDTH="27"/>
						<String ID="P4_ST00383" HPOS="707" VPOS="4150" WIDTH="100" HEIGHT="36" CONTENT="ganz" WC="0.95" CC="7096"/>
						<SP ID="P4_SP00334" HPOS="807" VPOS="4187" WIDTH="31"/>
						<String ID="P4_ST00384" HPOS="838" VPOS="4139" WIDTH="120" HEIGHT="49" CONTENT="wahr," WC="0.97" CC="76703"/>
						<SP ID="P4_SP00335" HPOS="958" VPOS="4188" WIDTH="39"/>
						<String ID="P4_ST00385" HPOS="997" VPOS="4142" WIDTH="71" HEIGHT="35" CONTENT="wie" WC="0.93" CC="766"/>
						<SP ID="P4_SP00336" HPOS="1068" VPOS="4188" WIDTH="29"/>
						<String ID="P4_ST00386" HPOS="1097" VPOS="4142" WIDTH="71" HEIGHT="35" CONTENT="wir" WC="0.90" CC="996"/>
						<SP ID="P4_SP00337" HPOS="1168" VPOS="4188" WIDTH="26"/>
						<String ID="P4_ST00387" HPOS="1194" VPOS="4140" WIDTH="214" HEIGHT="36" CONTENT="nächstens" WC="0.99" CC="054000607"/>
						<SP ID="P4_SP00338" HPOS="1408" VPOS="4188" WIDTH="29"/>
						<String ID="P4_ST00388" HPOS="1437" VPOS="4140" WIDTH="245" HEIGHT="44" CONTENT="nachweisen" WC="0.99" CC="0747900470"/>
					</TextLine>
					<TextLine ID="P4_TL00051" HPOS="240" VPOS="4201" WIDTH="1362" HEIGHT="40">
						<String ID="P4_ST00389" HPOS="240" VPOS="4201" WIDTH="165" HEIGHT="39" CONTENT="werden." WC="0.97" CC="8467077"/>
						<SP ID="P4_SP00339" HPOS="405" VPOS="4240" WIDTH="770"/>
						<String ID="P4_ST00390" HPOS="1175" VPOS="4203" WIDTH="88" HEIGHT="36" CONTENT="Die" WC="0.94" CC="538"/>
						<SP ID="P4_SP00340" HPOS="1263" VPOS="4240" WIDTH="44"/>
						<String ID="P4_ST00391" HPOS="1307" VPOS="4202" WIDTH="295" HEIGHT="39" CONTENT="Redaction." WC="0.60" CC="8300436607"/>
					</TextLine>
				</TextBlock>
				<TextBlock ID="P4_TB00004" HPOS="1760" VPOS="269" WIDTH="1620" HEIGHT="3114" STYLEREFS="TXT_0 PAR_BLOCK">
					<TextLine ID="P4_TL00052" HPOS="1895" VPOS="298" WIDTH="1456" HEIGHT="67">
						<String ID="P4_ST00392" HPOS="1895" VPOS="298" WIDTH="102" HEIGHT="51" CONTENT="Der" WC="0.93" CC="763"/>
						<SP ID="P4_SP00341" HPOS="1997" VPOS="349" WIDTH="31"/>
						<String ID="P4_ST00393" HPOS="2028" VPOS="298" WIDTH="193" HEIGHT="67" CONTENT="rührige" WC="0.99" CC="8073000"/>
						<SP ID="P4_SP00342" HPOS="2221" VPOS="365" WIDTH="30"/>
						<String ID="P4_ST00394" HPOS="2251" VPOS="301" WIDTH="89" HEIGHT="49" CONTENT="Mr." WC="0.96" CC="730"/>
						<SP ID="P4_SP00343" HPOS="2340" VPOS="365" WIDTH="31"/>
						<String ID="P4_ST00395" HPOS="2371" VPOS="302" WIDTH="154" HEIGHT="49" CONTENT="John" WC="0.96" CC="0576"/>
						<SP ID="P4_SP00344" HPOS="2525" VPOS="365" WIDTH="39"/>
						<String ID="P4_ST00396" HPOS="2564" VPOS="302" WIDTH="88" HEIGHT="49" CONTENT="llu" WC="0.96" CC="262"/>
						<SP ID="P4_SP00345" HPOS="2652" VPOS="365" WIDTH="13"/>
						<String ID="P4_ST00397" HPOS="2665" VPOS="302" WIDTH="40" HEIGHT="49" CONTENT="11" WC="0.33" CC="75"/>
						<SP ID="P4_SP00346" HPOS="2705" VPOS="365" WIDTH="11"/>
						<String ID="P4_ST00398" HPOS="2716" VPOS="301" WIDTH="66" HEIGHT="50" CONTENT="ah" WC="0.64" CC="07"/>
						<SP ID="P4_SP00347" HPOS="2782" VPOS="365" WIDTH="46"/>
						<String ID="P4_ST00399" HPOS="2828" VPOS="302" WIDTH="46" HEIGHT="49" CONTENT="in" WC="0.59" CC="08"/>
						<SP ID="P4_SP00348" HPOS="2874" VPOS="365" WIDTH="29"/>
						<String ID="P4_ST00400" HPOS="2903" VPOS="302" WIDTH="65" HEIGHT="51" CONTENT="St." WC="0.99" CC="003"/>
						<SP ID="P4_SP00349" HPOS="2968" VPOS="365" WIDTH="30"/>
						<String ID="P4_ST00401" HPOS="2998" VPOS="302" WIDTH="212" HEIGHT="51" CONTENT="Marlin's" WC="0.79" CC="00610132"/>
						<SP ID="P4_SP00350" HPOS="3210" VPOS="365" WIDTH="32"/>
						<String ID="P4_ST00402" HPOS="3242" VPOS="301" WIDTH="109" HEIGHT="54" CONTENT="Hall" WC="0.95" CC="8048"/>
					</TextLine>
					<TextLine ID="P4_TL00053" HPOS="1773" VPOS="374" WIDTH="1577" HEIGHT="74">
						<String ID="P4_ST00403" HPOS="1773" VPOS="374" WIDTH="81" HEIGHT="51" CONTENT="hat" WC="0.94" CC="763"/>
						<SP ID="P4_SP00351" HPOS="1854" VPOS="425" WIDTH="30"/>
						<String ID="P4_ST00404" HPOS="1884" VPOS="377" WIDTH="83" HEIGHT="49" CONTENT="mit" WC="0.95" CC="903"/>
						<SP ID="P4_SP00352" HPOS="1967" VPOS="426" WIDTH="30"/>
						<String ID="P4_ST00405" HPOS="1997" VPOS="377" WIDTH="174" HEIGHT="49" CONTENT="seinem" WC="0.98" CC="580050"/>
						<SP ID="P4_SP00353" HPOS="2171" VPOS="426" WIDTH="27"/>
						<String ID="P4_ST00406" HPOS="2198" VPOS="379" WIDTH="327" HEIGHT="66" CONTENT="Sing-Institut" WC="0.68" CC="6100034403546"/>
						<SP ID="P4_SP00354" HPOS="2525" VPOS="445" WIDTH="29"/>
						<String ID="P4_ST00407" HPOS="2554" VPOS="381" WIDTH="92" HEIGHT="50" CONTENT="und" WC="0.94" CC="770"/>
						<SP ID="P4_SP00355" HPOS="2646" VPOS="445" WIDTH="25"/>
						<String ID="P4_ST00408" HPOS="2671" VPOS="381" WIDTH="105" HEIGHT="50" CONTENT="dem" WC="0.94" CC="079"/>
						<SP ID="P4_SP00356" HPOS="2776" VPOS="445" WIDTH="24"/>
						<String ID="P4_ST00409" HPOS="2800" VPOS="383" WIDTH="351" HEIGHT="65" CONTENT="grösstentheils" WC="0.70" CC="00960025320045"/>
						<SP ID="P4_SP00357" HPOS="3151" VPOS="448" WIDTH="28"/>
						<String ID="P4_ST00410" HPOS="3179" VPOS="383" WIDTH="171" HEIGHT="52" CONTENT="daraus" WC="0.98" CC="082037"/>
					</TextLine>
					<TextLine ID="P4_TL00054" HPOS="1773" VPOS="453" WIDTH="1576" HEIGHT="75">
						<String ID="P4_ST00411" HPOS="1773" VPOS="453" WIDTH="485" HEIGHT="69" CONTENT="hervorgegangenen" WC="1.00" CC="4220320000000703"/>
						<SP ID="P4_SP00358" HPOS="2258" VPOS="522" WIDTH="19"/>
						<String ID="P4_ST00412" HPOS="2277" VPOS="459" WIDTH="128" HEIGHT="50" CONTENT="Chor" WC="0.95" CC="6754"/>
						<SP ID="P4_SP00359" HPOS="2405" VPOS="522" WIDTH="28"/>
						<String ID="P4_ST00413" HPOS="2433" VPOS="461" WIDTH="119" HEIGHT="49" CONTENT="auch" WC="0.98" CC="0602"/>
						<SP ID="P4_SP00360" HPOS="2552" VPOS="522" WIDTH="31"/>
						<String ID="P4_ST00414" HPOS="2583" VPOS="461" WIDTH="126" HEIGHT="49" CONTENT="nicht" WC="0.99" CC="06000"/>
						<SP ID="P4_SP00361" HPOS="2709" VPOS="522" WIDTH="21"/>
						<String ID="P4_ST00415" HPOS="2730" VPOS="461" WIDTH="209" HEIGHT="67" CONTENT="gefeiert." WC="0.99" CC="904050260"/>
						<SP ID="P4_SP00362" HPOS="2939" VPOS="528" WIDTH="30"/>
						<String ID="P4_ST00416" HPOS="2969" VPOS="462" WIDTH="253" HEIGHT="51" CONTENT="Während" WC="1.00" CC="0000050"/>
						<SP ID="P4_SP00363" HPOS="3222" VPOS="528" WIDTH="30"/>
						<String ID="P4_ST00417" HPOS="3252" VPOS="463" WIDTH="97" HEIGHT="51" CONTENT="und" WC="0.94" CC="636"/>
					</TextLine>
					<TextLine ID="P4_TL00055" HPOS="1770" VPOS="533" WIDTH="1576" HEIGHT="75">
						<String ID="P4_ST00418" HPOS="1770" VPOS="534" WIDTH="121" HEIGHT="49" CONTENT="nach" WC="0.98" CC="7000"/>
						<SP ID="P4_SP00364" HPOS="1891" VPOS="583" WIDTH="46"/>
						<String ID="P4_ST00419" HPOS="1937" VPOS="533" WIDTH="157" HEIGHT="50" CONTENT="seinen" WC="0.99" CC="700200"/>
						<SP ID="P4_SP00365" HPOS="2094" VPOS="583" WIDTH="34"/>
						<String ID="P4_ST00420" HPOS="2128" VPOS="536" WIDTH="502" HEIGHT="63" CONTENT="Winter-Concerten," WC="0.66" CC="90803125140637040"/>
						<SP ID="P4_SP00366" HPOS="2630" VPOS="599" WIDTH="44"/>
						<String ID="P4_ST00421" HPOS="2674" VPOS="539" WIDTH="73" HEIGHT="51" CONTENT="die" WC="0.98" CC="005"/>
						<SP ID="P4_SP00367" HPOS="2747" VPOS="599" WIDTH="39"/>
						<String ID="P4_ST00422" HPOS="2786" VPOS="541" WIDTH="351" HEIGHT="67" CONTENT="hauptsächlich" WC="0.99" CC="6004230303066"/>
						<SP ID="P4_SP00368" HPOS="3137" VPOS="608" WIDTH="33"/>
						<String ID="P4_ST00423" HPOS="3170" VPOS="543" WIDTH="151" HEIGHT="50" CONTENT="Instru" SUBS_TYPE="HypPart1" SUBS_CONTENT="Instrumentalwerke" WC="0.71" CC="372001"/>
						<HYP HPOS="3321" VPOS="543" WIDTH="25" CONTENT="-"/>
					</TextLine>
					<TextLine ID="P4_TL00056" HPOS="1773" VPOS="613" WIDTH="1577" HEIGHT="76">
						<String ID="P4_ST00424" HPOS="1773" VPOS="613" WIDTH="339" HEIGHT="51" CONTENT="mentalwerke" SUBS_TYPE="HypPart2" SUBS_CONTENT="Instrumentalwerke" WC="0.55" CC="42870690630"/>
						<SP ID="P4_SP00369" HPOS="2112" VPOS="664" WIDTH="28"/>
						<String ID="P4_ST00425" HPOS="2140" VPOS="632" WIDTH="56" HEIGHT="31" CONTENT="zu" WC="0.41" CC="65"/>
						<SP ID="P4_SP00370" HPOS="2196" VPOS="664" WIDTH="33"/>
						<String ID="P4_ST00426" HPOS="2229" VPOS="616" WIDTH="161" HEIGHT="50" CONTENT="Gehör" WC="0.98" CC="60604"/>
						<SP ID="P4_SP00371" HPOS="2390" VPOS="666" WIDTH="29"/>
						<String ID="P4_ST00427" HPOS="2419" VPOS="618" WIDTH="246" HEIGHT="61" CONTENT="brachten," WC="0.98" CC="755640473"/>
						<SP ID="P4_SP00372" HPOS="2665" VPOS="679" WIDTH="50"/>
						<String ID="P4_ST00428" HPOS="2715" VPOS="621" WIDTH="81" HEIGHT="49" CONTENT="hat" WC="0.97" CC="204"/>
						<SP ID="P4_SP00373" HPOS="2796" VPOS="679" WIDTH="41"/>
						<String ID="P4_ST00429" HPOS="2837" VPOS="638" WIDTH="51" HEIGHT="32" CONTENT="er" WC="0.94" CC="01"/>
						<SP ID="P4_SP00374" HPOS="2888" VPOS="679" WIDTH="43"/>
						<String ID="P4_ST00430" HPOS="2931" VPOS="622" WIDTH="216" HEIGHT="49" CONTENT="mehrere" WC="0.99" CC="4075000"/>
						<SP ID="P4_SP00375" HPOS="3147" VPOS="679" WIDTH="42"/>
						<String ID="P4_ST00431" HPOS="3189" VPOS="640" WIDTH="161" HEIGHT="49" CONTENT="grosso" WC="0.99" CC="022307"/>
					</TextLine>
					<TextLine ID="P4_TL00057" HPOS="1770" VPOS="692" WIDTH="1577" HEIGHT="70">
						<String ID="P4_ST00432" HPOS="1770" VPOS="692" WIDTH="553" HEIGHT="70" CONTENT="Vocal-Aufführungen" WC="0.67" CC="000400720094263960"/>
						<SP ID="P4_SP00376" HPOS="2323" VPOS="762" WIDTH="43"/>
						<String ID="P4_ST00433" HPOS="2366" VPOS="698" WIDTH="84" HEIGHT="48" CONTENT="mit" WC="0.98" CC="005"/>
						<SP ID="P4_SP00377" HPOS="2450" VPOS="762" WIDTH="38"/>
						<String ID="P4_ST00434" HPOS="2488" VPOS="699" WIDTH="259" HEIGHT="51" CONTENT="Orchester" WC="0.99" CC="426603060"/>
						<SP ID="P4_SP00378" HPOS="2747" VPOS="762" WIDTH="39"/>
						<String ID="P4_ST00435" HPOS="2786" VPOS="702" WIDTH="314" HEIGHT="49" CONTENT="veranstaltet." WC="0.99" CC="6140604000034"/>
						<SP ID="P4_SP00379" HPOS="3100" VPOS="762" WIDTH="51"/>
						<String ID="P4_ST00436" HPOS="3151" VPOS="703" WIDTH="123" HEIGHT="50" CONTENT="Dass" WC="0.83" CC="6000"/>
						<SP ID="P4_SP00380" HPOS="3274" VPOS="762" WIDTH="29"/>
						<String ID="P4_ST00437" HPOS="3303" VPOS="703" WIDTH="44" HEIGHT="50" CONTENT="in" WC="0.57" CC="08"/>
					</TextLine>
					<TextLine ID="P4_TL00058" HPOS="1770" VPOS="772" WIDTH="1579" HEIGHT="68">
						<String ID="P4_ST00438" HPOS="1770" VPOS="772" WIDTH="140" HEIGHT="51" CONTENT="ihnen" WC="0.99" CC="17000"/>
						<SP ID="P4_SP00381" HPOS="1910" VPOS="823" WIDTH="46"/>
						<String ID="P4_ST00439" HPOS="1956" VPOS="773" WIDTH="120" HEIGHT="51" CONTENT="auch" WC="0.98" CC="0007"/>
						<SP ID="P4_SP00382" HPOS="2076" VPOS="824" WIDTH="38"/>
						<String ID="P4_ST00440" HPOS="2114" VPOS="773" WIDTH="204" HEIGHT="67" CONTENT="jüngere" WC="0.99" CC="0530090"/>
						<SP ID="P4_SP00383" HPOS="2318" VPOS="840" WIDTH="43"/>
						<String ID="P4_ST00441" HPOS="2361" VPOS="777" WIDTH="97" HEIGHT="49" CONTENT="und" WC="0.96" CC="540"/>
						<SP ID="P4_SP00384" HPOS="2458" VPOS="840" WIDTH="50"/>
						<String ID="P4_ST00442" HPOS="2508" VPOS="779" WIDTH="121" HEIGHT="50" CONTENT="noch" WC="0.96" CC="4164"/>
						<SP ID="P4_SP00385" HPOS="2629" VPOS="840" WIDTH="44"/>
						<String ID="P4_ST00443" HPOS="2673" VPOS="779" WIDTH="302" HEIGHT="51" CONTENT="unbekannte" WC="0.99" CC="0160906000"/>
						<SP ID="P4_SP00386" HPOS="2975" VPOS="840" WIDTH="32"/>
						<String ID="P4_ST00444" HPOS="3007" VPOS="782" WIDTH="196" HEIGHT="50" CONTENT="Talente" WC="0.99" CC="0143040"/>
						<SP ID="P4_SP00387" HPOS="3203" VPOS="840" WIDTH="39"/>
						<String ID="P4_ST00445" HPOS="3242" VPOS="801" WIDTH="107" HEIGHT="32" CONTENT="zum" WC="1.00" CC="010"/>
					</TextLine>
					<TextLine ID="P4_TL00059" HPOS="1774" VPOS="852" WIDTH="1575" HEIGHT="66">
						<String ID="P4_ST00446" HPOS="1774" VPOS="852" WIDTH="246" HEIGHT="49" CONTENT="Auftreten" WC="0.99" CC="600004032"/>
						<SP ID="P4_SP00388" HPOS="2020" VPOS="901" WIDTH="41"/>
						<String ID="P4_ST00447" HPOS="2061" VPOS="852" WIDTH="44" HEIGHT="49" CONTENT="in" WC="0.84" CC="03"/>
						<SP ID="P4_SP00389" HPOS="2105" VPOS="901" WIDTH="45"/>
						<String ID="P4_ST00448" HPOS="2150" VPOS="853" WIDTH="358" HEIGHT="53" CONTENT="Solo-Partieen" WC="0.76" CC="0000409060036"/>
						<SP ID="P4_SP00390" HPOS="2508" VPOS="906" WIDTH="44"/>
						<String ID="P4_ST00449" HPOS="2552" VPOS="857" WIDTH="238" HEIGHT="61" CONTENT="kommen," WC="0.99" CC="9000000"/>
						<SP ID="P4_SP00391" HPOS="2790" VPOS="918" WIDTH="41"/>
						<String ID="P4_ST00450" HPOS="2831" VPOS="859" WIDTH="55" HEIGHT="49" CONTENT="ist" WC="1.00" CC="000"/>
						<SP ID="P4_SP00392" HPOS="2886" VPOS="918" WIDTH="41"/>
						<String ID="P4_ST00451" HPOS="2927" VPOS="859" WIDTH="109" HEIGHT="50" CONTENT="sehr" WC="0.97" CC="3063"/>
						<SP ID="P4_SP00393" HPOS="3036" VPOS="918" WIDTH="49"/>
						<String ID="P4_ST00452" HPOS="3085" VPOS="861" WIDTH="264" HEIGHT="52" CONTENT="erfreulich." WC="0.99" CC="04093503074"/>
					</TextLine>
					<TextLine ID="P4_TL00060" HPOS="1773" VPOS="932" WIDTH="1574" HEIGHT="73">
						<String ID="P4_ST00453" HPOS="1773" VPOS="932" WIDTH="87" HEIGHT="49" CONTENT="Die" WC="0.94" CC="906"/>
						<SP ID="P4_SP00394" HPOS="1860" VPOS="981" WIDTH="23"/>
						<String ID="P4_ST00454" HPOS="1883" VPOS="938" WIDTH="122" HEIGHT="43" CONTENT="erste" WC="0.97" CC="46174"/>
						<SP ID="P4_SP00395" HPOS="2005" VPOS="981" WIDTH="24"/>
						<String ID="P4_ST00455" HPOS="2029" VPOS="932" WIDTH="597" HEIGHT="72" CONTENT="Oratorien-Aufführung" WC="0.99" CC="50080734730800375640"/>
						<SP ID="P4_SP00396" HPOS="2626" VPOS="1004" WIDTH="32"/>
						<String ID="P4_ST00456" HPOS="2658" VPOS="937" WIDTH="160" HEIGHT="68" CONTENT="(schon" WC="0.97" CC="790705"/>
						<SP ID="P4_SP00397" HPOS="2818" VPOS="1005" WIDTH="16"/>
						<String ID="P4_ST00457" HPOS="2834" VPOS="938" WIDTH="136" HEIGHT="51" CONTENT="Ende" WC="0.99" CC="6000"/>
						<SP ID="P4_SP00398" HPOS="2970" VPOS="1005" WIDTH="21"/>
						<String ID="P4_ST00458" HPOS="2991" VPOS="939" WIDTH="231" HEIGHT="66" CONTENT="Februar)" WC="0.98" CC="70757225"/>
						<SP ID="P4_SP00399" HPOS="3222" VPOS="1005" WIDTH="25"/>
						<String ID="P4_ST00459" HPOS="3247" VPOS="960" WIDTH="100" HEIGHT="33" CONTENT="war" WC="0.98" CC="005"/>
					</TextLine>
					<TextLine ID="P4_TL00061" HPOS="1770" VPOS="1009" WIDTH="1576" HEIGHT="80">
						<String ID="P4_ST00460" HPOS="1770" VPOS="1009" WIDTH="371" HEIGHT="52" CONTENT="Mendelssohns" WC="0.99" CC="108000530861"/>
						<SP ID="P4_SP00400" HPOS="2141" VPOS="1061" WIDTH="29"/>
						<String ID="P4_ST00461" HPOS="2170" VPOS="1013" WIDTH="141" HEIGHT="50" CONTENT="Elias." WC="0.99" CC="230050"/>
						<SP ID="P4_SP00401" HPOS="2311" VPOS="1063" WIDTH="60"/>
						<String ID="P4_ST00462" HPOS="2371" VPOS="1014" WIDTH="101" HEIGHT="50" CONTENT="Ihm" WC="0.94" CC="780"/>
						<SP ID="P4_SP00402" HPOS="2472" VPOS="1064" WIDTH="49"/>
						<String ID="P4_ST00463" HPOS="2521" VPOS="1017" WIDTH="142" HEIGHT="66" CONTENT="folgte" WC="0.98" CC="053075"/>
						<SP ID="P4_SP00403" HPOS="2663" VPOS="1083" WIDTH="30"/>
						<String ID="P4_ST00464" HPOS="2693" VPOS="1018" WIDTH="210" HEIGHT="51" CONTENT="Händeis" WC="0.99" CC="8070020"/>
						<SP ID="P4_SP00404" HPOS="2903" VPOS="1083" WIDTH="28"/>
						<String ID="P4_ST00465" HPOS="2931" VPOS="1021" WIDTH="119" HEIGHT="48" CONTENT="Irael" WC="0.76" CC="32004"/>
						<SP ID="P4_SP00405" HPOS="3050" VPOS="1083" WIDTH="31"/>
						<String ID="P4_ST00466" HPOS="3081" VPOS="1021" WIDTH="45" HEIGHT="48" CONTENT="in" WC="0.55" CC="17"/>
						<SP ID="P4_SP00406" HPOS="3126" VPOS="1083" WIDTH="30"/>
						<String ID="P4_ST00467" HPOS="3156" VPOS="1022" WIDTH="159" HEIGHT="67" CONTENT="Aegyp" SUBS_TYPE="HypPart1" SUBS_CONTENT="Aegypten," WC="0.99" CC="20009"/>
						<HYP HPOS="3315" VPOS="1022" WIDTH="31" CONTENT="-"/>
					</TextLine>
					<TextLine ID="P4_TL00062" HPOS="1770" VPOS="1089" WIDTH="1575" HEIGHT="70">
						<String ID="P4_ST00468" HPOS="1770" VPOS="1097" WIDTH="94" HEIGHT="51" CONTENT="ten," SUBS_TYPE="HypPart2" SUBS_CONTENT="Aegypten," WC="0.95" CC="7680"/>
						<SP ID="P4_SP00407" HPOS="1864" VPOS="1148" WIDTH="31"/>
						<String ID="P4_ST00469" HPOS="1895" VPOS="1089" WIDTH="122" HEIGHT="51" CONTENT="dann" WC="0.96" CC="0962"/>
						<SP ID="P4_SP00408" HPOS="2017" VPOS="1148" WIDTH="33"/>
						<String ID="P4_ST00470" HPOS="2050" VPOS="1092" WIDTH="217" HEIGHT="48" CONTENT="Mozart's" WC="0.62" CC="63604035"/>
						<SP ID="P4_SP00409" HPOS="2267" VPOS="1148" WIDTH="572"/>
						<String ID="P4_ST00471" HPOS="2839" VPOS="1091" WIDTH="230" HEIGHT="68" CONTENT="Requiem" WC="0.98" CC="4035064" STYLEREFS="TXT_1"/>
						<SP ID="P4_SP00410" HPOS="3069" VPOS="1159" WIDTH="-492"/>
						<String ID="P4_ST00472" HPOS="2577" VPOS="1096" WIDTH="96" HEIGHT="49" CONTENT="und" WC="0.95" CC="560"/>
						<SP ID="P4_SP00411" HPOS="3069" VPOS="1159" WIDTH="-354"/>
						<String ID="P4_ST00473" HPOS="2715" VPOS="1097" WIDTH="44" HEIGHT="48" CONTENT="in" WC="0.66" CC="06"/>
						<SP ID="P4_SP00412" HPOS="3069" VPOS="1159" WIDTH="-264"/>
						<String ID="P4_ST00474" HPOS="2805" VPOS="1097" WIDTH="268" HEIGHT="51" CONTENT="demselben" WC="0.99" CC="030460305"/>
						<SP ID="P4_SP00413" HPOS="3073" VPOS="1159" WIDTH="43"/>
						<String ID="P4_ST00475" HPOS="3116" VPOS="1099" WIDTH="229" HEIGHT="53" CONTENT="Concerte" WC="0.71" CC="31604420"/>
					</TextLine>
					<TextLine ID="P4_TL00063" HPOS="1770" VPOS="1171" WIDTH="1575" HEIGHT="72">
						<String ID="P4_ST00476" HPOS="1770" VPOS="1171" WIDTH="304" HEIGHT="49" CONTENT="Beethoven's" WC="0.47" CC="67277306706"/>
						<SP ID="P4_SP00414" HPOS="2074" VPOS="1220" WIDTH="17"/>
						<String ID="P4_ST00477" HPOS="2091" VPOS="1178" WIDTH="173" HEIGHT="42" CONTENT="neunte" WC="0.98" CC="803700"/>
						<SP ID="P4_SP00415" HPOS="2264" VPOS="1220" WIDTH="18"/>
						<String ID="P4_ST00478" HPOS="2282" VPOS="1172" WIDTH="497" HEIGHT="71" CONTENT="Sinfonie—„Ewige" WC="0.99" CC="431040768629000"/>
						<SP ID="P4_SP00416" HPOS="2779" VPOS="1243" WIDTH="17"/>
						<String ID="P4_ST00479" HPOS="2796" VPOS="1178" WIDTH="165" HEIGHT="50" CONTENT='Ruhe"' WC="0.96" CC="57706"/>
						<SP ID="P4_SP00417" HPOS="2961" VPOS="1243" WIDTH="31"/>
						<String ID="P4_ST00480" HPOS="2992" VPOS="1178" WIDTH="94" HEIGHT="50" CONTENT="und" WC="0.99" CC="200"/>
						<SP ID="P4_SP00418" HPOS="3086" VPOS="1243" WIDTH="27"/>
						<String ID="P4_ST00481" HPOS="3113" VPOS="1181" WIDTH="232" HEIGHT="59" CONTENT="„Freude," WC="0.99" CC="34205004"/>
					</TextLine>
					<TextLine ID="P4_TL00064" HPOS="1770" VPOS="1249" WIDTH="1575" HEIGHT="60">
						<String ID="P4_ST00482" HPOS="1770" VPOS="1249" WIDTH="200" HEIGHT="50" CONTENT="schöner" WC="0.98" CC="0060635"/>
						<SP ID="P4_SP00419" HPOS="1970" VPOS="1299" WIDTH="30"/>
						<String ID="P4_ST00483" HPOS="2000" VPOS="1249" WIDTH="394" HEIGHT="51" CONTENT='Götterfunken!"' WC="0.99" CC="90000702006406"/>
						<SP ID="P4_SP00420" HPOS="2394" VPOS="1300" WIDTH="67"/>
						<String ID="P4_ST00484" HPOS="2461" VPOS="1253" WIDTH="90" HEIGHT="48" CONTENT="Die" WC="0.96" CC="605"/>
						<SP ID="P4_SP00421" HPOS="2551" VPOS="1301" WIDTH="45"/>
						<String ID="P4_ST00485" HPOS="2596" VPOS="1262" WIDTH="174" HEIGHT="43" CONTENT="neunte" WC="0.98" CC="642800"/>
						<SP ID="P4_SP00422" HPOS="2770" VPOS="1305" WIDTH="42"/>
						<String ID="P4_ST00486" HPOS="2812" VPOS="1257" WIDTH="207" HEIGHT="49" CONTENT="Sinfonie" WC="0.98" CC="62804762"/>
						<SP ID="P4_SP00423" HPOS="3019" VPOS="1306" WIDTH="43"/>
						<String ID="P4_ST00487" HPOS="3062" VPOS="1258" WIDTH="127" HEIGHT="50" CONTENT="hatte" WC="0.98" CC="47000"/>
						<SP ID="P4_SP00424" HPOS="3189" VPOS="1308" WIDTH="30"/>
						<String ID="P4_ST00488" HPOS="3219" VPOS="1259" WIDTH="126" HEIGHT="50" CONTENT="Herr" WC="0.97" CC="7700"/>
					</TextLine>
					<TextLine ID="P4_TL00065" HPOS="1770" VPOS="1329" WIDTH="1576" HEIGHT="61">
						<String ID="P4_ST00489" HPOS="1770" VPOS="1329" WIDTH="178" HEIGHT="50" CONTENT="Hullah" WC="0.57" CC="800646"/>
						<SP ID="P4_SP00425" HPOS="1948" VPOS="1379" WIDTH="29"/>
						<String ID="P4_ST00490" HPOS="1977" VPOS="1329" WIDTH="144" HEIGHT="50" CONTENT="schon" WC="0.97" CC="00768"/>
						<SP ID="P4_SP00426" HPOS="2121" VPOS="1379" WIDTH="31"/>
						<String ID="P4_ST00491" HPOS="2152" VPOS="1329" WIDTH="171" HEIGHT="51" CONTENT="einmal" WC="0.99" CC="008200"/>
						<SP ID="P4_SP00427" HPOS="2323" VPOS="1380" WIDTH="43"/>
						<String ID="P4_ST00492" HPOS="2366" VPOS="1331" WIDTH="44" HEIGHT="49" CONTENT="in" WC="0.63" CC="61"/>
						<SP ID="P4_SP00428" HPOS="2410" VPOS="1380" WIDTH="50"/>
						<String ID="P4_ST00493" HPOS="2460" VPOS="1332" WIDTH="151" HEIGHT="49" CONTENT="einem" WC="0.98" CC="00637"/>
						<SP ID="P4_SP00429" HPOS="2611" VPOS="1381" WIDTH="33"/>
						<String ID="P4_ST00494" HPOS="2644" VPOS="1334" WIDTH="154" HEIGHT="50" CONTENT="seiner" WC="0.98" CC="060602"/>
						<SP ID="P4_SP00430" HPOS="2798" VPOS="1384" WIDTH="31"/>
						<String ID="P4_ST00495" HPOS="2829" VPOS="1334" WIDTH="275" HEIGHT="52" CONTENT="Orchestral" WC="0.99" CC="3026048100" STYLEREFS="TXT_1"/>
						<SP ID="P4_SP00431" HPOS="3104" VPOS="1386" WIDTH="26"/>
						<String ID="P4_ST00496" HPOS="3130" VPOS="1338" WIDTH="216" HEIGHT="52" CONTENT="Concerts" WC="0.63" CC="70460055" STYLEREFS="TXT_1"/>
					</TextLine>
					<TextLine ID="P4_TL00066" HPOS="1770" VPOS="1408" WIDTH="1574" HEIGHT="72">
						<String ID="P4_ST00497" HPOS="1770" VPOS="1408" WIDTH="230" HEIGHT="67" CONTENT="gegeben." WC="0.98" CC="95006062"/>
						<SP ID="P4_SP00432" HPOS="2000" VPOS="1475" WIDTH="57"/>
						<String ID="P4_ST00498" HPOS="2057" VPOS="1408" WIDTH="139" HEIGHT="51" CONTENT="Auch" WC="0.98" CC="0703"/>
						<SP ID="P4_SP00433" HPOS="2196" VPOS="1475" WIDTH="44"/>
						<String ID="P4_ST00499" HPOS="2240" VPOS="1409" WIDTH="102" HEIGHT="51" CONTENT="eine" WC="0.98" CC="0700"/>
						<SP ID="P4_SP00434" HPOS="2342" VPOS="1475" WIDTH="29"/>
						<String ID="P4_ST00500" HPOS="2371" VPOS="1412" WIDTH="314" HEIGHT="68" CONTENT="Aufführung" WC="0.99" CC="4077053400"/>
						<SP ID="P4_SP00435" HPOS="2685" VPOS="1480" WIDTH="43"/>
						<String ID="P4_ST00501" HPOS="2728" VPOS="1413" WIDTH="80" HEIGHT="51" CONTENT="des" WC="0.99" CC="030"/>
						<SP ID="P4_SP00436" HPOS="2808" VPOS="1480" WIDTH="29"/>
						<String ID="P4_ST00502" HPOS="2837" VPOS="1416" WIDTH="193" HEIGHT="49" CONTENT="Messias" WC="0.99" CC="0013050"/>
						<SP ID="P4_SP00437" HPOS="3030" VPOS="1480" WIDTH="29"/>
						<String ID="P4_ST00503" HPOS="3059" VPOS="1417" WIDTH="127" HEIGHT="50" CONTENT="hatte" WC="0.98" CC="70550"/>
						<SP ID="P4_SP00438" HPOS="3186" VPOS="1480" WIDTH="32"/>
						<String ID="P4_ST00504" HPOS="3218" VPOS="1436" WIDTH="51" HEIGHT="32" CONTENT="er" WC="0.79" CC="12"/>
						<SP ID="P4_SP00439" HPOS="3269" VPOS="1480" WIDTH="28"/>
						<String ID="P4_ST00505" HPOS="3297" VPOS="1420" WIDTH="47" HEIGHT="49" CONTENT="in" WC="0.45" CC="28"/>
					</TextLine>
					<TextLine ID="P4_TL00067" HPOS="1771" VPOS="1487" WIDTH="1573" HEIGHT="62">
						<String ID="P4_ST00506" HPOS="1771" VPOS="1487" WIDTH="84" HEIGHT="49" CONTENT="der" WC="0.93" CC="972"/>
						<SP ID="P4_SP00440" HPOS="1855" VPOS="1536" WIDTH="32"/>
						<String ID="P4_ST00507" HPOS="1887" VPOS="1488" WIDTH="295" HEIGHT="51" CONTENT="Charwoche" WC="0.71" CC="405092020"/>
						<SP ID="P4_SP00441" HPOS="2182" VPOS="1539" WIDTH="28"/>
						<String ID="P4_ST00508" HPOS="2210" VPOS="1492" WIDTH="311" HEIGHT="49" CONTENT="veranstaltet." WC="0.99" CC="5449704645404"/>
						<SP ID="P4_SP00442" HPOS="2521" VPOS="1541" WIDTH="57"/>
						<String ID="P4_ST00509" HPOS="2578" VPOS="1493" WIDTH="68" HEIGHT="48" CONTENT="Im" WC="0.92" CC="10"/>
						<SP ID="P4_SP00443" HPOS="2646" VPOS="1541" WIDTH="44"/>
						<String ID="P4_ST00510" HPOS="2690" VPOS="1494" WIDTH="109" HEIGHT="49" CONTENT="Juni" WC="0.98" CC="0350"/>
						<SP ID="P4_SP00444" HPOS="2799" VPOS="1543" WIDTH="43"/>
						<String ID="P4_ST00511" HPOS="2842" VPOS="1493" WIDTH="98" HEIGHT="50" CONTENT="und" WC="0.96" CC="540"/>
						<SP ID="P4_SP00445" HPOS="2940" VPOS="1543" WIDTH="33"/>
						<String ID="P4_ST00512" HPOS="2973" VPOS="1496" WIDTH="94" HEIGHT="48" CONTENT="Juli" WC="0.99" CC="0012"/>
						<SP ID="P4_SP00446" HPOS="3067" VPOS="1544" WIDTH="40"/>
						<String ID="P4_ST00513" HPOS="3107" VPOS="1496" WIDTH="83" HEIGHT="51" CONTENT="hat" WC="0.95" CC="705"/>
						<SP ID="P4_SP00447" HPOS="3190" VPOS="1547" WIDTH="25"/>
						<String ID="P4_ST00514" HPOS="3215" VPOS="1500" WIDTH="129" HEIGHT="49" CONTENT="Herr" WC="0.96" CC="7570"/>
					</TextLine>
					<TextLine ID="P4_TL00068" HPOS="1771" VPOS="1567" WIDTH="1568" HEIGHT="70">
						<String ID="P4_ST00515" HPOS="1771" VPOS="1567" WIDTH="177" HEIGHT="49" CONTENT="Hullah" WC="0.46" CC="855507"/>
						<SP ID="P4_SP00448" HPOS="1948" VPOS="1616" WIDTH="32"/>
						<String ID="P4_ST00516" HPOS="1980" VPOS="1567" WIDTH="117" HEIGHT="51" CONTENT="auch" WC="0.95" CC="9607"/>
						<SP ID="P4_SP00449" HPOS="2097" VPOS="1618" WIDTH="33"/>
						<String ID="P4_ST00517" HPOS="2130" VPOS="1567" WIDTH="119" HEIGHT="52" CONTENT="noch" WC="0.95" CC="8456"/>
						<SP ID="P4_SP00450" HPOS="2249" VPOS="1619" WIDTH="32"/>
						<String ID="P4_ST00518" HPOS="2281" VPOS="1569" WIDTH="150" HEIGHT="68" CONTENT="einige" WC="0.99" CC="007400"/>
						<SP ID="P4_SP00451" HPOS="2431" VPOS="1637" WIDTH="30"/>
						<String ID="P4_ST00519" HPOS="2461" VPOS="1571" WIDTH="255" HEIGHT="66" CONTENT="gemischte" WC="0.99" CC="009007076"/>
						<SP ID="P4_SP00452" HPOS="2716" VPOS="1637" WIDTH="24"/>
						<String ID="P4_ST00520" HPOS="2740" VPOS="1573" WIDTH="168" HEIGHT="50" CONTENT="Vocal-" WC="0.83" CC="003060"/>
						<SP ID="P4_SP00453" HPOS="2908" VPOS="1637" WIDTH="25"/>
						<String ID="P4_ST00521" HPOS="2933" VPOS="1573" WIDTH="94" HEIGHT="50" CONTENT="und" WC="0.98" CC="140"/>
						<SP ID="P4_SP00454" HPOS="3027" VPOS="1637" WIDTH="25"/>
						<String ID="P4_ST00522" HPOS="3052" VPOS="1576" WIDTH="259" HEIGHT="51" CONTENT="Instrumen" SUBS_TYPE="HypPart1" SUBS_CONTENT="Instrumenlal-Concerte" WC="0.67" CC="230504046"/>
						<HYP HPOS="3311" VPOS="1576" WIDTH="28" CONTENT="-"/>
					</TextLine>
					<TextLine ID="P4_TL00069" HPOS="1769" VPOS="1647" WIDTH="1573" HEIGHT="68">
						<String ID="P4_ST00523" HPOS="1769" VPOS="1647" WIDTH="324" HEIGHT="51" CONTENT="lal-Concerte" SUBS_TYPE="HypPart2" SUBS_CONTENT="Instrumenlal-Concerte" WC="0.78" CC="003074600003"/>
						<SP ID="P4_SP00455" HPOS="2093" VPOS="1698" WIDTH="30"/>
						<String ID="P4_ST00524" HPOS="2123" VPOS="1648" WIDTH="230" HEIGHT="67" CONTENT="gegeben." WC="0.99" CC="03027000"/>
						<SP ID="P4_SP00456" HPOS="2353" VPOS="1715" WIDTH="29"/>
						<String ID="P4_ST00525" HPOS="2382" VPOS="1652" WIDTH="52" HEIGHT="47" CONTENT="In" WC="0.66" CC="60"/>
						<SP ID="P4_SP00457" HPOS="2434" VPOS="1715" WIDTH="31"/>
						<String ID="P4_ST00526" HPOS="2465" VPOS="1651" WIDTH="151" HEIGHT="50" CONTENT="einem" WC="0.98" CC="00830"/>
						<SP ID="P4_SP00458" HPOS="2616" VPOS="1715" WIDTH="30"/>
						<String ID="P4_ST00527" HPOS="2646" VPOS="1651" WIDTH="248" HEIGHT="52" CONTENT="derselben" WC="0.98" CC="906900666"/>
						<SP ID="P4_SP00459" HPOS="2894" VPOS="1715" WIDTH="31"/>
						<String ID="P4_ST00528" HPOS="2925" VPOS="1652" WIDTH="168" HEIGHT="52" CONTENT="hörten" WC="0.99" CC="100226"/>
						<SP ID="P4_SP00460" HPOS="3093" VPOS="1715" WIDTH="30"/>
						<String ID="P4_ST00529" HPOS="3123" VPOS="1656" WIDTH="86" HEIGHT="48" CONTENT="wir" WC="0.95" CC="903"/>
						<SP ID="P4_SP00461" HPOS="3209" VPOS="1715" WIDTH="29"/>
						<String ID="P4_ST00530" HPOS="3238" VPOS="1657" WIDTH="104" HEIGHT="48" CONTENT="eine" WC="0.98" CC="0207"/>
					</TextLine>
					<TextLine ID="P4_TL00070" HPOS="1770" VPOS="1724" WIDTH="1572" HEIGHT="68">
						<String ID="P4_ST00531" HPOS="1770" VPOS="1724" WIDTH="196" HEIGHT="51" CONTENT="Motette" WC="0.99" CC="0530100"/>
						<SP ID="P4_SP00462" HPOS="1966" VPOS="1775" WIDTH="29"/>
						<String ID="P4_ST00532" HPOS="1995" VPOS="1743" WIDTH="88" HEIGHT="33" CONTENT="von" WC="0.98" CC="006"/>
						<SP ID="P4_SP00463" HPOS="2083" VPOS="1776" WIDTH="29"/>
						<String ID="P4_ST00533" HPOS="2112" VPOS="1728" WIDTH="42" HEIGHT="48" CONTENT="J." WC="1.00" CC="00"/>
						<SP ID="P4_SP00464" HPOS="2154" VPOS="1776" WIDTH="31"/>
						<String ID="P4_ST00534" HPOS="2185" VPOS="1728" WIDTH="45" HEIGHT="48" CONTENT="S." WC="0.50" CC="63"/>
						<SP ID="P4_SP00465" HPOS="2230" VPOS="1776" WIDTH="32"/>
						<String ID="P4_ST00535" HPOS="2262" VPOS="1728" WIDTH="129" HEIGHT="50" CONTENT="Bach" WC="0.97" CC="7007"/>
						<SP ID="P4_SP00466" HPOS="2391" VPOS="1778" WIDTH="37"/>
						<String ID="P4_ST00536" HPOS="2428" VPOS="1728" WIDTH="46" HEIGHT="50" CONTENT="in" WC="0.54" CC="26"/>
						<SP ID="P4_SP00467" HPOS="2474" VPOS="1778" WIDTH="28"/>
						<String ID="P4_ST00537" HPOS="2502" VPOS="1728" WIDTH="193" HEIGHT="64" CONTENT="F-moll," WC="0.70" CC="4224500" STYLEREFS="TXT_1"/>
						<SP ID="P4_SP00468" HPOS="2695" VPOS="1792" WIDTH="30"/>
						<String ID="P4_ST00538" HPOS="2725" VPOS="1731" WIDTH="368" HEIGHT="52" CONTENT="Mcndelssolm's" WC="0.64" CC="0770407104606"/>
						<SP ID="P4_SP00469" HPOS="3093" VPOS="1792" WIDTH="27"/>
						<String ID="P4_ST00539" HPOS="3120" VPOS="1733" WIDTH="222" HEIGHT="52" CONTENT="Laudatc" WC="0.56" CC="3250657" STYLEREFS="TXT_1"/>
					</TextLine>
					<TextLine ID="P4_TL00071" HPOS="1760" VPOS="1802" WIDTH="1579" HEIGHT="75">
						<String ID="P4_ST00540" HPOS="1760" VPOS="1802" WIDTH="149" HEIGHT="70" CONTENT="piieri" WC="0.63" CC="775010" STYLEREFS="TXT_2"/>
						<SP ID="P4_SP00470" HPOS="1909" VPOS="1872" WIDTH="25"/>
						<String ID="P4_ST00541" HPOS="1934" VPOS="1804" WIDTH="95" HEIGHT="50" CONTENT="und" WC="0.96" CC="360"/>
						<SP ID="P4_SP00471" HPOS="2029" VPOS="1872" WIDTH="29"/>
						<String ID="P4_ST00542" HPOS="2058" VPOS="1806" WIDTH="135" HEIGHT="49" CONTENT="einen" WC="0.98" CC="04606"/>
						<SP ID="P4_SP00472" HPOS="2193" VPOS="1872" WIDTH="19"/>
						<String ID="P4_ST00543" HPOS="2212" VPOS="1807" WIDTH="508" HEIGHT="70" CONTENT="Weihnachtsgesang," WC="1.00" CC="02032307650503700"/>
						<SP ID="P4_SP00473" HPOS="2720" VPOS="1877" WIDTH="36"/>
						<String ID="P4_ST00544" HPOS="2756" VPOS="1812" WIDTH="320" HEIGHT="60" CONTENT='„Nazareth",' WC="0.69" CC="38000505640"/>
						<SP ID="P4_SP00474" HPOS="3076" VPOS="1877" WIDTH="25"/>
						<String ID="P4_ST00545" HPOS="3101" VPOS="1812" WIDTH="80" HEIGHT="49" CONTENT="für" WC="0.94" CC="095"/>
						<SP ID="P4_SP00475" HPOS="3181" VPOS="1877" WIDTH="22"/>
						<String ID="P4_ST00546" HPOS="3203" VPOS="1814" WIDTH="136" HEIGHT="49" CONTENT="Bass-" WC="0.98" CC="70004"/>
					</TextLine>
					<TextLine ID="P4_TL00072" HPOS="1769" VPOS="1884" WIDTH="1571" HEIGHT="75">
						<String ID="P4_ST00547" HPOS="1769" VPOS="1884" WIDTH="109" HEIGHT="50" CONTENT="Solo" WC="0.97" CC="1324"/>
						<SP ID="P4_SP00476" HPOS="1878" VPOS="1934" WIDTH="24"/>
						<String ID="P4_ST00548" HPOS="1902" VPOS="1884" WIDTH="95" HEIGHT="50" CONTENT="und" WC="0.97" CC="080"/>
						<SP ID="P4_SP00477" HPOS="1997" VPOS="1934" WIDTH="26"/>
						<String ID="P4_ST00549" HPOS="2023" VPOS="1886" WIDTH="127" HEIGHT="48" CONTENT="Chor" WC="0.95" CC="7509"/>
						<SP ID="P4_SP00478" HPOS="2150" VPOS="1934" WIDTH="23"/>
						<String ID="P4_ST00550" HPOS="2173" VPOS="1903" WIDTH="86" HEIGHT="32" CONTENT="von" WC="0.98" CC="006"/>
						<SP ID="P4_SP00479" HPOS="2259" VPOS="1935" WIDTH="25"/>
						<String ID="P4_ST00551" HPOS="2284" VPOS="1888" WIDTH="216" HEIGHT="50" CONTENT="Gounod." WC="0.61" CC="3227703"/>
						<SP ID="P4_SP00480" HPOS="2500" VPOS="1938" WIDTH="25"/>
						<String ID="P4_ST00552" HPOS="2525" VPOS="1889" WIDTH="119" HEIGHT="51" CONTENT="Eine" WC="1.00" CC="0020"/>
						<SP ID="P4_SP00481" HPOS="2644" VPOS="1940" WIDTH="15"/>
						<String ID="P4_ST00553" HPOS="2659" VPOS="1891" WIDTH="423" HEIGHT="68" CONTENT="Merkwürdigkeit" WC="1.00" CC="60200000103000"/>
						<SP ID="P4_SP00482" HPOS="3082" VPOS="1959" WIDTH="19"/>
						<String ID="P4_ST00554" HPOS="3101" VPOS="1910" WIDTH="38" HEIGHT="31" CONTENT="w" WC="1.00" CC="9"/>
						<SP ID="P4_SP00483" HPOS="3139" VPOS="1959" WIDTH="13"/>
						<String ID="P4_ST00555" HPOS="3152" VPOS="1910" WIDTH="53" HEIGHT="33" CONTENT="ar" WC="0.54" CC="09"/>
						<SP ID="P4_SP00484" HPOS="3205" VPOS="1959" WIDTH="14"/>
						<String ID="P4_ST00556" HPOS="3219" VPOS="1893" WIDTH="121" HEIGHT="51" CONTENT="auch" WC="0.96" CC="0575"/>
					</TextLine>
					<TextLine ID="P4_TL00073" HPOS="1768" VPOS="1962" WIDTH="1571" HEIGHT="77">
						<String ID="P4_ST00557" HPOS="1768" VPOS="1962" WIDTH="82" HEIGHT="49" CONTENT="der" WC="0.92" CC="946"/>
						<SP ID="P4_SP00485" HPOS="1850" VPOS="2011" WIDTH="28"/>
						<String ID="P4_ST00558" HPOS="1878" VPOS="1963" WIDTH="211" HEIGHT="69" CONTENT="Vortrag" WC="0.97" CC="9576269"/>
						<SP ID="P4_SP00486" HPOS="2089" VPOS="2032" WIDTH="39"/>
						<String ID="P4_ST00559" HPOS="2128" VPOS="1964" WIDTH="169" HEIGHT="51" CONTENT="zweier" WC="1.00" CC="000003"/>
						<SP ID="P4_SP00487" HPOS="2297" VPOS="2032" WIDTH="41"/>
						<String ID="P4_ST00560" HPOS="2338" VPOS="1966" WIDTH="173" HEIGHT="50" CONTENT="Lieder" WC="0.99" CC="260005"/>
						<SP ID="P4_SP00488" HPOS="2511" VPOS="2032" WIDTH="40"/>
						<String ID="P4_ST00561" HPOS="2551" VPOS="1983" WIDTH="88" HEIGHT="35" CONTENT="von" WC="0.94" CC="726"/>
						<SP ID="P4_SP00489" HPOS="2639" VPOS="2032" WIDTH="24"/>
						<String ID="P4_ST00562" HPOS="2663" VPOS="1969" WIDTH="330" HEIGHT="51" CONTENT="Mendelssohn" WC="1.00" CC="00300000472"/>
						<SP ID="P4_SP00490" HPOS="2993" VPOS="2032" WIDTH="41"/>
						<String ID="P4_ST00563" HPOS="3034" VPOS="1971" WIDTH="80" HEIGHT="48" CONTENT="für" WC="0.99" CC="003"/>
						<SP ID="P4_SP00491" HPOS="3114" VPOS="2032" WIDTH="40"/>
						<String ID="P4_ST00564" HPOS="3154" VPOS="1972" WIDTH="185" HEIGHT="67" CONTENT="Sopran" WC="0.98" CC="040068"/>
					</TextLine>
					<TextLine ID="P4_TL00074" HPOS="1769" VPOS="2039" WIDTH="1568" HEIGHT="78">
						<String ID="P4_ST00565" HPOS="1769" VPOS="2039" WIDTH="159" HEIGHT="69" CONTENT="(„Auf" WC="0.97" CC="74670"/>
						<SP ID="P4_SP00492" HPOS="1928" VPOS="2108" WIDTH="25"/>
						<String ID="P4_ST00566" HPOS="1953" VPOS="2043" WIDTH="199" HEIGHT="67" CONTENT="Flügeln" WC="0.98" CC="4299042"/>
						<SP ID="P4_SP00493" HPOS="2152" VPOS="2110" WIDTH="31"/>
						<String ID="P4_ST00567" HPOS="2183" VPOS="2043" WIDTH="80" HEIGHT="50" CONTENT="des" WC="0.98" CC="060"/>
						<SP ID="P4_SP00494" HPOS="2263" VPOS="2110" WIDTH="32"/>
						<String ID="P4_ST00568" HPOS="2295" VPOS="2046" WIDTH="237" HEIGHT="67" CONTENT='Gesangs"' WC="0.98" CC="60507064"/>
						<SP ID="P4_SP00495" HPOS="2532" VPOS="2113" WIDTH="42"/>
						<String ID="P4_ST00569" HPOS="2574" VPOS="2047" WIDTH="97" HEIGHT="49" CONTENT="und" WC="0.98" CC="500"/>
						<SP ID="P4_SP00496" HPOS="2671" VPOS="2113" WIDTH="39"/>
						<String ID="P4_ST00570" HPOS="2710" VPOS="2051" WIDTH="98" HEIGHT="56" CONTENT="„Im" WC="0.98" CC="400"/>
						<SP ID="P4_SP00497" HPOS="2808" VPOS="2113" WIDTH="30"/>
						<String ID="P4_ST00571" HPOS="2838" VPOS="2048" WIDTH="236" HEIGHT="69" CONTENT='Walde")' WC="0.99" CC="0060043"/>
						<SP ID="P4_SP00498" HPOS="3074" VPOS="2117" WIDTH="31"/>
						<String ID="P4_ST00572" HPOS="3105" VPOS="2049" WIDTH="46" HEIGHT="50" CONTENT="in" WC="0.70" CC="14"/>
						<SP ID="P4_SP00499" HPOS="3151" VPOS="2117" WIDTH="30"/>
						<String ID="P4_ST00573" HPOS="3181" VPOS="2051" WIDTH="125" HEIGHT="51" CONTENT="deut" SUBS_TYPE="HypPart1" SUBS_CONTENT="deutscher" WC="0.98" CC="0043"/>
						<HYP HPOS="3306" VPOS="2051" WIDTH="31" CONTENT="-"/>
					</TextLine>
					<TextLine ID="P4_TL00075" HPOS="1769" VPOS="2121" WIDTH="1422" HEIGHT="68">
						<String ID="P4_ST00574" HPOS="1769" VPOS="2121" WIDTH="168" HEIGHT="49" CONTENT="scher" SUBS_TYPE="HypPart2" SUBS_CONTENT="deutscher" WC="0.97" CC="30766"/>
						<SP ID="P4_SP00500" HPOS="1937" VPOS="2170" WIDTH="29"/>
						<String ID="P4_ST00575" HPOS="1966" VPOS="2122" WIDTH="208" HEIGHT="67" CONTENT="Sprache" WC="0.99" CC="1006056"/>
						<SP ID="P4_SP00501" HPOS="2174" VPOS="2189" WIDTH="29"/>
						<String ID="P4_ST00576" HPOS="2203" VPOS="2123" WIDTH="149" HEIGHT="50" CONTENT="durch" WC="0.97" CC="90306"/>
						<SP ID="P4_SP00502" HPOS="2352" VPOS="2189" WIDTH="30"/>
						<String ID="P4_ST00577" HPOS="2382" VPOS="2126" WIDTH="350" HEIGHT="52" CONTENT="Mademoiselle" WC="0.71" CC="990200230230"/>
						<SP ID="P4_SP00503" HPOS="2732" VPOS="2189" WIDTH="29"/>
						<String ID="P4_ST00578" HPOS="2761" VPOS="2128" WIDTH="152" HEIGHT="51" CONTENT="Maria" WC="0.98" CC="60025"/>
						<SP ID="P4_SP00504" HPOS="2913" VPOS="2189" WIDTH="28"/>
						<String ID="P4_ST00579" HPOS="2941" VPOS="2128" WIDTH="58" HEIGHT="50" CONTENT="de" WC="1.00" CC="00"/>
						<SP ID="P4_SP00505" HPOS="2999" VPOS="2189" WIDTH="32"/>
						<String ID="P4_ST00580" HPOS="3031" VPOS="2128" WIDTH="160" HEIGHT="52" CONTENT="Villar." WC="0.80" CC="0304005"/>
					</TextLine>
					<TextLine ID="P4_TL00076" HPOS="1887" VPOS="2201" WIDTH="1493" HEIGHT="69">
						<String ID="P4_ST00581" HPOS="1887" VPOS="2201" WIDTH="90" HEIGHT="49" CONTENT="Die" WC="0.97" CC="700"/>
						<SP ID="P4_SP00506" HPOS="1977" VPOS="2250" WIDTH="305"/>
						<String ID="P4_ST00582" HPOS="2282" VPOS="2202" WIDTH="164" HEIGHT="66" CONTENT="Royal" WC="0.96" CC="44985" STYLEREFS="TXT_2"/>
						<SP ID="P4_SP00507" HPOS="2446" VPOS="2268" WIDTH="212"/>
						<String ID="P4_ST00583" HPOS="2658" VPOS="2202" WIDTH="245" HEIGHT="68" CONTENT="Academy" WC="0.79" CC="1450040" STYLEREFS="TXT_1"/>
						<SP ID="P4_SP00508" HPOS="2903" VPOS="2270" WIDTH="301"/>
						<String ID="P4_ST00584" HPOS="3204" VPOS="2206" WIDTH="61" HEIGHT="63" CONTENT="of" WC="0.73" CC="05" STYLEREFS="TXT_1"/>
						<SP ID="P4_SP00509" HPOS="3265" VPOS="2270" WIDTH="93"/>
						<String ID="P4_ST00585" HPOS="3358" VPOS="2203" WIDTH="22" HEIGHT="53" CONTENT="M" WC="0.51" CC="4" STYLEREFS="TXT_2"/>
						<String ID="P4_ST00586" HPOS="2786" VPOS="2206" WIDTH="144" HEIGHT="50" CONTENT="deren" WC="0.98" CC="00564"/>
						<SP ID="P4_SP00510" HPOS="3380" VPOS="2270" WIDTH="-408"/>
						<String ID="P4_ST00587" HPOS="2972" VPOS="2208" WIDTH="243" HEIGHT="51" CONTENT="Präsident" WC="0.99" CC="040900000"/>
						<SP ID="P4_SP00511" HPOS="3380" VPOS="2270" WIDTH="-124"/>
						<String ID="P4_ST00588" HPOS="3256" VPOS="2208" WIDTH="84" HEIGHT="51" CONTENT="der" WC="0.94" CC="941"/>
					</TextLine>
					<TextLine ID="P4_TL00077" HPOS="1768" VPOS="2278" WIDTH="1568" HEIGHT="66">
						<String ID="P4_ST00589" HPOS="1768" VPOS="2278" WIDTH="104" HEIGHT="50" CONTENT="edle" WC="0.96" CC="4940"/>
						<SP ID="P4_SP00512" HPOS="1872" VPOS="2328" WIDTH="29"/>
						<String ID="P4_ST00590" HPOS="1901" VPOS="2281" WIDTH="112" HEIGHT="48" CONTENT="Earl" WC="0.71" CC="5041"/>
						<SP ID="P4_SP00513" HPOS="2013" VPOS="2329" WIDTH="30"/>
						<String ID="P4_ST00591" HPOS="2043" VPOS="2298" WIDTH="88" HEIGHT="32" CONTENT="von" WC="0.97" CC="061"/>
						<SP ID="P4_SP00514" HPOS="2131" VPOS="2330" WIDTH="18"/>
						<String ID="P4_ST00592" HPOS="2149" VPOS="2282" WIDTH="387" HEIGHT="52" CONTENT="Westmoreland" WC="0.74" CC="600600307050"/>
						<SP ID="P4_SP00515" HPOS="2536" VPOS="2334" WIDTH="30"/>
						<String ID="P4_ST00593" HPOS="2566" VPOS="2286" WIDTH="70" HEIGHT="58" CONTENT="ist," WC="0.96" CC="6553"/>
						<SP ID="P4_SP00516" HPOS="2636" VPOS="2344" WIDTH="31"/>
						<String ID="P4_ST00594" HPOS="2667" VPOS="2286" WIDTH="82" HEIGHT="49" CONTENT="hat" WC="0.97" CC="601"/>
						<SP ID="P4_SP00517" HPOS="2749" VPOS="2344" WIDTH="28"/>
						<String ID="P4_ST00595" HPOS="2777" VPOS="2286" WIDTH="121" HEIGHT="50" CONTENT="denn" WC="0.99" CC="0050"/>
						<SP ID="P4_SP00518" HPOS="2898" VPOS="2344" WIDTH="30"/>
						<String ID="P4_ST00596" HPOS="2928" VPOS="2287" WIDTH="44" HEIGHT="48" CONTENT="in" WC="0.70" CC="05"/>
						<SP ID="P4_SP00519" HPOS="2972" VPOS="2344" WIDTH="25"/>
						<String ID="P4_ST00597" HPOS="2997" VPOS="2286" WIDTH="151" HEIGHT="50" CONTENT="dieser" WC="1.00" CC="005000"/>
						<SP ID="P4_SP00520" HPOS="3148" VPOS="2344" WIDTH="23"/>
						<String ID="P4_ST00598" HPOS="3171" VPOS="2288" WIDTH="165" HEIGHT="52" CONTENT="Saison" WC="0.99" CC="003407"/>
					</TextLine>
					<TextLine ID="P4_TL00078" HPOS="1766" VPOS="2358" WIDTH="1569" HEIGHT="66">
						<String ID="P4_ST00599" HPOS="1766" VPOS="2358" WIDTH="121" HEIGHT="51" CONTENT="auch" WC="0.96" CC="6806"/>
						<SP ID="P4_SP00521" HPOS="1887" VPOS="2409" WIDTH="29"/>
						<String ID="P4_ST00600" HPOS="1916" VPOS="2359" WIDTH="136" HEIGHT="50" CONTENT="mehr" WC="0.96" CC="9050"/>
						<SP ID="P4_SP00522" HPOS="2052" VPOS="2409" WIDTH="28"/>
						<String ID="P4_ST00601" HPOS="2080" VPOS="2378" WIDTH="86" HEIGHT="32" CONTENT="von" WC="0.99" CC="000"/>
						<SP ID="P4_SP00523" HPOS="2166" VPOS="2410" WIDTH="30"/>
						<String ID="P4_ST00602" HPOS="2196" VPOS="2361" WIDTH="95" HEIGHT="50" CONTENT="sich" WC="0.98" CC="0026"/>
						<SP ID="P4_SP00524" HPOS="2291" VPOS="2411" WIDTH="32"/>
						<String ID="P4_ST00603" HPOS="2323" VPOS="2362" WIDTH="148" HEIGHT="51" CONTENT="hören" WC="0.96" CC="60577"/>
						<SP ID="P4_SP00525" HPOS="2471" VPOS="2413" WIDTH="29"/>
						<String ID="P4_ST00604" HPOS="2500" VPOS="2366" WIDTH="168" HEIGHT="58" CONTENT="lassen," WC="0.98" CC="7901032"/>
						<SP ID="P4_SP00526" HPOS="2668" VPOS="2424" WIDTH="31"/>
						<String ID="P4_ST00605" HPOS="2699" VPOS="2366" WIDTH="66" HEIGHT="49" CONTENT="als" WC="0.98" CC="040"/>
						<SP ID="P4_SP00527" HPOS="2765" VPOS="2424" WIDTH="31"/>
						<String ID="P4_ST00606" HPOS="2796" VPOS="2367" WIDTH="174" HEIGHT="48" CONTENT="früher." WC="0.99" CC="0006154"/>
						<SP ID="P4_SP00528" HPOS="2970" VPOS="2424" WIDTH="52"/>
						<String ID="P4_ST00607" HPOS="3022" VPOS="2368" WIDTH="64" HEIGHT="47" CONTENT="Es" WC="0.82" CC="03"/>
						<SP ID="P4_SP00529" HPOS="3086" VPOS="2424" WIDTH="38"/>
						<String ID="P4_ST00608" HPOS="3124" VPOS="2368" WIDTH="56" HEIGHT="48" CONTENT="ist" WC="0.97" CC="016"/>
						<SP ID="P4_SP00530" HPOS="3180" VPOS="2424" WIDTH="30"/>
						<String ID="P4_ST00609" HPOS="3210" VPOS="2367" WIDTH="125" HEIGHT="52" CONTENT="diese" WC="0.99" CC="00205"/>
					</TextLine>
					<TextLine ID="P4_TL00079" HPOS="1766" VPOS="2437" WIDTH="1570" HEIGHT="75">
						<String ID="P4_ST00610" HPOS="1766" VPOS="2437" WIDTH="184" HEIGHT="51" CONTENT="Anstalt" WC="0.99" CC="0005040"/>
						<SP ID="P4_SP00531" HPOS="1950" VPOS="2488" WIDTH="31"/>
						<String ID="P4_ST00611" HPOS="1981" VPOS="2439" WIDTH="102" HEIGHT="50" CONTENT="eine" WC="0.96" CC="0756"/>
						<SP ID="P4_SP00532" HPOS="2083" VPOS="2489" WIDTH="27"/>
						<String ID="P4_ST00612" HPOS="2110" VPOS="2439" WIDTH="336" HEIGHT="64" CONTENT="Musikschule," WC="0.99" CC="866090052603"/>
						<SP ID="P4_SP00533" HPOS="2446" VPOS="2503" WIDTH="32"/>
						<String ID="P4_ST00613" HPOS="2478" VPOS="2443" WIDTH="72" HEIGHT="50" CONTENT="die" WC="0.95" CC="930"/>
						<SP ID="P4_SP00534" HPOS="2550" VPOS="2503" WIDTH="30"/>
						<String ID="P4_ST00614" HPOS="2580" VPOS="2461" WIDTH="117" HEIGHT="49" CONTENT="ganz" WC="0.98" CC="0070"/>
						<SP ID="P4_SP00535" HPOS="2697" VPOS="2510" WIDTH="32"/>
						<String ID="P4_ST00615" HPOS="2729" VPOS="2452" WIDTH="84" HEIGHT="60" CONTENT="gut" WC="0.98" CC="060"/>
						<SP ID="P4_SP00536" HPOS="2813" VPOS="2512" WIDTH="32"/>
						<String ID="P4_ST00616" HPOS="2845" VPOS="2446" WIDTH="175" HEIGHT="49" CONTENT="fundirt" WC="0.84" CC="0030204"/>
						<SP ID="P4_SP00537" HPOS="3020" VPOS="2512" WIDTH="29"/>
						<String ID="P4_ST00617" HPOS="3049" VPOS="2446" WIDTH="80" HEIGHT="58" CONTENT="ist;" WC="0.97" CC="7213"/>
						<SP ID="P4_SP00538" HPOS="3129" VPOS="2512" WIDTH="31"/>
						<String ID="P4_ST00618" HPOS="3160" VPOS="2447" WIDTH="66" HEIGHT="49" CONTENT="sie" WC="0.97" CC="440"/>
						<SP ID="P4_SP00539" HPOS="3226" VPOS="2512" WIDTH="30"/>
						<String ID="P4_ST00619" HPOS="3256" VPOS="2447" WIDTH="80" HEIGHT="51" CONTENT="hat" WC="0.96" CC="306"/>
					</TextLine>
					<TextLine ID="P4_TL00080" HPOS="1764" VPOS="2517" WIDTH="1610" HEIGHT="71">
						<String ID="P4_ST00620" HPOS="1764" VPOS="2517" WIDTH="113" HEIGHT="49" CONTENT="zwei" WC="0.97" CC="6501"/>
						<SP ID="P4_SP00540" HPOS="1877" VPOS="2566" WIDTH="30"/>
						<String ID="P4_ST00621" HPOS="1907" VPOS="2517" WIDTH="69" HEIGHT="51" CONTENT="bis" WC="0.95" CC="643"/>
						<SP ID="P4_SP00541" HPOS="1976" VPOS="2568" WIDTH="23"/>
						<String ID="P4_ST00622" HPOS="1999" VPOS="2518" WIDTH="96" HEIGHT="50" CONTENT="drei" WC="0.96" CC="0970"/>
						<SP ID="P4_SP00542" HPOS="2095" VPOS="2568" WIDTH="28"/>
						<String ID="P4_ST00623" HPOS="2123" VPOS="2521" WIDTH="229" HEIGHT="49" CONTENT="Concerte" WC="0.81" CC="51600000"/>
						<SP ID="P4_SP00543" HPOS="2352" VPOS="2570" WIDTH="679"/>
						<String ID="P4_ST00624" HPOS="3031" VPOS="2561" WIDTH="16" HEIGHT="17" CONTENT="r" STYLE="subscript" WC="1.00" CC="9" STYLEREFS="TXT_2"/>
						<String ID="P4_ST00625" HPOS="3048" VPOS="2522" WIDTH="326" HEIGHT="66" CONTENT="forthe" WC="0.64" CC="040763" STYLEREFS="TXT_2"/>
					</TextLine>
					<TextLine ID="P4_TL00081" HPOS="1765" VPOS="2596" WIDTH="1569" HEIGHT="72">
						<String ID="P4_ST00626" HPOS="1765" VPOS="2596" WIDTH="231" HEIGHT="67" CONTENT="gegeben," WC="0.99" CC="00007004"/>
						<SP ID="P4_SP00544" HPOS="1996" VPOS="2663" WIDTH="43"/>
						<String ID="P4_ST00627" HPOS="2039" VPOS="2599" WIDTH="46" HEIGHT="49" CONTENT="in" WC="0.23" CC="77"/>
						<SP ID="P4_SP00545" HPOS="2085" VPOS="2663" WIDTH="29"/>
						<String ID="P4_ST00628" HPOS="2114" VPOS="2598" WIDTH="211" HEIGHT="52" CONTENT="welchen" WC="0.99" CC="0030700"/>
						<SP ID="P4_SP00546" HPOS="2325" VPOS="2663" WIDTH="31"/>
						<String ID="P4_ST00629" HPOS="2356" VPOS="2601" WIDTH="149" HEIGHT="67" CONTENT="einige" WC="0.99" CC="006600"/>
						<SP ID="P4_SP00547" HPOS="2505" VPOS="2668" WIDTH="30"/>
						<String ID="P4_ST00630" HPOS="2535" VPOS="2602" WIDTH="133" HEIGHT="51" CONTENT="recht" WC="0.98" CC="30061"/>
						<SP ID="P4_SP00548" HPOS="2668" VPOS="2668" WIDTH="29"/>
						<String ID="P4_ST00631" HPOS="2697" VPOS="2603" WIDTH="211" HEIGHT="51" CONTENT="hübsche" WC="0.99" CC="5010050"/>
						<SP ID="P4_SP00549" HPOS="2908" VPOS="2668" WIDTH="31"/>
						<String ID="P4_ST00632" HPOS="2939" VPOS="2603" WIDTH="274" HEIGHT="52" CONTENT="ausübende" WC="1.00" CC="040060100"/>
						<SP ID="P4_SP00550" HPOS="3213" VPOS="2668" WIDTH="30"/>
						<String ID="P4_ST00633" HPOS="3243" VPOS="2607" WIDTH="61" HEIGHT="49" CONTENT="Ta" SUBS_TYPE="HypPart1" SUBS_CONTENT="Talente" WC="0.98" CC="00"/>
						<HYP HPOS="3304" VPOS="2607" WIDTH="30" CONTENT="-"/>
					</TextLine>
					<TextLine ID="P4_TL00082" HPOS="1764" VPOS="2674" WIDTH="1572" HEIGHT="74">
						<String ID="P4_ST00634" HPOS="1764" VPOS="2674" WIDTH="123" HEIGHT="51" CONTENT="lente" SUBS_TYPE="HypPart2" SUBS_CONTENT="Talente" WC="0.99" CC="00600"/>
						<SP ID="P4_SP00551" HPOS="1887" VPOS="2725" WIDTH="29"/>
						<String ID="P4_ST00635" HPOS="1916" VPOS="2692" WIDTH="83" HEIGHT="33" CONTENT="aus" WC="1.00" CC="010"/>
						<SP ID="P4_SP00552" HPOS="1999" VPOS="2725" WIDTH="29"/>
						<String ID="P4_ST00636" HPOS="2028" VPOS="2674" WIDTH="84" HEIGHT="52" CONTENT="der" WC="0.98" CC="004"/>
						<SP ID="P4_SP00553" HPOS="2112" VPOS="2726" WIDTH="26"/>
						<String ID="P4_ST00637" HPOS="2138" VPOS="2678" WIDTH="117" HEIGHT="50" CONTENT="Zahl" WC="0.99" CC="0060"/>
						<SP ID="P4_SP00554" HPOS="2255" VPOS="2728" WIDTH="31"/>
						<String ID="P4_ST00638" HPOS="2286" VPOS="2678" WIDTH="84" HEIGHT="51" CONTENT="der" WC="0.95" CC="706"/>
						<SP ID="P4_SP00555" HPOS="2370" VPOS="2729" WIDTH="28"/>
						<String ID="P4_ST00639" HPOS="2398" VPOS="2682" WIDTH="227" HEIGHT="66" CONTENT="Zöglinge" WC="1.00" CC="30000700"/>
						<SP ID="P4_SP00556" HPOS="2625" VPOS="2748" WIDTH="29"/>
						<String ID="P4_ST00640" HPOS="2654" VPOS="2682" WIDTH="249" HEIGHT="51" CONTENT="auftraten." WC="1.00" CC="0250004011"/>
						<SP ID="P4_SP00557" HPOS="2903" VPOS="2748" WIDTH="32"/>
						<String ID="P4_ST00641" HPOS="2935" VPOS="2682" WIDTH="137" HEIGHT="51" CONTENT="Auch" WC="0.97" CC="6017"/>
						<SP ID="P4_SP00558" HPOS="3072" VPOS="2748" WIDTH="32"/>
						<String ID="P4_ST00642" HPOS="3104" VPOS="2682" WIDTH="82" HEIGHT="51" CONTENT="der" WC="0.97" CC="800"/>
						<SP ID="P4_SP00559" HPOS="3186" VPOS="2748" WIDTH="22"/>
						<String ID="P4_ST00643" HPOS="3208" VPOS="2683" WIDTH="128" HEIGHT="51" CONTENT="Chor" WC="0.96" CC="6433"/>
					</TextLine>
					<TextLine ID="P4_TL00083" HPOS="1764" VPOS="2753" WIDTH="1572" HEIGHT="62">
						<String ID="P4_ST00644" HPOS="1764" VPOS="2753" WIDTH="175" HEIGHT="51" CONTENT="leistete" WC="0.99" CC="40617001"/>
						<SP ID="P4_SP00560" HPOS="1939" VPOS="2804" WIDTH="43"/>
						<String ID="P4_ST00645" HPOS="1982" VPOS="2756" WIDTH="162" HEIGHT="59" CONTENT="Gutes," WC="0.99" CC="300064"/>
						<SP ID="P4_SP00561" HPOS="2144" VPOS="2815" WIDTH="47"/>
						<String ID="P4_ST00646" HPOS="2191" VPOS="2757" WIDTH="62" HEIGHT="49" CONTENT="im" WC="0.61" CC="70"/>
						<SP ID="P4_SP00562" HPOS="2253" VPOS="2815" WIDTH="52"/>
						<String ID="P4_ST00647" HPOS="2305" VPOS="2764" WIDTH="153" HEIGHT="44" CONTENT="ersten" WC="0.97" CC="490527"/>
						<SP ID="P4_SP00563" HPOS="2458" VPOS="2815" WIDTH="46"/>
						<String ID="P4_ST00648" HPOS="2504" VPOS="2761" WIDTH="228" HEIGHT="49" CONTENT="Concerte" WC="0.78" CC="72403000"/>
						<SP ID="P4_SP00564" HPOS="2732" VPOS="2815" WIDTH="40"/>
						<String ID="P4_ST00649" HPOS="2772" VPOS="2762" WIDTH="47" HEIGHT="48" CONTENT="in" WC="0.55" CC="71"/>
						<SP ID="P4_SP00565" HPOS="2819" VPOS="2815" WIDTH="43"/>
						<String ID="P4_ST00650" HPOS="2862" VPOS="2762" WIDTH="205" HEIGHT="49" CONTENT="Stücken" WC="0.99" CC="0200005"/>
						<SP ID="P4_SP00566" HPOS="3067" VPOS="2815" WIDTH="51"/>
						<String ID="P4_ST00651" HPOS="3118" VPOS="2778" WIDTH="82" HEIGHT="33" CONTENT="aus" WC="0.93" CC="970"/>
						<SP ID="P4_SP00567" HPOS="3200" VPOS="2815" WIDTH="51"/>
						<String ID="P4_ST00652" HPOS="3251" VPOS="2762" WIDTH="85" HEIGHT="51" CONTENT="der" WC="0.95" CC="940"/>
					</TextLine>
					<TextLine ID="P4_TL00084" HPOS="1764" VPOS="2833" WIDTH="1570" HEIGHT="69">
						<String ID="P4_ST00653" HPOS="1764" VPOS="2833" WIDTH="289" HEIGHT="69" CONTENT="Schöpfung," WC="0.99" CC="4664043602"/>
						<SP ID="P4_SP00568" HPOS="2053" VPOS="2902" WIDTH="45"/>
						<String ID="P4_ST00654" HPOS="2098" VPOS="2853" WIDTH="82" HEIGHT="32" CONTENT="aus" WC="0.97" CC="060"/>
						<SP ID="P4_SP00569" HPOS="2180" VPOS="2902" WIDTH="46"/>
						<String ID="P4_ST00655" HPOS="2226" VPOS="2838" WIDTH="178" HEIGHT="51" CONTENT="Costa's" WC="0.67" CC="6106034"/>
						<SP ID="P4_SP00570" HPOS="2404" VPOS="2902" WIDTH="43"/>
						<String ID="P4_ST00656" HPOS="2447" VPOS="2839" WIDTH="72" HEIGHT="50" CONTENT="Eli" WC="0.94" CC="276"/>
						<SP ID="P4_SP00571" HPOS="2519" VPOS="2902" WIDTH="42"/>
						<String ID="P4_ST00657" HPOS="2561" VPOS="2839" WIDTH="96" HEIGHT="50" CONTENT="und" WC="0.96" CC="044"/>
						<SP ID="P4_SP00572" HPOS="2657" VPOS="2902" WIDTH="42"/>
						<String ID="P4_ST00658" HPOS="2699" VPOS="2841" WIDTH="128" HEIGHT="49" CONTENT="einer" WC="0.99" CC="00032"/>
						<SP ID="P4_SP00573" HPOS="2827" VPOS="2902" WIDTH="32"/>
						<String ID="P4_ST00659" HPOS="2859" VPOS="2842" WIDTH="151" HEIGHT="49" CONTENT="Messe" WC="1.00" CC="00000"/>
						<SP ID="P4_SP00574" HPOS="3010" VPOS="2902" WIDTH="42"/>
						<String ID="P4_ST00660" HPOS="3052" VPOS="2857" WIDTH="88" HEIGHT="33" CONTENT="von" WC="0.93" CC="765"/>
						<SP ID="P4_SP00575" HPOS="3140" VPOS="2902" WIDTH="31"/>
						<String ID="P4_ST00661" HPOS="3171" VPOS="2842" WIDTH="131" HEIGHT="49" CONTENT="West" SUBS_TYPE="HypPart1" SUBS_CONTENT="Westmoreland." WC="0.46" CC="9805"/>
						<HYP HPOS="3302" VPOS="2842" WIDTH="32" CONTENT="-"/>
					</TextLine>
					<TextLine ID="P4_TL00085" HPOS="1764" VPOS="2913" WIDTH="258" HEIGHT="50">
						<String ID="P4_ST00662" HPOS="1764" VPOS="2913" WIDTH="258" HEIGHT="50" CONTENT="moreland." SUBS_TYPE="HypPart2" SUBS_CONTENT="Westmoreland." WC="0.82" CC="028000400"/>
					</TextLine>
					<TextLine ID="P4_TL00086" HPOS="1882" VPOS="2993" WIDTH="1448" HEIGHT="72">
						<String ID="P4_ST00663" HPOS="1882" VPOS="2993" WIDTH="179" HEIGHT="51" CONTENT="Nimmt" WC="0.99" CC="90000"/>
						<SP ID="P4_SP00576" HPOS="2061" VPOS="3044" WIDTH="28"/>
						<String ID="P4_ST00664" HPOS="2089" VPOS="3012" WIDTH="109" HEIGHT="33" CONTENT="man" WC="0.93" CC="908"/>
						<SP ID="P4_SP00577" HPOS="2198" VPOS="3045" WIDTH="31"/>
						<String ID="P4_ST00665" HPOS="2229" VPOS="2996" WIDTH="146" HEIGHT="50" CONTENT="dieses" WC="1.00" CC="000230"/>
						<SP ID="P4_SP00578" HPOS="2375" VPOS="3046" WIDTH="29"/>
						<String ID="P4_ST00666" HPOS="2404" VPOS="2997" WIDTH="112" HEIGHT="51" CONTENT="alles" WC="0.99" CC="00700"/>
						<SP ID="P4_SP00579" HPOS="2516" VPOS="3048" WIDTH="34"/>
						<String ID="P4_ST00667" HPOS="2550" VPOS="3015" WIDTH="287" HEIGHT="44" CONTENT="zusammen," WC="0.99" CC="341040003"/>
						<SP ID="P4_SP00580" HPOS="2837" VPOS="3059" WIDTH="43"/>
						<String ID="P4_ST00668" HPOS="2880" VPOS="3016" WIDTH="51" HEIGHT="33" CONTENT="so" WC="1.00" CC="00"/>
						<SP ID="P4_SP00581" HPOS="2931" VPOS="3059" WIDTH="32"/>
						<String ID="P4_ST00669" HPOS="2963" VPOS="2998" WIDTH="117" HEIGHT="51" CONTENT="wird" WC="0.98" CC="0550"/>
						<SP ID="P4_SP00582" HPOS="3080" VPOS="3059" WIDTH="29"/>
						<String ID="P4_ST00670" HPOS="3109" VPOS="3016" WIDTH="110" HEIGHT="33" CONTENT="man" WC="0.94" CC="906"/>
						<SP ID="P4_SP00583" HPOS="3219" VPOS="3059" WIDTH="31"/>
						<String ID="P4_ST00671" HPOS="3250" VPOS="3016" WIDTH="54" HEIGHT="49" CONTENT="ge" SUBS_TYPE="HypPart1" SUBS_CONTENT="gestehen," WC="0.92" CC="97"/>
						<HYP HPOS="3304" VPOS="3016" WIDTH="26" CONTENT="-"/>
					</TextLine>
					<TextLine ID="P4_TL00087" HPOS="1761" VPOS="3071" WIDTH="1567" HEIGHT="59">
						<String ID="P4_ST00672" HPOS="1761" VPOS="3071" WIDTH="181" HEIGHT="59" CONTENT="stehen," SUBS_TYPE="HypPart2" SUBS_CONTENT="gestehen," WC="0.98" CC="0607560"/>
						<SP ID="P4_SP00584" HPOS="1942" VPOS="3130" WIDTH="31"/>
						<String ID="P4_ST00673" HPOS="1973" VPOS="3072" WIDTH="104" HEIGHT="51" CONTENT="dass" WC="0.51" CC="0854"/>
						<SP ID="P4_SP00585" HPOS="2077" VPOS="3130" WIDTH="30"/>
						<String ID="P4_ST00674" HPOS="2107" VPOS="3074" WIDTH="132" HEIGHT="50" CONTENT="Paris" WC="0.98" CC="06520"/>
						<SP ID="P4_SP00586" HPOS="2239" VPOS="3130" WIDTH="30"/>
						<String ID="P4_ST00675" HPOS="2269" VPOS="3074" WIDTH="43" HEIGHT="49" CONTENT="in" WC="0.50" CC="63"/>
						<SP ID="P4_SP00587" HPOS="2312" VPOS="3130" WIDTH="31"/>
						<String ID="P4_ST00676" HPOS="2343" VPOS="3074" WIDTH="217" HEIGHT="52" CONTENT="Hinsicht" WC="0.99" CC="50000773"/>
						<SP ID="P4_SP00588" HPOS="2560" VPOS="3130" WIDTH="31"/>
						<String ID="P4_ST00677" HPOS="2591" VPOS="3078" WIDTH="85" HEIGHT="48" CONTENT="auf" WC="0.97" CC="007"/>
						<SP ID="P4_SP00589" HPOS="2676" VPOS="3130" WIDTH="21"/>
						<String ID="P4_ST00678" HPOS="2697" VPOS="3077" WIDTH="601" HEIGHT="51" CONTENT="Vocalmusik-Aufführun" SUBS_TYPE="HypPart1" SUBS_CONTENT="Vocalmusik-Aufführungen" WC="0.79" CC="00053040000030097033"/>
						<HYP HPOS="3298" VPOS="3077" WIDTH="30" CONTENT="-"/>
					</TextLine>
					<TextLine ID="P4_TL00088" HPOS="1760" VPOS="3153" WIDTH="1570" HEIGHT="70">
						<String ID="P4_ST00679" HPOS="1760" VPOS="3167" WIDTH="91" HEIGHT="50" CONTENT="gen" SUBS_TYPE="HypPart2" SUBS_CONTENT="Vocalmusik-Aufführungen" WC="0.80" CC="014"/>
						<SP ID="P4_SP00590" HPOS="1851" VPOS="3217" WIDTH="31"/>
						<String ID="P4_ST00680" HPOS="1882" VPOS="3168" WIDTH="86" HEIGHT="32" CONTENT="von" WC="0.97" CC="008"/>
						<SP ID="P4_SP00591" HPOS="1968" VPOS="3217" WIDTH="31"/>
						<String ID="P4_ST00681" HPOS="1999" VPOS="3153" WIDTH="218" HEIGHT="50" CONTENT="Werken" WC="0.98" CC="000924"/>
						<SP ID="P4_SP00592" HPOS="2217" VPOS="3217" WIDTH="29"/>
						<String ID="P4_ST00682" HPOS="2246" VPOS="3162" WIDTH="179" HEIGHT="42" CONTENT="ernster" WC="1.00" CC="0410010"/>
						<SP ID="P4_SP00593" HPOS="2425" VPOS="3217" WIDTH="31"/>
						<String ID="P4_ST00683" HPOS="2456" VPOS="3157" WIDTH="211" HEIGHT="66" CONTENT="Galtung" WC="0.98" CC="5904070"/>
						<SP ID="P4_SP00594" HPOS="2667" VPOS="3223" WIDTH="43"/>
						<String ID="P4_ST00684" HPOS="2710" VPOS="3157" WIDTH="127" HEIGHT="51" CONTENT="nicht" WC="0.98" CC="50740"/>
						<SP ID="P4_SP00595" HPOS="2837" VPOS="3223" WIDTH="35"/>
						<String ID="P4_ST00685" HPOS="2872" VPOS="3157" WIDTH="91" HEIGHT="51" CONTENT="den" WC="0.97" CC="006"/>
						<SP ID="P4_SP00596" HPOS="2963" VPOS="3223" WIDTH="30"/>
						<String ID="P4_ST00686" HPOS="2993" VPOS="3158" WIDTH="337" HEIGHT="51" CONTENT="ensferntesten" WC="0.66" CC="0031027606708"/>
					</TextLine>
					<TextLine ID="P4_TL00089" HPOS="1764" VPOS="3231" WIDTH="1035" HEIGHT="66">
						<String ID="P4_ST00687" HPOS="1764" VPOS="3231" WIDTH="246" HEIGHT="66" CONTENT="Vergleich" WC="0.99" CC="000903306"/>
						<SP ID="P4_SP00597" HPOS="2010" VPOS="3297" WIDTH="34"/>
						<String ID="P4_ST00688" HPOS="2044" VPOS="3232" WIDTH="82" HEIGHT="49" CONTENT="mit" WC="0.93" CC="935"/>
						<SP ID="P4_SP00598" HPOS="2126" VPOS="3297" WIDTH="29"/>
						<String ID="P4_ST00689" HPOS="2155" VPOS="3232" WIDTH="198" HEIGHT="51" CONTENT="London" WC="1.00" CC="002001"/>
						<SP ID="P4_SP00599" HPOS="2353" VPOS="3297" WIDTH="31"/>
						<String ID="P4_ST00690" HPOS="2384" VPOS="3234" WIDTH="243" HEIGHT="51" CONTENT="aushalten" WC="0.99" CC="060705304"/>
						<SP ID="P4_SP00600" HPOS="2627" VPOS="3297" WIDTH="30"/>
						<String ID="P4_ST00691" HPOS="2657" VPOS="3236" WIDTH="142" HEIGHT="50" CONTENT="kann." WC="0.98" CC="00454"/>
					</TextLine>
					<TextLine ID="P4_TL00090" HPOS="2354" VPOS="3312" WIDTH="383" HEIGHT="71">
						<String ID="P4_ST00692" HPOS="2354" VPOS="3312" WIDTH="205" HEIGHT="68" CONTENT="(Schluss" WC="0.54" CC="46253661"/>
						<SP ID="P4_SP00601" HPOS="2559" VPOS="3380" WIDTH="32"/>
						<String ID="P4_ST00693" HPOS="2591" VPOS="3314" WIDTH="146" HEIGHT="69" CONTENT="folgt.)" WC="0.98" CC="7530044"/>
					</TextLine>
				</TextBlock>
				<TextBlock ID="P4_TB00005" HPOS="1855" VPOS="3575" WIDTH="1375" HEIGHT="85" STYLEREFS="TXT_4 PAR_RIGHT">
					<TextLine ID="P4_TL00091" HPOS="1856" VPOS="3576" WIDTH="1374" HEIGHT="75">
						<String ID="P4_ST00694" HPOS="1856" VPOS="3576" WIDTH="133" HEIGHT="60" CONTENT="Neue" WC="0.94" CC="7774" STYLEREFS="TXT_5"/>
						<SP ID="P4_SP00602" HPOS="1989" VPOS="3636" WIDTH="39"/>
						<String ID="P4_ST00695" HPOS="2028" VPOS="3577" WIDTH="235" HEIGHT="74" CONTENT="Ausgabe" WC="0.97" CC="8806581" STYLEREFS="TXT_5"/>
						<SP ID="P4_SP00603" HPOS="2263" VPOS="3651" WIDTH="29"/>
						<String ID="P4_ST00696" HPOS="2292" VPOS="3576" WIDTH="323" HEIGHT="75" CONTENT="classischer" WC="0.96" CC="00000000000"/>
						<SP ID="P4_SP00604" HPOS="2615" VPOS="3651" WIDTH="29"/>
						<String ID="P4_ST00697" HPOS="2644" VPOS="3576" WIDTH="586" HEIGHT="75" CONTENT="Clavier-Componisten." WC="0.96" CC="00000000000000000000"/>
					</TextLine>
				</TextBlock>
				<TextBlock ID="P4_TB00006" HPOS="1755" VPOS="3711" WIDTH="1574" HEIGHT="537" STYLEREFS="TXT_0 PAR_BLOCK">
					<TextLine ID="P4_TL00092" HPOS="1873" VPOS="3711" WIDTH="1452" HEIGHT="54">
						<String ID="P4_ST00698" HPOS="1873" VPOS="3711" WIDTH="159" HEIGHT="49" CONTENT="Kaum" WC="0.97" CC="1650"/>
						<SP ID="P4_SP00605" HPOS="2032" VPOS="3760" WIDTH="39"/>
						<String ID="P4_ST00699" HPOS="2071" VPOS="3712" WIDTH="81" HEIGHT="49" CONTENT="hat" WC="0.98" CC="500"/>
						<SP ID="P4_SP00606" HPOS="2152" VPOS="3761" WIDTH="28"/>
						<String ID="P4_ST00700" HPOS="2180" VPOS="3713" WIDTH="139" HEIGHT="50" CONTENT="Holle" WC="0.98" CC="72003"/>
						<SP ID="P4_SP00607" HPOS="2319" VPOS="3763" WIDTH="42"/>
						<String ID="P4_ST00701" HPOS="2361" VPOS="3713" WIDTH="44" HEIGHT="50" CONTENT="in" WC="0.67" CC="05"/>
						<SP ID="P4_SP00608" HPOS="2405" VPOS="3763" WIDTH="33"/>
						<String ID="P4_ST00702" HPOS="2438" VPOS="3713" WIDTH="347" HEIGHT="52" CONTENT="Wolfenbüttel" WC="0.99" CC="024954703003"/>
						<SP ID="P4_SP00609" HPOS="2785" VPOS="3765" WIDTH="44"/>
						<String ID="P4_ST00703" HPOS="2829" VPOS="3716" WIDTH="148" HEIGHT="49" CONTENT="durch" WC="0.99" CC="00106"/>
						<SP ID="P4_SP00610" HPOS="2977" VPOS="3765" WIDTH="43"/>
						<String ID="P4_ST00704" HPOS="3020" VPOS="3717" WIDTH="126" HEIGHT="48" CONTENT="seine" WC="0.99" CC="00050"/>
						<SP ID="P4_SP00611" HPOS="3146" VPOS="3765" WIDTH="29"/>
						<String ID="P4_ST00705" HPOS="3175" VPOS="3717" WIDTH="120" HEIGHT="48" CONTENT="wohl" SUBS_TYPE="HypPart1" SUBS_CONTENT="wohlfeilen" WC="0.98" CC="0326"/>
						<HYP HPOS="3295" VPOS="3717" WIDTH="30" CONTENT="-"/>
					</TextLine>
					<TextLine ID="P4_TL00093" HPOS="1755" VPOS="3788" WIDTH="1572" HEIGHT="68">
						<String ID="P4_ST00706" HPOS="1755" VPOS="3788" WIDTH="137" HEIGHT="51" CONTENT="feilen" SUBS_TYPE="HypPart2" SUBS_CONTENT="wohlfeilen" WC="1.00" CC="000104"/>
						<SP ID="P4_SP00612" HPOS="1892" VPOS="3839" WIDTH="29"/>
						<String ID="P4_ST00707" HPOS="1921" VPOS="3789" WIDTH="259" HEIGHT="67" CONTENT="Ausgaben" WC="0.99" CC="35100258"/>
						<SP ID="P4_SP00613" HPOS="2180" VPOS="3856" WIDTH="30"/>
						<String ID="P4_ST00708" HPOS="2210" VPOS="3790" WIDTH="83" HEIGHT="54" CONTENT="der" WC="0.97" CC="007"/>
						<SP ID="P4_SP00614" HPOS="2293" VPOS="3856" WIDTH="32"/>
						<String ID="P4_ST00709" HPOS="2325" VPOS="3792" WIDTH="343" HEIGHT="51" CONTENT="Ciavierwerke" WC="1.00" CC="511400400004"/>
						<SP ID="P4_SP00615" HPOS="2668" VPOS="3856" WIDTH="42"/>
						<String ID="P4_ST00710" HPOS="2710" VPOS="3793" WIDTH="85" HEIGHT="51" CONTENT="der" WC="0.99" CC="020"/>
						<SP ID="P4_SP00616" HPOS="2795" VPOS="3856" WIDTH="36"/>
						<String ID="P4_ST00711" HPOS="2831" VPOS="3796" WIDTH="275" HEIGHT="48" CONTENT="elassischen" WC="0.72" CC="55000050608"/>
						<SP ID="P4_SP00617" HPOS="3106" VPOS="3856" WIDTH="27"/>
						<String ID="P4_ST00712" HPOS="3133" VPOS="3794" WIDTH="194" HEIGHT="50" CONTENT="Meister" WC="0.99" CC="0101006"/>
					</TextLine>
					<TextLine ID="P4_TL00094" HPOS="1756" VPOS="3867" WIDTH="1573" HEIGHT="68">
						<String ID="P4_ST00713" HPOS="1756" VPOS="3867" WIDTH="75" HEIGHT="49" CONTENT="die" WC="1.00" CC="000"/>
						<SP ID="P4_SP00618" HPOS="1831" VPOS="3916" WIDTH="29"/>
						<String ID="P4_ST00714" HPOS="1860" VPOS="3868" WIDTH="135" HEIGHT="49" CONTENT="Bahn" WC="0.98" CC="7030"/>
						<SP ID="P4_SP00619" HPOS="1995" VPOS="3917" WIDTH="30"/>
						<String ID="P4_ST00715" HPOS="2025" VPOS="3869" WIDTH="289" HEIGHT="66" CONTENT="gebrochen," WC="1.00" CC="0033003000"/>
						<SP ID="P4_SP00620" HPOS="2314" VPOS="3935" WIDTH="29"/>
						<String ID="P4_ST00716" HPOS="2343" VPOS="3870" WIDTH="126" HEIGHT="50" CONTENT="diese" WC="0.98" CC="04600"/>
						<SP ID="P4_SP00621" HPOS="2469" VPOS="3935" WIDTH="31"/>
						<String ID="P4_ST00717" HPOS="2500" VPOS="3872" WIDTH="192" HEIGHT="51" CONTENT="Schätze" WC="0.98" CC="5760525"/>
						<SP ID="P4_SP00622" HPOS="2692" VPOS="3935" WIDTH="29"/>
						<String ID="P4_ST00718" HPOS="2721" VPOS="3873" WIDTH="125" HEIGHT="50" CONTENT="beim" WC="0.98" CC="6010"/>
						<SP ID="P4_SP00623" HPOS="2846" VPOS="3935" WIDTH="32"/>
						<String ID="P4_ST00719" HPOS="2878" VPOS="3874" WIDTH="149" HEIGHT="49" CONTENT="Volke" WC="1.00" CC="02000"/>
						<SP ID="P4_SP00624" HPOS="3027" VPOS="3935" WIDTH="30"/>
						<String ID="P4_ST00720" HPOS="3057" VPOS="3873" WIDTH="45" HEIGHT="48" CONTENT="in" WC="0.78" CC="04"/>
						<SP ID="P4_SP00625" HPOS="3102" VPOS="3935" WIDTH="28"/>
						<String ID="P4_ST00721" HPOS="3130" VPOS="3873" WIDTH="199" HEIGHT="50" CONTENT="Umlauf" WC="0.98" CC="544060"/>
					</TextLine>
					<TextLine ID="P4_TL00095" HPOS="1755" VPOS="3945" WIDTH="1572" HEIGHT="69">
						<String ID="P4_ST00722" HPOS="1755" VPOS="3964" WIDTH="57" HEIGHT="32" CONTENT="zu" WC="0.58" CC="25"/>
						<SP ID="P4_SP00626" HPOS="1812" VPOS="3996" WIDTH="29"/>
						<String ID="P4_ST00723" HPOS="1841" VPOS="3945" WIDTH="215" HEIGHT="69" CONTENT="bringen," WC="0.99" CC="65040000"/>
						<SP ID="P4_SP00627" HPOS="2056" VPOS="4014" WIDTH="44"/>
						<String ID="P4_ST00724" HPOS="2100" VPOS="3966" WIDTH="50" HEIGHT="33" CONTENT="so" WC="1.00" CC="00"/>
						<SP ID="P4_SP00628" HPOS="2150" VPOS="4014" WIDTH="42"/>
						<String ID="P4_ST00725" HPOS="2192" VPOS="3950" WIDTH="82" HEIGHT="50" CONTENT="hat" WC="0.94" CC="590"/>
						<SP ID="P4_SP00629" HPOS="2274" VPOS="4014" WIDTH="37"/>
						<String ID="P4_ST00726" HPOS="2311" VPOS="3968" WIDTH="52" HEIGHT="32" CONTENT="er" WC="0.61" CC="34"/>
						<SP ID="P4_SP00630" HPOS="2363" VPOS="4014" WIDTH="31"/>
						<String ID="P4_ST00727" HPOS="2394" VPOS="3950" WIDTH="118" HEIGHT="50" CONTENT="auch" WC="0.97" CC="0416"/>
						<SP ID="P4_SP00631" HPOS="2512" VPOS="4014" WIDTH="30"/>
						<String ID="P4_ST00728" HPOS="2542" VPOS="3950" WIDTH="144" HEIGHT="51" CONTENT="schon" WC="0.99" CC="20601"/>
						<SP ID="P4_SP00632" HPOS="2686" VPOS="4014" WIDTH="30"/>
						<String ID="P4_ST00729" HPOS="2716" VPOS="3953" WIDTH="135" HEIGHT="48" CONTENT="einen" WC="0.99" CC="50002"/>
						<SP ID="P4_SP00633" HPOS="2851" VPOS="4014" WIDTH="29"/>
						<String ID="P4_ST00730" HPOS="2880" VPOS="3950" WIDTH="338" HEIGHT="51" CONTENT="Mitbewerber" WC="1.00" CC="00080000700"/>
						<SP ID="P4_SP00634" HPOS="3218" VPOS="4014" WIDTH="29"/>
						<String ID="P4_ST00731" HPOS="3247" VPOS="3971" WIDTH="80" HEIGHT="32" CONTENT="um" WC="0.82" CC="30"/>
					</TextLine>
					<TextLine ID="P4_TL00096" HPOS="1757" VPOS="4024" WIDTH="1566" HEIGHT="70">
						<String ID="P4_ST00732" HPOS="1757" VPOS="4024" WIDTH="146" HEIGHT="51" CONTENT="dieses" WC="1.00" CC="000000"/>
						<SP ID="P4_SP00635" HPOS="1903" VPOS="4075" WIDTH="30"/>
						<String ID="P4_ST00733" HPOS="1933" VPOS="4027" WIDTH="251" HEIGHT="49" CONTENT="Verdienst" WC="1.00" CC="000002504"/>
						<SP ID="P4_SP00636" HPOS="2184" VPOS="4076" WIDTH="28"/>
						<String ID="P4_ST00734" HPOS="2212" VPOS="4027" WIDTH="253" HEIGHT="67" CONTENT="gefunden," WC="0.99" CC="017750061"/>
						<SP ID="P4_SP00637" HPOS="2465" VPOS="4094" WIDTH="49"/>
						<String ID="P4_ST00735" HPOS="2514" VPOS="4028" WIDTH="96" HEIGHT="51" CONTENT="und" WC="0.94" CC="087"/>
						<SP ID="P4_SP00638" HPOS="2610" VPOS="4094" WIDTH="42"/>
						<String ID="P4_ST00736" HPOS="2652" VPOS="4047" WIDTH="49" HEIGHT="33" CONTENT="so" WC="0.86" CC="02"/>
						<SP ID="P4_SP00639" HPOS="2701" VPOS="4094" WIDTH="46"/>
						<String ID="P4_ST00737" HPOS="2747" VPOS="4030" WIDTH="87" HEIGHT="49" CONTENT="wie" WC="1.00" CC="000"/>
						<SP ID="P4_SP00640" HPOS="2834" VPOS="4094" WIDTH="44"/>
						<String ID="P4_ST00738" HPOS="2878" VPOS="4030" WIDTH="80" HEIGHT="49" CONTENT="ihn" WC="0.96" CC="044"/>
						<SP ID="P4_SP00641" HPOS="2958" VPOS="4094" WIDTH="40"/>
						<String ID="P4_ST00739" HPOS="2998" VPOS="4030" WIDTH="55" HEIGHT="49" CONTENT="F." WC="0.47" CC="64"/>
						<SP ID="P4_SP00642" HPOS="3053" VPOS="4094" WIDTH="29"/>
						<String ID="P4_ST00740" HPOS="3082" VPOS="4030" WIDTH="137" HEIGHT="60" CONTENT="Liszt," WC="0.95" CC="000002"/>
						<SP ID="P4_SP00643" HPOS="3219" VPOS="4094" WIDTH="50"/>
						<String ID="P4_ST00741" HPOS="3269" VPOS="4032" WIDTH="54" HEIGHT="49" CONTENT="F." WC="0.58" CC="44"/>
					</TextLine>
					<TextLine ID="P4_TL00097" HPOS="1760" VPOS="4104" WIDTH="1566" HEIGHT="67">
						<String ID="P4_ST00742" HPOS="1760" VPOS="4104" WIDTH="296" HEIGHT="67" CONTENT="Chrysander" WC="0.72" CC="6360008003"/>
						<SP ID="P4_SP00644" HPOS="2056" VPOS="4171" WIDTH="29"/>
						<String ID="P4_ST00743" HPOS="2085" VPOS="4107" WIDTH="97" HEIGHT="49" CONTENT="und" WC="1.00" CC="000"/>
						<SP ID="P4_SP00645" HPOS="2182" VPOS="4171" WIDTH="26"/>
						<String ID="P4_ST00744" HPOS="2208" VPOS="4105" WIDTH="192" HEIGHT="51" CONTENT="Andere" WC="0.99" CC="020045"/>
						<SP ID="P4_SP00646" HPOS="2400" VPOS="4171" WIDTH="29"/>
						<String ID="P4_ST00745" HPOS="2429" VPOS="4108" WIDTH="83" HEIGHT="48" CONTENT="mit" WC="0.94" CC="553"/>
						<SP ID="P4_SP00647" HPOS="2512" VPOS="4171" WIDTH="28"/>
						<String ID="P4_ST00746" HPOS="2540" VPOS="4108" WIDTH="150" HEIGHT="51" CONTENT="ihrem" WC="0.97" CC="67240"/>
						<SP ID="P4_SP00648" HPOS="2690" VPOS="4171" WIDTH="22"/>
						<String ID="P4_ST00747" HPOS="2712" VPOS="4108" WIDTH="195" HEIGHT="51" CONTENT="Wissen" WC="0.99" CC="000305"/>
						<SP ID="P4_SP00649" HPOS="2907" VPOS="4171" WIDTH="29"/>
						<String ID="P4_ST00748" HPOS="2936" VPOS="4113" WIDTH="278" HEIGHT="47" CONTENT="unterstützt" WC="1.00" CC="65000000304"/>
						<SP ID="P4_SP00650" HPOS="3214" VPOS="4171" WIDTH="27"/>
						<String ID="P4_ST00749" HPOS="3241" VPOS="4110" WIDTH="57" HEIGHT="51" CONTENT="ha" SUBS_TYPE="HypPart1" SUBS_CONTENT="haben," WC="0.94" CC="65"/>
						<HYP HPOS="3298" VPOS="4110" WIDTH="28" CONTENT="-"/>
					</TextLine>
					<TextLine ID="P4_TL00098" HPOS="1757" VPOS="4180" WIDTH="1566" HEIGHT="68">
						<String ID="P4_ST00750" HPOS="1757" VPOS="4180" WIDTH="107" HEIGHT="63" CONTENT="ben," SUBS_TYPE="HypPart2" SUBS_CONTENT="haben," WC="0.97" CC="7142"/>
						<SP ID="P4_SP00651" HPOS="1864" VPOS="4243" WIDTH="43"/>
						<String ID="P4_ST00751" HPOS="1907" VPOS="4201" WIDTH="50" HEIGHT="33" CONTENT="so" WC="1.00" CC="00"/>
						<SP ID="P4_SP00652" HPOS="1957" VPOS="4243" WIDTH="30"/>
						<String ID="P4_ST00752" HPOS="1987" VPOS="4184" WIDTH="82" HEIGHT="51" CONTENT="hat" WC="0.95" CC="605"/>
						<SP ID="P4_SP00653" HPOS="2069" VPOS="4243" WIDTH="28"/>
						<String ID="P4_ST00753" HPOS="2097" VPOS="4184" WIDTH="120" HEIGHT="51" CONTENT="auch" WC="0.98" CC="0404"/>
						<SP ID="P4_SP00654" HPOS="2217" VPOS="4243" WIDTH="31"/>
						<String ID="P4_ST00754" HPOS="2248" VPOS="4184" WIDTH="150" HEIGHT="50" CONTENT="dieser" WC="1.00" CC="002000"/>
						<SP ID="P4_SP00655" HPOS="2398" VPOS="4243" WIDTH="39"/>
						<String ID="P4_ST00755" HPOS="2437" VPOS="4185" WIDTH="43" HEIGHT="50" CONTENT="in" WC="0.59" CC="08"/>
						<SP ID="P4_SP00656" HPOS="2480" VPOS="4243" WIDTH="31"/>
						<String ID="P4_ST00756" HPOS="2511" VPOS="4187" WIDTH="40" HEIGHT="50" CONTENT="J." WC="0.66" CC="60"/>
						<SP ID="P4_SP00657" HPOS="2551" VPOS="4243" WIDTH="31"/>
						<String ID="P4_ST00757" HPOS="2582" VPOS="4187" WIDTH="275" HEIGHT="61" CONTENT="Moscheies," WC="0.99" CC="0600602004"/>
						<SP ID="P4_SP00658" HPOS="2857" VPOS="4248" WIDTH="43"/>
						<String ID="P4_ST00758" HPOS="2900" VPOS="4185" WIDTH="107" HEIGHT="52" CONTENT="dem" WC="0.96" CC="720"/>
						<SP ID="P4_SP00659" HPOS="3007" VPOS="4248" WIDTH="31"/>
						<String ID="P4_ST00759" HPOS="3038" VPOS="4187" WIDTH="285" HEIGHT="52" CONTENT="berühmten" WC="0.98" CC="300865606"/>
					</TextLine>
				</TextBlock>
			</PrintSpace>
		</Page>
	</Layout>
</alto>
