2761 4084
629 225 24 33 6

627 336 797 78 SHAKESPEARE
1497 343 125 63 AS
1698 343 886 81 SCENOGRAPHER

629 438 119 77 by
832 438 599 67 Alexander
1520 444 379 69 Hevesi

1273 608 17 27 t
1312 607 32 28 is
1364 608 208 36 commonly
1595 611 173 35 accepted
1787 612 47 36 by
1854 613 60 29 art
1937 612 205 30 historians
2158 614 85 30 that
2259 613 64 31 the
2347 614 208 37 Shakespea-

1274 668 82 29 rian
1373 669 107 36 stage
1496 678 76 21 was
1585 679 21 21 a
1619 674 98 28 most
1728 674 204 36 primitive,
1945 674 135 32 almost
2093 675 192 37 symbolic,
2299 681 280 34 arrangement.

1273 735 45 26 &
1370 733 31 29 It
1422 741 77 21 was
1523 742 102 21 more
1648 743 21 20 a
1692 736 149 34 podium
1866 736 92 30 than
1982 745 21 22 a
2025 739 121 36 stage,
2168 739 163 30 without
2355 747 71 29 any
2450 740 38 31 of
2510 742 64 29 the

1274 794 171 30 illusions
1466 795 122 30 which
1612 803 64 22 are
1699 797 160 35 possible
1877 799 37 28 in
1932 807 69 21 our
2017 800 155 29 modern
2190 808 47 31 up
2255 802 38 28 to
2311 802 85 30 date
2413 802 164 32 theatre.

1275 858 32 28 It
1329 856 107 30 could
1455 858 66 28 not
1533 858 162 35 produce
1712 867 72 28 any
1800 858 37 30 of
1852 860 64 29 the
1933 862 148 29 artistic
2097 862 227 31 revelations
2341 863 38 30 of
2393 864 65 29 the
2475 866 84 34 pain-

1273 920 62 28 ter
1351 926 69 23 nor
1436 926 72 30 any
1525 919 38 30 of
1584 919 64 30 the
1671 921 187 29 technical
1880 923 172 31 wonders
2076 923 37 31 of
2134 924 64 30 the
2222 924 230 32 electrician.
2497 927 38 29 In
2558 935 21 21 a

1273 981 102 29 word
1393 981 31 29 it
1435 989 76 21 was
1528 989 21 21 a
1563 989 90 29 very
1673 982 189 35 primitive
1885 984 120 36 stage.
2043 985 219 30 Celebrated
2283 986 205 30 historians
2506 989 72 28 and

1275 1043 126 30 critics
1419 1043 37 30 of
1470 1043 258 37 Shakespeare
1745 1044 92 30 have
1854 1044 191 37 explained
2063 1047 65 30 the
2144 1047 161 30 relation
2330 1048 38 30 of
2389 1048 77 31 this
2489 1056 91 31 very

1276 1107 136 29 barren
1427 1107 107 35 stage
1550 1105 72 30 and
1638 1105 66 30 the
1728 1105 114 31 effect
1857 1114 47 22 on
1920 1107 66 30 the
2001 1109 191 34 spectator
2208 1109 37 30 of
2259 1110 66 31 the
2340 1110 93 30 time
2449 1112 39 28 in
2503 1112 76 30 this

1274 1175 169 23 manner:
1456 1168 86 29 that
1553 1168 66 29 the
1633 1168 200 29 audiences
1847 1168 37 29 of
1895 1169 65 29 the
1975 1169 140 31 Golden
2130 1171 70 30 Era
2212 1171 38 30 of
2261 1173 65 29 the
2337 1171 242 33 Elizabethan

1273 1230 218 31 dramatists
1507 1237 99 23 were
1622 1230 100 30 most
1744 1230 108 30 naive
1875 1232 72 28 and
1971 1232 187 35 receptive
2181 1234 71 28 and
2277 1234 99 30 most
2397 1234 182 37 willingly

1271 1292 214 32 renounced
1501 1292 65 30 the
1582 1291 300 37 pleasantnesses
1895 1291 38 32 of
1947 1300 21 23 a
1983 1293 133 37 strong
2129 1293 163 32 illusion.
2305 1295 75 31 The
2395 1296 131 36 people
2543 1297 37 31 of

623 1359 87 29 that
724 1359 92 29 time
832 1359 71 29 had
921 1367 103 22 more
1040 1358 247 37 imagination
1303 1356 92 30 than
1413 1362 69 23 our
1498 1355 108 36 great
1622 1355 144 29 crowds
1788 1354 39 30 of
1841 1355 130 37 to»day
1994 1355 71 30 and
2089 1356 91 37 they
2201 1356 182 39 willingly
2404 1357 174 32 followed

624 1420 65 29 the
713 1421 89 35 poet
824 1421 38 28 in
885 1421 103 29 what
1011 1421 46 29 he
1080 1420 72 29 had
1169 1420 40 29 to
1225 1426 65 29 say
1307 1418 71 30 and
1395 1416 102 31 what
1513 1416 46 30 he
1576 1416 70 30 had
1670 1416 40 29 to
1734 1417 166 36 suggest.
2025 1423 45 25 £?

705 1482 31 28 Is
772 1481 108 31 there
919 1483 66 29 not
1007 1490 21 22 a
1050 1480 210 38 possibility
1295 1480 86 29 that
1416 1479 77 29 this
1523 1477 229 37 universally
1775 1479 175 35 accepted
1972 1477 218 33 favourable
2213 1481 152 34 opinion
2382 1482 117 29 about
2514 1482 65 30 the

624 1543 201 30 audiences
848 1543 38 30 of
906 1543 86 30 that
1014 1543 91 30 time
1128 1543 31 29 is
1182 1541 146 36 subject
1350 1541 39 29 to
1413 1549 21 21 a
1454 1539 262 31 fundamental
1740 1540 372 37 misunderstanding
2135 1540 37 31 of
2192 1541 66 30 the
2281 1541 297 38 Shakespearian

625 1605 128 29 drama
765 1604 19 30 ?
818 1605 94 37 Why
933 1604 133 31 should
1089 1612 57 22 we
1168 1605 83 29 rate
1273 1603 65 30 the
1360 1601 300 37 Shakespearian
1682 1602 199 30 audiences
1905 1602 133 36 higher
2059 1603 94 29 than
2176 1604 47 30 he
2247 1604 60 29 did
2338 1604 150 31 himself
2500 1605 17 30 ?
2548 1606 31 28 Is

624 1667 31 28 it
678 1667 67 29 not
766 1674 21 22 a
809 1665 77 31 fact
907 1667 84 29 that
1013 1666 255 36 Shakespeare
1292 1663 125 31 mocks
1441 1665 40 28 at
1517 1663 198 30 audiences
1738 1663 37 30 in
2042 1665 32 28 It
2096 1665 31 29 is
2150 1665 138 37 always
2310 1666 65 29 the
2397 1666 182 30 audience

623 1727 84 30 who
731 1728 38 29 in
793 1728 111 30 order
926 1729 40 28 to
989 1729 124 28 arrive
1136 1729 40 28 at
1199 1727 144 30 certain
1368 1726 114 35 cheap
1505 1724 132 31 effects
1660 1724 114 37 spoils
1796 1726 65 29 the
1889 1726 106 29 actor
2017 1726 71 29 and
2114 1734 68 22 can
2206 1734 115 23 never
2345 1728 233 30 understand

624 1790 72 29 and
720 1790 213 35 appreciate
955 1790 65 29 the
1037 1789 77 30 real
1137 1789 100 36 poet.
1302 1787 94 30 That
1418 1795 46 21 an
1489 1787 181 29 audience
1697 1787 164 29 without
1888 1787 64 29 the
1982 1794 137 29 proper
2147 1789 124 29 scenic
2300 1789 280 38 environment,

623 1851 163 30 without
809 1851 251 36 decorations,
1084 1850 156 30 entered
1266 1849 81 29 into
1363 1849 65 30 the
1444 1849 210 36 imaginary
1669 1848 165 36 pictures
1851 1847 38 30 of
1904 1848 64 29 the
1985 1849 89 35 poet
2089 1849 30 29 is
2136 1851 68 28 not
2220 1850 71 29 due
2306 1851 39 29 to
2363 1851 48 29 its
2436 1851 143 37 naivity

624 1920 42 22 or
689 1913 39 29 to
752 1913 49 29 its
823 1913 275 36 receptiveness
1122 1912 68 29 but
1212 1912 40 29 to
1274 1911 64 29 the
1361 1909 178 36 peculiar,
1562 1917 70 22 one
1662 1917 84 30 may
1773 1917 66 29 say
1862 1910 151 35 unique,
2037 1910 183 30 dramatic
2237 1912 60 29 art
2324 1912 122 30 which
2476 1914 102 29 since

623 1974 92 29 then
746 1974 65 30 has
835 1975 93 29 been
951 1982 41 22 so
1016 1972 235 37 imperfectly
1274 1972 172 30 imitated
1471 1972 71 29 and
1566 1971 121 30 which
1711 1972 31 29 is
1764 1978 40 22 so
1828 1970 182 38 perfectly
2032 1971 172 30 revealed
2229 1973 38 29 in
2290 1972 290 38 Shakespeare's

624 2035 187 37 dialogue.

692 2096 75 31 The
784 2096 204 30 mediaeval
1005 2098 105 35 stage
1127 2096 120 30 which
1265 2096 70 29 had
1353 2094 195 38 gradually
1566 2093 198 38 developed
1781 2095 41 28 to
1837 2095 66 29 the
1919 2095 93 29 time
2029 2094 38 30 of
2081 2095 64 29 the
2162 2095 152 37 English
2333 2097 245 32 Renaissance

626 2159 72 30 and
722 2159 151 30 become
896 2159 87 35 part
1006 2157 36 31 of
1064 2159 44 35 it,
1131 2159 149 29 became
1305 2158 47 36 by
1372 2157 126 32 virtue
1521 2155 38 31 of
1581 2157 50 28 its
1654 2155 84 30 lack
1761 2154 37 31 of
1820 2154 269 38 magnificence
2119 2157 71 30 and
2221 2157 49 29 its
2300 2159 278 35 primitiveness

626 2221 65 30 the
720 2221 107 35 stage
858 2218 37 32 of
925 2220 198 29 unlimited
1153 2218 256 37 possibilities.
1467 2219 32 28 It
1528 2218 88 30 does
1646 2219 67 28 not
1741 2218 145 29 remind
1912 2225 42 22 us
1984 2216 39 31 of
2049 2218 65 30 the
2144 2219 106 36 stage
2281 2218 37 31 of
2346 2220 66 30 the
2446 2222 134 31 Italian

626 2283 246 33 Renaissance
894 2282 122 29 which
1040 2281 70 29 had
1133 2281 60 29 for
1215 2281 90 29 each
1328 2281 159 28 division
1511 2278 38 31 of
1573 2279 182 30 dramatic
1777 2279 61 29 art
1860 2287 21 21 a
1902 2278 99 31 fixed
2018 2279 72 30 and
2106 2281 58 29 set
2180 2281 278 38 environment,
2481 2284 99 30 tried

625 2345 40 29 to
687 2351 176 29 preserve
886 2343 64 30 the
974 2350 230 29 appearance
1227 2341 38 31 of
1286 2342 135 36 reality
1443 2342 72 29 and
1539 2349 75 22 was
1630 2339 143 38 willing
1787 2342 41 28 to
1846 2342 108 28 court
1968 2341 66 29 the
2051 2340 186 32 clamours
2253 2342 38 30 of
2305 2343 65 30 the
2386 2345 195 32 audience.

624 2406 152 30 Neither
798 2406 61 29 did
882 2406 65 29 the
971 2404 150 37 English
1142 2405 106 36 stage
1263 2403 184 31 resemble
1462 2404 65 29 the
1543 2404 106 35 stage
1673 2402 37 31 of
1727 2402 183 32 Corneille
1928 2410 41 22 or
1994 2403 134 33 Racine
2142 2404 85 30 who
2243 2404 155 32 allowed
2415 2406 49 30 all
2479 2408 102 29 their

625 2468 121 36 tragic
768 2467 165 35 subjects
955 2467 39 29 to
1019 2465 152 37 develop
1193 2466 98 29 amid
1315 2465 98 30 staid
1444 2465 71 29 and
1540 2465 168 30 abstract
1731 2465 295 29 environments.
2062 2464 75 31 The
2168 2465 153 37 English
2343 2468 105 36 stage
2472 2468 107 30 could

625 2530 125 29 create
767 2537 46 22 an
830 2529 123 29 entire
969 2527 117 30 world
1103 2535 38 22 as
1159 2535 91 22 soon
1263 2535 40 22 as
1315 2528 64 29 the
1392 2528 89 35 poet
1492 2527 183 36 appeared
1689 2526 37 30 in
1740 2526 125 30 whose
1875 2526 83 30 soul
1971 2526 212 30 slumbered
2198 2535 21 22 a
2244 2528 117 31 world
2378 2528 59 31 for
2466 2530 114 31 itself.

626 2592 73 29 But
727 2591 76 29 this
833 2591 108 35 stage
970 2590 150 35 expects
1151 2597 111 28 every
1291 2589 110 36 thing
1427 2588 96 30 from
1553 2589 65 29 the
1641 2589 88 35 poet
1751 2596 93 22 even
1875 2587 107 31 down
2006 2589 40 29 to
2069 2588 66 30 the
2159 2589 251 38 decorations;
2434 2599 47 22 on
2503 2592 76 30 this

625 2654 105 35 stage
752 2652 109 29 there
886 2653 29 28 is
939 2659 47 22 no
1009 2651 162 36 painter,
1188 2658 47 22 no
1258 2651 189 36 regisseur
1470 2650 37 29 of
1527 2652 107 34 stage
1657 2658 43 21 or
1722 2650 108 36 light;
1846 2650 89 36 only
1956 2650 64 29 the
2036 2650 88 35 poet
2140 2651 71 29 and
2228 2651 66 30 the
2310 2653 107 29 actor
2432 2660 64 23 are
2512 2653 68 31 left

625 2715 40 29 to
688 2713 229 31 themselves
940 2713 101 29 here.
1086 2712 75 30 The
1183 2712 103 30 word
1312 2713 29 28 is
1364 2719 174 28 supreme
1561 2712 72 29 and
1656 2711 254 36 Shakespeare
1935 2711 107 29 alone
2072 2713 144 29 creates
2245 2712 66 31 the
2342 2714 238 31 decorations

626 2777 72 29 and
722 2775 231 30 illuminates
976 2775 63 29 the
1062 2773 85 37 play
1169 2782 113 28 every
1305 2774 108 36 night
1434 2773 92 30 with
1550 2774 120 36 magic
1700 2772 210 38 quickness.
1973 2773 160 30 Therein
2164 2773 67 31 lies
2260 2775 66 30 the
2355 2778 124 28 secret
2508 2777 71 29 and

625 2838 65 31 the
712 2838 240 35 explanation
975 2837 84 36 why
1082 2835 288 37 Shakespeare's
1394 2835 172 37 dialogue
1589 2836 102 36 gives
1707 2836 91 29 such
1815 2843 20 22 a
1851 2835 94 30 wide
1961 2842 109 29 scope
2086 2836 40 29 to
2142 2836 65 29 the
2223 2836 131 38 purely
2369 2839 123 35 poetic
2507 2839 72 29 and

626 2900 239 36 picturesque
889 2898 195 30 elements.
1147 2899 48 28 As
1218 2898 108 29 there
1350 2898 71 29 had
1447 2898 67 29 not
1534 2898 66 36 yet
1623 2898 93 29 been
1740 2905 21 21 a
1783 2897 106 36 stage
1913 2896 37 30 of
1972 2897 185 37 illusions,
2180 2898 31 30 it
2232 2906 77 23 was
2331 2899 66 31 the
2425 2899 88 31 task
2541 2901 40 29 to

626 2962 122 30 arrive
771 2961 40 30 at
833 2959 171 32 illusions
1026 2960 166 36 through
1215 2959 131 37 purely
1368 2959 123 36 poetic
1514 2959 195 30 mediums.
1754 2959 31 29 It
1806 2966 76 23 was
1899 2966 199 30 necessary
2112 2958 60 32 for
2186 2961 65 29 the
2267 2962 89 36 poet
2371 2963 40 29 to
2426 2964 157 35 suggest

626 3025 39 28 to
689 3024 57 29 his
769 3024 198 29 audiences
989 3023 152 29 various
1164 3021 111 31 kinds
1298 3020 37 31 of
1362 3021 249 30 decorations.
1656 3022 28 28 A
1708 3021 149 37 greater
1887 3022 142 29 master
2051 3020 38 31 of
2110 3022 77 30 this
2209 3023 61 29 art
2299 3022 38 31 of
2365 3025 217 36 suggestion

627 3086 64 29 has
716 3092 114 23 never
852 3085 97 30 lived
974 3085 72 29 and
1068 3084 109 30 there
1200 3084 66 29 has
1283 3083 92 30 been
1394 3090 46 22 no
1457 3083 150 29 theater
1624 3083 165 29 director
1805 3083 110 29 other
1929 3083 93 29 than
2039 3083 256 38 Shakespeare
2310 3085 84 30 who
2411 3086 171 37 disposed

627 3147 37 30 of
686 3155 21 21 a
729 3147 151 36 greater
901 3146 137 30 wealth
1063 3145 36 30 of
1129 3145 251 30 decorations.
1455 3144 118 30 There
1606 3152 64 21 are
1702 3144 66 30 the
1800 3144 98 37 fairy
1926 3145 127 30 woods
2086 3147 38 28 in
2168 3147 414 38 "Midsummernight's

629 3210 132 29 Dream
832 3208 90 30 with
945 3208 65 30 the
1034 3206 168 37 cowslips
1225 3207 39 29 in
1287 3206 134 37 golden
1446 3206 103 30 coats
1578 3206 150 36 spotted
1759 3206 91 30 with
1879 3207 139 37 rubies,
2048 3208 66 30 the
2145 3209 125 30 bower
2300 3208 37 31 of
2367 3209 147 30 Titania
2543 3210 39 31 of

626 3270 87 31 wild
737 3278 102 22 roses
863 3271 71 29 and
959 3269 134 31 violets
1117 3277 47 22 on
1188 3277 21 22 a
1233 3267 100 32 bank
1353 3268 176 30 whereon
1552 3268 66 30 the
1640 3266 86 33 wild
1750 3268 129 36 thyme
1902 3268 129 31 blows.
2056 3269 118 31 There
2197 3271 32 30 is
2251 3271 65 30 the
2339 3271 178 38 prologue
2541 3272 37 31 in

756 3333 196 30 Merchant
974 3332 37 30 of

1253 3393 125 30 where
1393 3399 96 30 your
1504 3393 166 36 argosies
1686 3392 92 30 with
1802 3393 124 36 portly
1941 3394 101 35 sails,

1202 3455 88 31 Like
1306 3456 147 36 signors
1469 3454 72 30 and
1559 3454 79 30 rich
1656 3454 183 36 burghers
1856 3454 39 31 of
1909 3455 65 31 the
1997 3455 113 37 flood,

1155 3518 23 17 •'
1202 3518 49 29 Or
1267 3525 40 22 as
1323 3518 30 28 it
1367 3524 112 29 were,
1494 3517 65 29 the
1572 3517 182 36 pageants
1770 3515 38 31 of
1822 3516 66 31 the
1904 3525 64 23 sea

1203 3580 52 29 Do
1279 3586 181 29 overpeer
1480 3579 66 29 the
1569 3580 107 36 petty
1697 3578 231 37 traffickers,

1204 3641 94 30 That
1321 3641 141 37 curt'sy
1483 3642 41 29 to
1546 3640 118 38 them,
1688 3642 45 30 do
1755 3642 103 30 them
1882 3649 214 29 reverence,

1156 3727 22 14 (i
1202 3704 49 29 As
1272 3704 91 36 they
1385 3703 53 37 fly
1461 3705 47 35 by
1530 3703 103 30 them
1656 3704 93 30 with
1771 3704 102 30 their
1894 3712 131 23 woven

628 3764 118 31 There
769 3766 31 29 is
822 3767 37 28 in
883 3767 65 29 the
978 3764 87 34 fifth
1088 3767 62 31 act
1171 3765 66 33 the
1260 3765 139 38 garden
1434 3765 38 30 of
1505 3765 127 31 Portia
1664 3766 126 30 where
1822 3767 40 29 to
1895 3767 66 30 the
1994 3766 237 37 lovemaking
2265 3765 37 31 of
2333 3767 142 31 Jessica
2507 3768 71 30 and

629 3828 179 35 Lorenzo,

200 2152 80 31 The
313 2152 230 32 Mediaeval

197 2216 130 36 Stage.
337 2222 44 25 £?
518 2221 44 25 &
