2761 4084
2144 197 24 30 5

184 314 189 38 Cordelia,
397 315 66 31 the
487 314 60 31 old
573 313 128 38 King's
722 313 191 38 youngest
940 313 191 36 daughter
1154 313 188 37 (straight
1364 315 70 28 out
1463 313 38 31 of
1531 314 100 30 One©
1662 320 100 30 upon
1793 322 21 21 a
1844 314 128 38 time;)
1996 313 172 37 Ellaline,

178 379 175 37 weeping
376 386 138 30 among
529 378 66 30 the
611 377 135 30 rushes
761 376 61 30 for
838 376 68 29 her
922 374 75 31 lost
1014 375 122 38 heart;
1154 376 227 37 Guinevere,
1402 376 153 37 leading
1577 376 70 31 her
1670 375 110 32 frolic
1806 378 171 29 maidens
1999 378 168 36 through

178 442 67 31 the
280 442 202 31 hawthorn
516 442 117 35 shaw;
666 440 73 30 and
752 439 107 38 /that
883 440 215 33 Rosamund
1122 439 124 31 whom
1272 447 87 23 men
1383 439 70 30 call
1476 439 86 31 fair*
1586 440 171 37 winding
1790 440 70 32 her
1895 440 107 32 skein
2027 441 38 31 in
2102 441 67 31 her

180 505 199 31 woodland
416 507 128 29 bower
575 511 44 23 or
652 502 181 37 standing
865 502 39 29 in
938 502 66 29 the
1037 501 170 38 twilight
1241 503 48 37 by
1320 503 67 29 the
1417 510 92 30 grey
1532 502 74 32 dial
1630 503 111 30 stone
1772 501 77 33 half
1870 502 197 38 speaking,
2091 503 79 31 half

183 569 194 37 chanting,
399 569 66 28 the
487 568 103 35 Song
613 565 38 30 of
672 566 64 29 the
759 564 132 37 fading
915 566 233 32 Rainbow..,,
1162 564 49 31 all
1234 566 109 30 these
1366 566 146 31 remain
1536 566 39 29 in
1600 573 70 23 our
1687 574 170 30 memory
1880 574 41 23 as
1943 567 169 36 pictures
2133 566 37 31 of

179 630 214 32 wonderful
418 630 139 36 beauty
580 636 90 22 seen
694 628 39 29 in
757 636 22 22 a
800 628 170 37 strange,
994 627 250 31 other=world
1269 628 99 37 light
1391 628 38 31 of
1453 629 122 36 magic
1597 629 73 29 and
1695 637 191 23 romance.
1931 630 49 30 As
2003 630 167 37 Imogen,

183 694 90 37 'too,
296 694 31 29 it
360 694 103 29 must
496 693 45 29 be
574 691 182 30 recorded
794 691 87 30 that
903 691 67 30 the
994 691 109 37 Fairy
1128 692 100 36 Lady
1255 691 61 30 for
1347 700 93 23 once
1470 691 131 38 forgot
1631 693 68 29 her
1729 692 137 30 mortal
1899 693 165 36 disguise
2093 693 73 31 and

181 755 164 38 actually
360 755 100 30 flew.
504 755 48 29 As
568 754 67 30 she
652 754 89 29 read
758 754 66 30 the
840 753 94 32 false
952 753 116 32 letter
1085 755 157 37 bidding
1263 755 67 30 her
1354 754 120 37 rejoin
1498 755 69 30 her
1590 755 172 31 husband
1787 757 40 28 at
1849 755 152 30 Milford
2027 757 142 35 Haven,

180 820 67 30 she
270 819 149 30 seemed
444 819 39 28 to
508 818 45 29 be
577 816 140 38 caught
741 824 49 29 up
813 817 38 29 in
877 825 21 22 a
919 817 214 30 whirlwind
1159 817 37 30 of
1218 817 74 38 joy,
1315 818 66 30 the
1398 818 114 38 giddy
1527 818 160 30 terrible
1703 818 61 37 joy
1789 818 122 31 which
1929 820 117 29 needs
2067 819 103 31 must

180 884 92 29 turn
296 881 150 38 quickly
467 881 41 29 to
532 888 145 22 sorrow
700 888 43 22 or
767 881 130 29 hearts
926 880 125 30 would
1078 881 130 31 break.
1337 880 60 31 for
1430 889 22 22 a
1486 881 111 30 horse
1632 882 93 29 with
1954 882 68 30 she
2053 882 117 36 cried,

181 945 197 37 springing
400 943 164 31 forward
588 943 93 30 with
706 943 267 31 outstretched
998 950 115 24 arms:
1141 944 68 30 the
1242 945 82 29 rest
1357 943 39 31 of
1429 944 66 30 the
1529 945 135 35 speech
1699 944 66 30 she
1799 952 94 29 gave
1927 946 39 28 in
2000 945 65 30 the
2099 945 71 36 air,

182 1009 183 35 hovering
387 1016 21 21 a
450 1005 111 31 while
585 1013 92 23 over
698 1006 67 30 the
788 1008 122 35 stage,
933 1006 94 30 then
1054 1007 156 37 darting
1236 1015 106 29 away
1375 1008 94 30 with
1503 1008 66 29 the
1603 1006 104 31 swift
1736 1008 92 29 rush
1863 1007 38 30 of
1936 1016 22 22 a
1990 1007 180 35 swallow,

182 1071 149 36 leaving
353 1070 68 30 her
444 1070 181 29 audience
649 1070 154 32 amazed
835 1070 73 29 and
927 1069 226 31 breathless.

182 1140 45 24 &
250 1133 113 31 What
385 1132 104 32 Ellen
514 1131 118 37 Terry
655 1133 67 29 has
746 1133 98 29 done
867 1133 93 29 with
984 1133 96 36 good
1105 1134 107 35 parts
1235 1141 56 22 we
1315 1132 50 31 all
1389 1132 125 31 know:
1538 1133 104 30 what
1664 1133 67 30 she
1756 1133 67 30 has
1848 1133 97 31 done
1973 1133 94 31 with
2099 1134 70 30 bad

183 1197 105 36 parts
310 1203 104 23 some
437 1194 38 31 of
498 1202 56 28 us,
578 1195 176 37 perhaps,
778 1196 47 29 do
850 1197 67 29 not
940 1196 105 37 quite
1068 1195 150 32 realise.
1263 1195 244 35 'Rosamund'
1531 1197 38 30 in
1594 1195 168 32 'Becket'
1785 1195 113 39 fairly
1921 1196 156 37 puzzled
2104 1197 66 31 the

183 1260 156 31 actress.
507 1259 32 29 is
564 1260 67 28 not
654 1267 21 22 a
910 1259 66 30 she
1011 1260 94 35 said,
1274 1260 33 29 is
1340 1260 202 36 nothing...
1576 1260 67 29 she
1677 1260 90 29 does
1802 1260 68 29 not
2067 1260 103 31 Then

182 1321 253 38 presumably,
458 1321 68 31 she
548 1322 101 30 tried
673 1323 40 29 to
737 1322 217 30 remember
978 1321 49 31 all
1043 1322 67 30 she
1132 1322 72 30 had
1222 1322 116 30 heard
1357 1322 205 30 elsewhere
1580 1323 231 36 concerning
1827 1323 92 29 Miss
1935 1323 45 30 de
1999 1322 171 32 Clifford.

303 1392 78 24 was
404 1383 116 32 called
544 1383 95 32 faire
944 1385 67 30 she
1035 1384 183 38 probably
1241 1385 95 31 said.
1533 1384 98 38 well,
1654 1385 66 30 she
1744 1385 96 30 shall
1865 1386 45 29 be
2088 1387 81 31 And

183 1448 92 31 with
298 1448 86 31 that
405 1448 67 30 she
494 1455 42 22 so
560 1447 151 31 clothed
734 1448 66 29 the
823 1449 87 35 part
938 1449 38 28 in
1000 1449 154 36 beauty,
1178 1456 40 22 so
1242 1448 106 37 hung
1370 1449 32 29 if
1425 1449 117 30 about
1562 1449 94 30 with
1674 1448 199 31 loveliness
1889 1448 86 31 that
1991 1449 31 30 it
2037 1448 132 33 waked

183 1512 82 29 into
288 1511 187 31 existence
499 1510 72 31 and
595 1510 87 30 held
706 1511 50 30 its
780 1519 86 21 own
883 1511 95 31 with
995 1511 66 31 the
1079 1511 111 30 other
1206 1512 135 36 strong
1359 1511 216 31 characters
1593 1510 37 32 of
1646 1511 66 31 the
1729 1510 98 39 play.
1953 1517 46 26 &

409 1575 33 29 it
463 1575 31 29 is
517 1582 21 22 a
560 1573 213 31 wonderful
797 1575 226 35 experience
1047 1575 40 29 to
1110 1582 63 24 see
1197 1583 21 21 a
1242 1575 110 36 great
1375 1575 145 30 actress
1537 1575 38 29 in
1593 1583 21 21 a
1632 1575 110 36 great
1756 1575 88 36 part
1858 1575 66 36 yet
1939 1575 31 29 it
1986 1575 30 31 is
2033 1574 138 33 almost

183 1636 149 40 equally
364 1637 230 37 interesting
623 1637 40 30 to
687 1644 48 24 an
759 1637 205 37 enquiring
988 1637 103 30 mind
1115 1638 40 30 to
1179 1645 62 22 see
1265 1637 68 30 her
1356 1638 38 30 in
1419 1646 21 21 a
1463 1637 71 30 bad
1559 1645 83 23 one.
1688 1637 100 31 Thus
1817 1645 188 31 everyone
2034 1637 135 32 should

184 1699 109 31 make
317 1708 21 22 a
361 1700 106 36 point
490 1698 38 32 of
550 1700 130 37 seeing
704 1699 105 33 Ellen
834 1700 116 37 Terry
973 1701 38 29 in
1035 1700 66 30 the
1124 1702 88 34 part
1234 1700 123 30 which
1390 1700 68 30 she
1491 1701 31 29 is
1546 1700 153 38 playing
1729 1702 40 29 at
1799 1702 157 35 present
1985 1701 123 30 which
2138 1702 32 30 is

184 1762 317 38 unquestionably
524 1763 66 30 the
613 1764 118 30 worst
753 1764 67 30 she
844 1763 66 31 has
935 1771 92 23 ever
1049 1763 242 31 undertaken
1315 1764 73 29 and
1413 1763 216 38 altogether
1653 1764 203 37 unworthy
1879 1763 39 31 of
1940 1764 68 30 her
2024 1764 147 39 genius.

184 1827 74 31 But
292 1827 30 29 it
355 1827 30 29 is
419 1826 38 30 in
492 1834 21 23 a
548 1825 108 38 Fairy
696 1826 103 37 Play.

329 1897 102 22 same
456 1888 188 38 nostalgia
666 1890 122 29 which
813 1890 108 29 made
945 1889 132 30 'Puck'
1102 1889 157 31 restless
1283 1891 72 28 and
1375 1889 314 38 unmanageable,
1705 1890 123 29 which
1844 1888 105 31 filled
1966 1890 66 31 the
2048 1890 123 38 'Fairy

184 1951 239 33 Goldenstar'
446 1952 93 30 with
564 1952 106 36 pride
694 1952 38 30 of
753 1952 145 37 place...
922 1954 74 28 and
1022 1954 226 30 costume....
1272 1954 67 29 has
1363 1954 130 28 drawn
1517 1952 66 30 the
1608 1952 109 38 Fairy
1742 1953 101 36 Lady
1866 1953 82 29 into
1971 1952 66 31 the
2062 1952 108 38 Fairy

184 2015 96 36 Ring
303 2014 125 37 again.
471 2014 72 30 She
567 2014 109 30 could
701 2015 67 29 not
792 2014 96 37 keep
913 2016 68 29 out
1004 2014 38 30 of
1064 2016 43 29 it.
1152 2015 73 30 She
1249 2015 67 30 has
1340 2023 48 22 no
1406 2017 173 29 business
1595 2016 39 30 in
1652 2017 83 29 it....
1752 2016 73 29 and
1842 2015 67 30 she
1926 2015 131 31 knows
2073 2016 97 37 it,....

184 2077 69 30 but
274 2076 111 30 there
408 2076 67 30 she
498 2077 44 30 is.
576 2082 45 25 &
749 2083 45 24 &
924 2084 45 25 &
1096 2083 45 25 &
1267 2084 45 26 &

251 2142 50 26 As
322 2147 22 21 a
367 2138 217 38 discerning
606 2140 110 30 critic
739 2138 39 32 of
800 2140 118 30 about
940 2140 252 37 eight,seeing
1214 2140 69 30 her
1304 2139 61 31 for
1387 2140 66 30 the
1475 2139 89 31 first
1586 2141 107 36 time,
1716 2141 198 36 observed,
2007 2141 67 30 she
2098 2141 71 30 had

183 2202 94 29 been
296 2200 214 32 Cinderella
527 2202 14 29 I
563 2201 135 31 should
723 2203 95 29 have
842 2201 102 33 liked
968 2203 69 29 her
1052 2202 166 38 awfully,
1244 2204 69 30 but
1335 2203 67 30 she
1425 2211 78 23 was
1524 2202 80 37 just
1620 2211 47 22 an
1858 2203 105 32 Ellen
1987 2203 118 38 Terry
2121 2211 48 23 an

180 2264 114 32 Aunt!
318 2264 72 31 Not
412 2271 94 23 even
530 2272 22 22 a
575 2264 110 37 Fairy
715 2265 254 30 Godmother.

251 2328 38 29 In
312 2326 137 37 justice
470 2328 42 28 to
535 2327 65 30 the
625 2327 141 31 author
795 2335 58 22 we
877 2329 103 29 must
1002 2328 101 31 state
1127 2328 87 30 that
1237 2328 45 31 he
1306 2336 77 23 was
1414 2328 171 37 appalled
1615 2328 111 31 when
1756 2329 90 29 Miss
1878 2328 118 37 Terry
2025 2327 144 32 offered

183 2391 61 30 cto
266 2389 90 32 take
378 2390 67 30 the
461 2391 98 36 part.
737 2390 116 39 you'll
872 2391 92 30 have
980 2392 40 29 to
1039 2392 45 30 be
1441 2391 46 30 he
1503 2390 176 31 faltered.
1696 2391 82 29 "I'll
1797 2392 44 29 be
1865 2391 306 37 commonplace,'

181 2453 80 30 said
285 2453 91 30 Miss
399 2452 128 38 Terry,
1013 2455 89 30 Now
1119 2453 54 32 let
1187 2454 111 32 those
1314 2454 85 30 who
1423 2453 94 31 have
1533 2461 90 24 seen
1647 2453 107 32 Ellen
1770 2453 152 38 Terry's
1938 2454 233 38 enchanting

183 2516 117 29 'Aunt
323 2515 163 37 Imogen'
503 2516 91 31 bear
609 2517 157 30 witness
782 2517 85 30 how
883 2517 65 30 the
966 2524 94 29 poor
1076 2517 121 32 man's
1221 2516 221 33 confidence
1466 2517 68 30 has
1551 2517 95 30 been
1664 2517 140 30 abused
1822 2517 73 30 and
1913 2516 84 31 how
2015 2516 156 31 obvious

184 2578 31 30 it
237 2578 31 29 is
291 2578 86 30 that
400 2577 108 38 Fairy
531 2587 147 22 women
702 2586 64 24 are
790 2587 48 23 no
863 2587 103 24 more
990 2581 40 29 to
1056 2580 44 30 be
1123 2580 153 32 trusted
1302 2580 95 32 than
1421 2580 67 30 the
1513 2579 109 31 usual
1647 2579 104 31 kind.
1956 2585 45 25 &
2127 2584 45 26 &

183 2646 45 25 &
251 2641 74 30 But
346 2641 66 29 the
437 2641 221 31 Wonderful
684 2643 99 37 Lady
807 2643 104 29 must
934 2643 68 31 not
1026 2644 44 28 be
1096 2642 161 31 blamed.
1302 2643 74 31 She
1401 2650 68 23 can
1502 2650 47 22 no
1579 2650 105 23 more
1714 2642 125 30 divest
1867 2641 141 31 herself
2037 2641 38 31 of
2105 2642 67 30 her

181 2711 105 22 rown
304 2702 38 31 of
356 2705 102 30 stars
473 2705 72 31 and
563 2705 68 31 her
648 2712 199 31 gossamer
863 2706 112 30 robes
994 2706 93 30 than
1106 2714 21 22 a
1143 2714 85 22 rose
1246 2714 69 22 can
1333 2707 154 29 become
1505 2714 21 21 a
1542 2706 141 30 radish.
1699 2705 74 30 She
1790 2706 31 29 is
1837 2704 79 31 still
1931 2706 67 29 the
2016 2706 156 29 Dreams

184 2767 99 36 Lady
296 2766 38 30 of
348 2775 21 21 a
385 2767 206 32 dreamless
608 2769 85 37 day,
708 2769 233 36 whispering
959 2769 68 31 her
1043 2777 170 29 message
1237 2768 39 31 of
1299 2769 143 37 beauty
1459 2770 40 28 to
1517 2768 65 30 the
1599 2768 135 37 world,
1750 2769 212 36 scattering
1978 2767 91 31 elfin
2086 2767 85 38 gift,

181 2829 92 30 with
291 2830 91 30 both
399 2829 118 31 hands
534 2832 87 36 and,
635 2839 39 22 as
691 2833 77 36 yet,
790 2832 181 36 unjoined
992 2833 46 37 by
1055 2840 74 29 any
1146 2833 112 29 other
1272 2833 210 29 Wanderer
1498 2831 97 31 from
1612 2832 67 29 the
1693 2831 118 30 Other
1823 2831 87 31 Side
1927 2831 39 30 of
1979 2831 66 29 the
2058 2832 113 29 Moon

183 2892 73 30 She
279 2893 32 29 is
332 2892 79 30 still
435 2892 103 31 Ellen
562 2893 131 39 Terry,
716 2894 152 38 First,...
893 2895 87 37 and,
1005 2904 40 22 as
1068 2895 59 30 far
1150 2903 41 22 as
1207 2903 56 22 we
1289 2902 67 23 can
1377 2902 78 30 see,
1481 2895 139 31 Last....
1638 2894 122 37 Fairy.
1783 2899 388 26 £?£>£?

2232 314 145 32 ELLEN
2410 313 150 34 TERRY

2233 1145 22 15 4<
2305 1141 235 32 Rosamuud

2274 2156 107 32 Anut
2404 2156 162 38 Imogen

184 2961 45 33 (1)
246 2963 71 24 This
334 2969 59 21 was
411 2965 116 26 written
545 2966 29 24 in
592 2966 69 25 Jan:
682 2967 70 26 1909
770 2966 83 27 when
872 2967 71 25 Miss
959 2967 92 31 Terry
1070 2973 59 21 was
1145 2968 99 30 acting
1258 2968 30 24 in
1454 2966 54 25 and
1524 2966 49 25 the
1751 2965 40 26 Ed
