2761 4084
612 222 23 29 2

189 279 91 31 GOD
312 276 122 39 SAVE,
464 278 88 34 THE

187 331 105 31 KING
507 340 45 24 &

613 282 45 30 <0
679 281 57 31 All
758 282 161 37 truth,...
942 282 65 31 the
1030 283 109 30 truth
1162 282 38 31 of
1221 284 164 36 tyranny
1409 291 47 22 no
1479 282 73 32 less
1574 283 91 30 than
1688 283 66 30 the
1770 281 107 32 truth
1895 280 38 34 of
1955 280 159 40 slavery,
2138 285 32 29 is
2194 282 195 31 illumined
2417 284 47 36 by
2497 282 65 31 the

614 350 83 24 sun.
720 343 108 31 From
851 345 66 29 the
940 343 141 31 marble
1105 345 169 29 columns
1296 343 38 31 of
1355 346 133 29 Mount
1512 345 159 31 Carrara
1692 346 41 29 to
1756 345 66 31 the
1844 343 157 33 wrinkle
2025 353 48 23 on
2096 345 67 31 the
2185 345 81 31 face
2290 343 38 32 of
2351 352 61 29 my
2435 352 128 29 nurse,

613 405 51 30 all
686 405 32 30 is
740 405 74 31 laid
838 407 89 29 bare
949 406 60 30 for
1032 413 78 29 me;
1134 406 159 37 nothing
1315 413 152 30 escapes
1488 407 65 30 the
1576 414 66 31 eye
1666 407 38 30 of
1727 408 90 30 God.
1842 408 51 29 He
1916 409 32 29 is
1970 416 22 21 a
2013 407 160 32 terrible
2197 407 77 30 God
2298 407 40 30 to
2353 407 111 30 those
2479 406 84 31 who

613 466 74 30 will
712 468 68 29 not
802 468 45 30 be
870 468 117 29 burnt
1009 468 47 36 by
1078 468 88 29 him.
1192 466 108 31 From
1323 468 107 30 these
1454 468 47 30 he
1522 468 76 30 will
1683 470 111 29 breed
1830 470 172 36 maggots
2188 474 44 26 &
2356 473 45 26 &
2519 474 45 25 &

612 533 45 25 &
679 528 76 31 The
778 528 188 31 Beautiful
989 529 72 30 and
1085 528 65 31 the
1174 527 181 32 Terrible.
1378 529 130 30 Which
1532 530 31 30 is
1585 530 121 30 which
1722 529 75 31 will
1816 538 115 23 never
1947 531 45 29 be
2016 533 69 34 put
2106 532 83 29 into
2211 531 137 30 words.
2373 529 73 31 But
2469 529 13 30 I
2505 537 58 22 am

609 590 82 31 free
712 592 40 28 to
774 590 68 31 tell
865 589 151 38 myself;
1039 591 86 36 and,
1147 589 54 31 let
1223 598 58 23 me
1305 592 69 29 but
1397 598 172 29 preserve
1591 592 65 29 the
1678 599 182 29 senses,...
1879 600 60 30 my
1961 600 101 30 eyes,
2079 601 60 29 my
2156 600 96 30 ears,
2269 600 61 30 my
2344 592 130 35 touch,
2490 592 73 29 and

610 652 49 30 all
681 651 95 32 shall
800 653 44 29 be
867 651 34 37 we
901 651 102 37 11,...
1026 651 48 33 all
1097 651 95 31 shall
1217 653 44 29 be
1284 652 58 31 far
1365 660 103 23 more
1493 652 182 31 beautiful
1698 653 94 31 than
1815 653 170 31 terrible.
2010 660 44 25 &
2178 661 45 26 &

609 719 44 26 &
676 714 70 31 For
769 715 66 29 not
858 713 87 38 only
967 714 46 29 do
1035 714 108 31 these
1166 716 174 29 servants
1362 714 39 31 of
1422 722 70 23 our
1517 715 155 37 Royalty
1696 714 84 37 help
1809 716 40 29 to
1883 715 153 32 idealise
2070 715 47 32 all
2150 717 133 36 things
2316 715 61 31 for
2415 722 56 29 us,
2495 715 68 30 but

607 776 90 37 they
719 776 78 30 also
821 775 83 38 help
926 777 40 29 to
987 775 52 31 fix
1061 785 21 21 a
1105 776 97 30 limit
1223 778 40 28 to
1287 784 70 22 our
1378 778 143 36 vanity.
1545 778 52 36 By
1618 778 102 30 their
1742 778 85 37 help
1850 778 11 29 1
1884 779 195 36 recognise
2102 786 61 30 my
2197 778 77 31 God
2309 785 41 22 as
2383 777 46 30 he
2463 777 96 29 rises

606 837 75 31 like
703 838 66 29 the
790 838 110 36 spirit
923 836 37 31 of
983 839 245 35 Imagination
1251 837 96 31 from
1371 839 64 29 the
1460 839 87 31 East
1569 840 72 30 and
1666 839 88 31 sails
1776 847 126 23 across
1924 839 65 31 the
2014 839 86 31 blue
2123 841 134 29 straits
2273 837 38 32 of
2335 839 163 29 Heaven.

604 903 45 26 &
672 898 28 31 If
722 899 13 30 I
757 900 71 29 had
852 899 74 30 lost
947 899 64 30 the
1034 907 109 22 sense
1167 899 37 30 of
1225 900 103 36 sight
1350 901 12 28 I
1385 900 132 31 should
1542 901 45 30 be
1610 901 137 30 unable
1769 902 40 29 to
1832 909 63 22 see
1918 901 77 30 this
2018 900 122 38 glory,
2166 901 86 37 and,
2277 900 68 30 not
2361 900 132 36 seeing
2516 900 43 35 it,

605 961 13 29 I
639 960 107 31 shoul
771 961 184 30 ddemand
980 968 104 23 more
1107 961 172 31 miracles
1300 961 97 31 from
1420 962 31 30 it
1473 962 92 30 than
1590 963 206 36 Happiness
1820 970 85 29 may
1928 964 143 35 expect.
2096 964 11 28 I
2131 962 133 30 should
2288 960 87 32 look
2397 960 61 31 for
2495 961 65 29 the

603 1021 177 37 practical
803 1022 99 38 daily
925 1022 152 31 miracle
1099 1023 38 30 in
1160 1023 99 30 vain.
1284 1023 192 37 Whereas,
1498 1025 129 35 seeing
1648 1024 77 30 this
1747 1024 100 37 daily
1869 1023 120 38 glory,
2010 1025 77 29 this
2109 1026 91 35 Sun,
2225 1025 11 29 I
2260 1023 111 31 know
2390 1023 87 30 that
2492 1022 68 30 the

604 1084 151 30 miracle
778 1091 124 24 comes
923 1085 73 30 and
1020 1091 101 30 goes,
1143 1084 84 31 that
1249 1085 65 30 the
1338 1084 152 31 miracle
1514 1086 31 29 is
1566 1086 66 29 the
1655 1093 155 29 passage
1833 1085 37 31 of
1891 1086 78 30 this
1994 1086 146 37 symbol
2164 1085 38 31 of
2223 1086 68 30 the
2316 1086 144 35 Divine,
2483 1084 78 30 this

602 1146 167 37 seeming
792 1146 142 30 motion
958 1145 37 31 of
1016 1146 65 30 the
1104 1146 77 30 Sun
1203 1145 97 31 from
1323 1148 83 29 east
1427 1147 40 29 to
1489 1148 108 30 west.
1667 1153 44 25 &

666 1207 80 30 And
769 1208 86 30 that
876 1208 170 37 seeming
1068 1208 143 31 motion
1234 1207 38 31 of
1293 1209 77 29 this
1394 1209 77 30 God
1495 1209 31 30 is
1549 1209 149 37 enough
1721 1208 60 31 for
1802 1216 87 23 man
1911 1209 41 30 to
1976 1208 125 31 know.
2137 1209 137 37 Mystic
2295 1208 125 31 voices
2457 1215 103 22 seem

599 1271 41 29 to
663 1276 77 31 cry,
809 1268 96 32 Seek
926 1271 41 29 to
990 1268 110 32 know
1124 1277 47 23 no
1194 1277 103 23 more
1380 1272 73 29 and
1475 1278 57 23 we
1554 1278 148 23 answer
1724 1270 254 38 rebelliously,
2048 1271 12 29 I
2083 1269 76 32 will
2176 1271 45 29 be
2244 1269 192 37 satisfied;
2455 1270 100 36 deny

601 1336 58 26 me
682 1332 75 30 this
780 1331 72 31 and
876 1339 46 23 an
957 1331 146 31 eternal
1137 1339 108 23 curse
1277 1331 66 31 fall
1377 1340 48 22 on
1446 1340 47 30 ye
1665 1338 44 26 &
1832 1338 44 25 &
2001 1338 45 26 &
2171 1337 45 25 &
2343 1337 44 25 &
2515 1337 44 25 &

1180 1414 50 11 ....
1251 1394 111 31 Show
1385 1395 57 30 his
1465 1402 87 30 eyes
1575 1395 71 30 and
1670 1395 127 36 grieve
1822 1395 56 29 his
1901 1394 123 36 heart,

1133 1456 112 30 Come
1268 1456 76 30 like
1366 1456 187 37 shadows,
1576 1463 41 23 so
1639 1456 147 36 depart.

665 1518 86 30 This
773 1517 158 38 seeking
953 1519 39 29 to
1016 1517 111 32 know
1150 1525 157 29 more,...
1330 1518 77 30 this
1430 1518 122 30 desire
1575 1517 38 30 of
1634 1518 66 29 the
1724 1517 161 35 brain,...
1908 1516 89 31 robs
2020 1523 71 24 our
2114 1522 130 25 senses
2269 1512 39 33 of
2329 1513 103 32 their
2455 1514 80 31 vita-

599 1580 88 37 lity;
710 1588 70 23 our
802 1587 86 31 eyes
910 1587 64 23 are
997 1580 95 36 dim;
1115 1587 56 23 we
1195 1587 67 23 can
1286 1587 48 22 no
1357 1579 132 37 longer
1510 1580 195 36 recognise
1727 1578 66 31 the
1817 1578 77 31 God
1919 1576 127 32 before
2070 1585 58 30 us,
2153 1584 70 24 nor
2244 1577 68 30 the
2335 1576 96 37 King
2446 1584 41 23 as
2512 1576 47 30 he

599 1649 125 30 passes
746 1642 112 37 along
880 1648 71 24 our
972 1650 95 29 way.
1090 1643 76 29 Our
1188 1649 84 23 ears
1295 1648 64 24 are
1383 1641 103 36 deaf;
1508 1648 56 23 we
1588 1642 140 29 cannot
1750 1641 91 29 hear
1863 1641 66 29 the
1952 1646 94 30 song
2069 1638 38 31 of
2130 1639 192 36 Paradise,
2344 1645 57 24 we
2425 1637 66 32 fail
2519 1638 40 29 to

599 1703 85 37 pick
707 1711 49 30 up
778 1705 64 30 the
867 1705 135 30 chorus
1025 1704 120 31 which
1168 1703 146 30 follows
1337 1703 38 30 in
1398 1703 65 30 the
1485 1702 107 31 wake
1615 1702 38 31 of
1676 1701 249 39 Royalty.Our
1947 1699 116 32 touch
2086 1702 31 29 is
2154 1708 130 30 grown
2309 1707 142 23 coarse.
2484 1699 77 30 The

601 1764 85 33 hem
709 1765 38 31 of
767 1766 66 30 the
856 1766 123 31 robes'
994 1766 158 30 brocade
1174 1773 77 23 was
1274 1773 91 22 once
1387 1764 172 37 pleasant
1579 1765 41 29 to
1643 1771 70 23 our
1734 1759 155 42 fingers'
1912 1763 128 36 touch;
2056 1763 40 29 to
2112 1770 107 29 press
2237 1769 101 30 upon
2353 1762 67 30 the
2436 1760 122 31 silken

603 1829 110 34 glove
734 1828 93 29 with
851 1835 69 22 our
942 1827 70 36 lips
1034 1835 77 22 was
1134 1834 91 23 once
1248 1834 22 23 a
1292 1826 149 37 luxury.
1464 1826 88 31 Now
1573 1832 57 23 we
1654 1825 91 31 have
1769 1825 153 30 become
1954 1823 67 32 the
2058 1824 99 34 mob;
2192 1822 217 31 ambition's
2431 1823 128 36 aim,...

600 1889 110 30 noble
734 1890 313 30 consummation.
1070 1888 126 31 Afraid
1220 1889 40 29 to
1283 1895 107 23 serve
1415 1886 74 31 like
1513 1886 200 31 noblemen
1736 1893 56 24 we
1815 1886 102 30 must
1933 1885 102 31 slave
2051 1884 76 31 like
2142 1883 319 38 thieves,'having
2476 1884 62 30 rob-

602 1947 68 34 bed
694 1949 191 33 ourselves
909 1950 38 31 of
969 1958 70 23 our
1054 1950 168 37 greatest
1237 1950 265 37 possession,...
1519 1956 71 22 our
1604 1947 78 31 fine
1698 1955 142 23 senses.
1856 1948 65 30 We
1938 1954 65 23 are
2020 1947 197 36 becoming
2231 1945 185 32 veritable
2432 1946 122 30 slaves

602 2015 155 29 chained
780 2014 177 37 together
980 2014 47 35 by
1049 2013 305 35 circumstances,
1376 2010 172 37 refusing
1570 2008 100 38 daily
1691 2010 40 29 to
1748 2010 44 29 be
1809 2008 167 31 released
2001 2009 47 36 by
2070 2015 71 23 our
2156 2008 301 37 imagination,...
2472 2007 86 30 that

603 2076 87 38 only
712 2083 127 29 power
859 2076 121 29 which
1004 2075 170 30 achieves
1198 2072 192 32 Freedom.
1495 2078 45 25 &

601 2144 45 25 &
668 2138 73 31 But
761 2137 60 31 for
844 2144 71 30 me,
939 2138 12 28 I
974 2144 58 22 am
1056 2144 21 22 a
1099 2135 80 31 free
1202 2142 100 28 man,
1326 2135 47 36 by
1395 2134 66 30 the
1493 2140 111 29 grace
1639 2131 37 32 of
1710 2131 171 38 Royalty.
1906 2133 101 35 Long
2030 2131 72 30 live
2118 2131 66 30 the
2209 2131 112 36 King!
2344 2135 45 26 &

179 1519 95 33 The
301 1517 162 36 desire
496 1517 44 35 id

179 1574 153 30 know.
376 1579 44 25 &
497 1578 44 25 &

605 2246 45 63 Jt
672 2267 31 30 is
726 2267 250 31 meretorious
998 2267 40 30 to
1062 2266 111 30 insist
1185 2272 47 25 on
1248 2264 129 31 forms.
1402 2264 172 36 Religion
1598 2262 72 31 and
1688 2262 48 30 all
1751 2262 76 30 else
1844 2260 191 37 naturally
2051 2260 145 31 clothes
2212 2259 104 32 itself
2330 2260 40 30 in
2385 2258 173 33 forms....

600 2329 56 30 All
679 2330 221 29 substances
922 2328 124 31 clothe
1068 2326 228 32 themselves
1319 2327 38 28 in
1380 2325 129 36 forms;
1547 2325 68 30 but
1647 2324 110 30 there
1790 2331 65 22 are
1884 2321 164 31 suitable
2081 2323 87 29 true
2199 2321 133 38 forms,
2367 2323 72 29 and
2462 2323 95 29 then

599 2382 109 29 there
731 2388 64 23 are
817 2381 140 29 untrue
980 2378 228 32 unsuitable.
1231 2380 48 28 As
1301 2378 65 30 the
1390 2377 158 30 briefest
1569 2375 200 31 definition
1794 2382 71 23 one
1888 2373 122 37 might
2030 2380 79 30 say,
2133 2372 130 31 Forms
2279 2374 123 30 which
2420 2374 137 34 GROW

600 2444 121 29 round
743 2451 22 21 a
786 2443 215 36 substance,
1025 2440 28 31 if
1073 2446 57 25 we
1152 2439 142 38 rightly
1318 2438 232 31 understand
1573 2438 98 36 that,
1693 2436 76 31 will
1793 2435 229 37 correspond
2044 2436 42 29 to
2110 2434 65 31 the
2199 2434 78 31 real
2308 2437 142 29 Nature
2483 2436 73 29 and

600 2505 159 36 purport
781 2504 38 30 of
840 2505 43 36 it,
905 2503 76 30 will
1006 2504 43 29 be
1072 2504 100 33 true,
1195 2502 115 36 good;
1332 2501 119 31 forms
1472 2500 123 30 which
1617 2507 65 23 are
1706 2497 234 38 consciously
1959 2497 75 39 put
2056 2497 122 29 round
2196 2504 21 22 a
2232 2498 216 36 substance,
2472 2497 85 30 bad,

600 2566 13 29 I
635 2567 118 30 invite
774 2573 73 30 you
871 2567 39 29 to
933 2564 135 32 reflect
1091 2572 47 22 011
1161 2564 88 30 this.
1274 2565 32 29 It
1328 2563 271 36 distinguishes
1622 2563 87 29 true
1730 2560 99 31 from
1846 2559 92 31 false
1956 2559 37 30 in
2011 2558 236 31 Ceremonial
2264 2558 122 36 Form,
2403 2559 155 31 earnest

599 2627 200 38 solemnity
821 2627 97 31 from
941 2629 127 36 empty
1090 2626 175 38 pageant,
1288 2626 38 29 in
1361 2624 48 32 all
1444 2625 140 30 human
1617 2624 141 36 things.

2395 2620 160 39 Carlyle.
