2761 4084
2111 215 48 31 29

171 328 146 51 THE
366 332 239 49 ARENA
655 332 311 45 GOLDONI
1019 332 66 43 IN
1135 330 146 49 THE
1336 331 411 48 FIFTEENTH
1803 332 353 49 CENTURY.

2220 463 44 26 &
2351 457 83 31 The
2457 457 132 32 Arena

2222 519 187 33 Goldonu
2418 527 46 24 4?
2544 527 45 25 &

170 467 47 26 -0
240 461 77 32 The
350 463 111 37 great
518 461 267 33 Stabilimento
819 460 235 31 Goldoniano
1115 460 39 31 of
1175 461 124 31 which
1331 461 66 31 the
1430 463 125 30 Arena
1588 461 119 31 forms
1731 470 22 22 a
1781 463 88 36 part
1891 463 32 30 is
1946 464 209 31 associated

170 524 95 31 with
289 527 77 29 two
389 526 183 31 convents
594 525 123 30 which
741 522 202 38 originally
964 524 110 30 stood
1098 524 123 37 there,
1244 524 111 31 those
1379 524 38 31 of
1438 524 198 31 Annalena
1668 526 74 29 and
1767 524 39 31 of
1826 526 68 30 Sta
1918 526 150 37 Chiara,
2089 527 68 30 the

173 587 192 40 buildings
388 589 73 30 and
485 589 163 37 gardens
671 586 38 31 of
729 585 123 31 which
875 586 181 37 together
1078 587 160 30 covered
1263 588 118 29 about
1404 594 146 30 140,000
1583 595 138 30 square
1753 587 81 32 feet
1856 587 38 32 of
1917 590 161 36 ground.
2113 589 45 31 Of

171 651 110 31 these
303 651 67 31 the
395 651 126 36 larger
543 651 73 30 and
641 656 104 23 more
767 649 213 35 important
1002 656 122 23 seems
1146 650 40 29 to
1212 649 93 31 have
1329 650 94 30 been
1448 651 88 30 that
1550 649 167 32 founded
1734 651 49 37 by
1797 651 209 38 Annalena,
2028 653 128 30 whose

172 715 123 35 tragic
316 715 108 37 story
447 715 31 30 is
501 712 139 39 typical
664 710 39 31 of
723 712 67 29 the
812 710 205 32 turbulent
1038 712 115 30 times
1176 713 38 29 in
1238 712 124 30 which
1385 713 67 30 she
1476 712 114 31 lived.
1711 714 81 30 And
1816 714 77 31 this
1917 714 31 31 is
1982 715 85 30 how
2090 715 66 30 the

170 776 109 37 story
301 783 169 24 runs:....

239 839 41 30 In
303 839 66 31 the
390 847 69 30 yar
480 837 99 38 1426,
600 839 41 29 to
666 837 179 30 Oaleotto
868 836 216 38 Malatesta,
1108 839 95 29 Lord
1228 835 38 33 of
1290 837 241 32 Chiusercole
1554 839 73 29 and
1645 840 170 30 member
1830 839 39 31 of
1884 841 66 30 the
1967 842 110 35 great
2097 841 40 34 Ri-

171 901 94 31 mini
285 901 144 39 family,
452 901 72 32 and
546 902 42 29 to
612 900 58 30 his
692 898 87 32 wife
803 900 120 30 Maria
946 900 103 37 degli
1072 900 126 31 Orsini
1221 900 38 31 of
1284 901 113 33 Rome
1420 909 76 22 was
1521 901 95 31 born
1640 910 21 21 a
1684 901 101 32 little
1819 903 202 38 daughter,
2049 905 108 30 Anna

170 962 130 39 Elena,
323 964 98 37 who,
445 964 111 36 being
580 961 105 39 early
708 963 179 36 deprived
912 964 48 36 by
983 962 115 30 death
1122 962 39 31 of
1183 963 70 31 her
1275 962 186 32 mother's
1485 971 98 28 care,
1606 972 78 23 was
1700 965 99 37 sent,
1816 965 67 30 her
1898 965 128 32 father
2044 967 114 36 being

168 1026 187 32 absorbed
380 1028 38 28 in
442 1034 79 22 war
543 1026 73 30 and
640 1023 164 40 politics,
827 1027 41 29 to
892 1027 45 29 be
962 1026 168 37 brought
1153 1033 49 29 up
1226 1027 47 36 by
1298 1027 69 29 her
1388 1027 105 30 Aunt
1515 1026 210 32 Elisabetta
1741 1028 60 30 dei
1818 1028 112 31 Conti
1948 1029 110 30 Ouidi
2072 1029 85 31 who

168 1087 100 31 lived
291 1089 39 30 in
355 1088 179 31 Florence
558 1088 38 29 in
619 1088 67 29 the
710 1088 128 36 parish
862 1088 35 30 oi
921 1089 75 29 San
1021 1087 135 31 Felice.
1256 1093 45 26 &
2111 1096 46 25 &

170 1150 112 38 Here,
304 1152 38 29 in
367 1151 64 30 the
456 1150 116 31 midst
593 1149 39 32 of
654 1151 87 31 that
762 1150 214 32 wonderful
1000 1151 271 37 quattrocento
1296 1150 195 39 Florence,
1524 1152 128 31 where
1675 1152 66 30 the
1765 1153 128 30 astute
1924 1153 148 31 Cosimo
2096 1154 61 30 dei

167 1212 137 31 Medici
326 1220 78 23 was
426 1211 77 31 fast
525 1213 255 37 establishing
802 1213 66 31 the
891 1220 225 30 supremacy
1139 1211 39 31 of
1200 1213 59 30 his
1280 1212 145 39 family,
1447 1213 129 31 where
1600 1213 72 31 Fra
1693 1214 179 38 Angelico
1889 1223 78 23 was
1983 1216 174 37 painting

168 1274 39 29 in
229 1274 68 31 the
320 1274 175 31 cloisters
518 1274 38 31 of
577 1276 76 30 San
676 1277 141 35 Marco,
841 1276 130 29 where
995 1274 260 32 Brunelleschi
1277 1283 78 23 was
1377 1277 145 37 raising
1545 1277 58 30 his
1626 1278 110 36 great
1759 1277 109 31 dome
1892 1279 73 30 and
1983 1279 172 30 Ghiberti

167 1335 175 40 working
365 1345 101 29 upon
492 1338 56 30 his
572 1338 138 37 golden
734 1339 120 36 gates,
871 1337 102 31 little
989 1337 197 31 Annalena
1208 1346 76 22 was
1301 1339 198 37 educated;
1515 1340 89 36 and,
1619 1340 103 30 since
1738 1340 200 31 childhood
1955 1349 77 22 was
2047 1341 109 30 short

168 1399 39 30 in
231 1399 110 31 those
365 1401 104 36 days,
492 1401 75 29 and
590 1401 66 30 the
680 1399 206 31 inevitable
910 1400 141 36 choice,
1075 1401 189 37 marriage
1287 1408 44 23 or
1354 1401 65 31 the
1444 1401 167 38 cloister,
1635 1403 71 29 had
1730 1403 41 30 to
1795 1403 45 30 be
1864 1403 107 31 made
1988 1403 105 38 early
2108 1404 48 37 by

169 1469 116 31 every
307 1462 86 38 girl,
417 1463 67 30 she
506 1471 78 22 was
608 1463 68 30 not
697 1463 66 37 yet
784 1463 39 29 in
847 1463 69 29 her
937 1463 112 30 teens
1072 1462 131 31 before
1226 1464 190 30 Madonna
1439 1465 209 31 Eiisabetta
1670 1473 78 23 was
1771 1473 48 22 on
1842 1465 65 31 the
1923 1465 159 31 lookout
2095 1465 62 31 for

168 1532 23 22 a
212 1525 166 31 suitable
403 1526 171 30 husband
597 1524 61 32 for
679 1526 71 30 her
772 1526 117 30 niece.

167 1592 47 26 &
237 1588 76 30 Her
336 1589 142 36 choice,
500 1587 66 31 fell
591 1596 100 29 upon
715 1596 21 22 a
760 1589 146 30 certain
931 1588 210 38 Baldaccio,
1167 1590 95 31 Lord
1286 1589 38 31 of
1339 1590 65 30 the
1429 1590 117 30 castle
1564 1590 38 31 of
1620 1592 125 32 Ranco
1762 1599 94 23 near
1871 1592 194 37 Anghiari;
2082 1600 72 23 one

168 1648 39 31 of
227 1649 111 30 those
362 1650 231 31 condottieri
616 1651 97 35 who,
737 1650 76 31 like
836 1651 61 30 Sir
918 1651 101 31 John
1054 1650 242 39 Hawkwood,
1320 1651 98 32 lived
1442 1654 47 36 by
1511 1651 176 40 warfare,
1721 1653 137 38 selling
1881 1655 58 29 his
1966 1655 124 30 sword
2114 1656 40 29 to

165 1710 91 32 first
278 1719 72 23 one
374 1712 73 30 and
471 1712 92 31 then
588 1713 165 30 another
775 1712 39 31 of
835 1714 66 30 the
924 1713 96 32 rival
1043 1715 124 30 states
1189 1715 39 30 in
1251 1715 88 30 that
1362 1716 196 30 continual
1581 1716 171 38 struggle
1776 1719 146 29 carried
1947 1726 48 22 on
2019 1719 39 29 in
2087 1718 67 30 the

167 1773 194 31 disunited
386 1773 96 39 Italy
504 1774 39 31 of
563 1776 88 29 that
666 1777 85 36 day,
768 1777 88 36 and,
872 1777 111 29 when
1009 1778 68 29 not
1099 1778 171 37 engaged
1294 1778 40 30 in
1355 1778 76 30 this
1446 1787 97 29 way,
1559 1780 209 37 occupying
1785 1780 150 31 himself
1950 1781 39 30 in
2005 1781 149 37 private

167 1836 74 30 and
266 1837 245 37 picturesque
533 1837 230 39 plundering
787 1846 49 23 on
859 1839 66 30 the
950 1840 200 30 mountain
1174 1847 142 30 passes.
1422 1846 45 25 &
1593 1848 46 26 &
1766 1849 45 25 &

236 1898 196 32 Baldaccio
455 1908 79 22 was
556 1902 42 29 at
619 1901 86 30 that
727 1901 93 30 time
844 1902 89 37 high
958 1903 39 28 in
1019 1902 66 31 the
1107 1902 137 31 favour
1266 1903 39 31 of
1325 1904 67 30 the
1409 1903 219 32 Florentine
1644 1907 254 35 government
1912 1905 61 31 for
1987 1906 66 30 the
2068 1914 66 30 pro-

167 1969 102 23 wess
291 1962 46 30 he
361 1962 72 30 had
457 1962 193 38 displayed
674 1963 39 29 in
736 1964 104 30 their
861 1964 195 32 interests,
1078 1966 73 30 and
1177 1964 183 39 although
1382 1974 105 23 more
1501 1967 95 30 thnn
1612 1975 94 23 once
1722 1969 233 30 condenmed
1972 1969 40 30 to
2040 1969 113 30 death

167 2023 61 31 for
250 2023 146 32 violent
419 2025 73 29 and
508 2024 148 31 lawless
671 2025 127 37 deeds,
814 2027 47 30 he
878 2026 72 31 had
967 2027 138 37 always
1123 2029 183 36 managed
1329 2029 41 29 to
1394 2028 109 32 make
1526 2030 58 30 his
1603 2037 114 30 peace
1732 2031 94 31 with
1841 2031 67 31 the
1924 2031 230 31 authorities

167 2086 74 30 and
264 2094 78 22 was
365 2086 39 30 in
428 2093 85 30 1437
537 2088 203 35 presented
765 2089 49 37 by
835 2088 66 31 the
925 2088 240 32 Florentines
1198 2090 94 30 with
1315 2090 66 31 the
1403 2090 171 32 freedom
1598 2091 39 32 of
1658 2093 67 30 the
1749 2093 90 38 city,
1861 2095 88 36 and,
1973 2095 47 36 by
2042 2102 22 22 a
2087 2095 44 29 de-

167 2155 85 23 cree
276 2148 112 30 dated
412 2149 100 31 June
536 2150 83 35 19th
642 2149 38 31 of
701 2151 68 29 the
791 2158 103 24 same
915 2158 104 30 year,
1042 2152 93 30 with
1158 2161 22 21 a
1203 2152 117 31 house
1342 2152 135 32 valued
1502 2155 41 30 at
1557 2153 88 32 four
1660 2154 173 32 hundred
1849 2155 150 39 florins,
2014 2156 137 37 which,

165 2217 77 23 was
266 2209 226 32 afterwards
515 2210 139 31 known
678 2220 40 22 as
744 2213 94 30 Casa
860 2212 209 32 Annalena.

163 2278 46 25 &
231 2272 89 31 This
341 2271 117 32 fierce
480 2281 130 30 young
632 2273 143 32 soldier
797 2283 79 23 was
898 2277 188 30 rendered
1112 2285 48 22 no
1184 2276 75 32 less
1283 2278 152 38 eligible
1459 2279 38 30 in
1512 2280 68 30 the
1603 2288 87 30 eyes
1714 2279 39 32 of
1766 2281 67 30 the
1850 2281 300 39 match-makjng

164 2335 177 30 contessa
363 2335 209 32 Elisabetta
596 2337 47 37 by
666 2337 58 30 his
747 2337 189 31 ferocious
960 2339 116 30 deeds
1098 2340 73 30 and
1195 2340 59 30 his
1277 2347 151 24 narrow
1452 2349 154 30 escapes
1627 2342 99 31 from
1749 2345 213 36 execution;
1985 2345 74 30 and
2082 2345 67 30 the

164 2398 175 30 contract
367 2398 172 31 between
563 2398 100 32 little
687 2400 196 31 Annalena
906 2401 72 30 and
1003 2401 70 31 her
1096 2403 239 31 condottiere
1357 2412 78 22 was
1465 2405 130 38 signed
1626 2413 49 23 on
1710 2405 191 40 February
1933 2408 80 37 7th,
2051 2408 97 37 1438,

163 2460 228 31 Annalena's
414 2461 129 37 dowry
567 2462 112 37 being
701 2462 101 31 fixed
826 2464 42 29 at
889 2464 77 29 two
981 2463 191 32 thousand
1190 2464 85 38 gold
1294 2464 135 33 florins
1456 2465 38 32 of
1558 2468 94 36 good
1674 2469 144 37 weight
1839 2470 72 30 and
1929 2469 219 31 Florentine

163 2522 156 37 coinage
396 2531 23 22 a
444 2522 65 31 list
534 2522 197 39 following
758 2524 40 31 of
823 2525 67 31 the
913 2525 137 31 houses
1066 2527 73 29 and
1157 2529 183 36 property
1362 2527 38 32 of
1414 2529 67 30 the
1496 2537 130 30 young
1642 2530 132 38 couple
1790 2532 123 30 which
1929 2540 101 23 were
2046 2533 40 30 to
2104 2533 45 30 be

162 2583 142 31 settled
328 2592 100 29 upon
451 2585 104 31 their
579 2587 101 30 heirs
706 2586 61 31 for
790 2594 101 30 ever,
915 2589 73 30 and
1014 2588 197 32 Baldaccio
1246 2591 112 37 being
1393 2592 126 30 bound
1595 2600 117 24 never
1743 2594 42 30 to
1822 2594 110 32 make
1967 2603 110 23 cause
2112 2594 38 32 of

162 2646 154 38 quarrel
332 2647 151 37 against
500 2648 57 30 his

160 2710 119 30 &SO
302 2709 209 38 Annalena,
533 2711 93 30 with
652 2712 68 30 her
749 2712 129 36 jewels
901 2713 73 31 and
1422 2715 71 31 full
1517 2715 38 32 of
1576 2716 79 31 fine
1679 2718 151 31 dresses
1862 2720 72 29 and
1969 2719 70 32 her
2070 2720 78 31 two

160 2772 191 30 thousand
376 2772 86 37 gold
485 2772 148 40 florins,
656 2776 105 29 went
782 2776 41 29 to
847 2775 73 31 live
943 2777 38 29 in
1004 2776 68 30 the
1094 2777 118 31 house
1235 2778 125 30 whioh
1385 2779 66 29 the
1473 2782 253 34 government
1748 2781 71 31 had
1839 2782 191 31 bestowed
2049 2790 99 30 upon

162 2834 67 31 her
253 2834 187 36 husband,
464 2836 73 30 and
560 2836 125 38 there,
702 2845 21 22 a
744 2845 94 30 year
861 2838 112 38 later,
997 2848 21 21 a
1042 2838 100 32 little
1165 2847 84 30 son,
1273 2841 121 30 Guido
1418 2842 165 31 Antonio
1607 2851 79 22 was
1708 2845 108 29 born.

231 2896 51 31 To
306 2897 45 30 be
372 2896 64 32 fhe
461 2897 87 31 wife
572 2898 38 31 of
633 2907 21 23 a
678 2900 240 32 condottiere
943 2902 38 29 in
1005 2902 111 31 those
1140 2904 92 36 days
1254 2911 92 29 was,
1371 2904 190 38 however,
1583 2906 42 29 to
1650 2906 94 31 have
1769 2907 69 30 but
1860 2906 100 32 little
1984 2907 37 31 of
2044 2907 105 32 one's

160 2958 209 31 husband's
391 2960 158 38 society,
573 2962 72 29 and
669 2960 61 32 for
751 2963 66 30 the
839 2963 111 31 three
972 2972 113 29 years
1108 2964 101 32 after
1234 2966 59 30 his
1316 2967 189 37 marriage
1522 2967 196 32 Baldaccio
1734 2977 78 23 was
1827 2972 184 36 engaged,
2027 2979 98 23 some-

159 3020 114 30 times
294 3020 61 32 for
377 3023 74 29 and
475 3024 219 31 sometimes
717 3026 151 36 against
891 3025 194 39 Florence,
1110 3029 38 29 in
1173 3027 138 32 almost
1336 3029 184 31 ceaseless
1542 3038 92 23 war.

158 3088 46 26 &
228 3084 75 30 But
325 3085 220 37 meantime,
567 3086 113 30 while
704 3087 47 30 he
774 3095 77 23 was
873 3088 167 39 fighting
1062 3091 41 29 at
1126 3098 22 23 a
1170 3091 187 38 distance,
1381 3092 57 31 his
1461 3094 169 30 enemies
1652 3100 102 25 were
1771 3095 95 38 busy
1882 3097 40 29 at
1938 3096 123 38 home;
2079 3096 52 32 let-

157 3147 81 29 ters
261 3145 40 32 of
323 3146 208 37 complaint
553 3149 152 35 against
729 3149 76 30 him
828 3152 89 29 sent
940 3153 48 36 by
1010 3153 67 30 the
1099 3152 129 32 feudal
1253 3154 119 31 chiefs
1395 3154 38 31 of
1456 3155 66 30 the
1547 3156 205 38 Romagna,
1775 3165 48 22 on
1847 3160 163 29 account
2026 3158 38 32 of
2082 3160 66 30 the

157 3208 239 32 destruction
421 3208 39 32 of
481 3209 103 31 their
607 3217 110 30 crops
741 3213 80 29 and
844 3213 67 30 the
933 3214 186 31 violation
1143 3215 40 31 of
1204 3217 102 30 their
1329 3217 143 35 homes,
1497 3218 162 30 aroused
1682 3219 67 30 the
1773 3220 234 37 displeasure
2031 3221 39 31 of
2082 3222 66 32 the

157 3271 75 31 Ten
256 3271 39 31 of
317 3272 102 36 War,
443 3272 73 30 and
543 3271 196 32 Baldaccio
764 3281 78 24 was
865 3278 224 30 summoned
1114 3278 95 31 back
1230 3280 41 29 to
1295 3287 150 23 answer
1465 3279 62 31 for
1550 3281 58 30 his
1632 3281 147 39 doings.

155 3340 46 26 &
225 3335 39 29 In
287 3335 68 30 the
378 3334 61 31 old
463 3335 120 30 house
605 3334 198 33 Annalena
826 3346 77 22 was
927 3341 182 38 awaiting
1132 3341 77 31 him
1233 3342 93 30 with
1352 3342 67 31 her
1434 3343 269 38 two-year-old
1727 3346 110 36 baby,
1852 3348 116 36 ready
1985 3349 40 28 to
2040 3355 107 23 warn

156 3398 76 30 him
257 3396 38 32 of
316 3398 66 31 the
407 3399 165 36 dangers
593 3398 248 38 threatening
863 3401 77 30 him
964 3403 38 29 in
1025 3403 67 32 the
1117 3405 130 38 city,...
1272 3406 168 37 greater,
1458 3406 197 39 probably,
1671 3408 94 30 than
1781 3408 66 31 the
1864 3409 144 38 danger
2023 3411 122 30 which

155 3460 47 30 he
225 3460 72 30 had
323 3468 73 22 run
419 3462 39 28 in
482 3461 67 31 the
571 3460 107 38 field,
700 3460 61 31 for
783 3462 59 30 his
864 3469 149 33 enemy,
1038 3466 280 31 Bartolommeo
1343 3468 210 38 Orlandini,
1576 3477 78 23 was
1687 3469 251 39 gonfalonier,
1972 3473 73 29 and
2079 3473 67 29 the

155 3521 179 37 audacity
356 3521 39 31 of
417 3523 232 31 Baldaccio's
672 3523 166 30 conduct
859 3525 38 30 in
920 3526 65 30 the
1009 3529 133 31 recent
1165 3537 80 22 war
1268 3530 73 30 had
1365 3537 42 24 so
1430 3532 162 30 aroused
1615 3532 67 30 the
1704 3531 102 32 fears
1829 3533 38 32 of
1887 3534 68 31 the
1970 3535 176 37 Signoria

155 3584 87 29 that
263 3584 92 37 they
377 3593 101 22 were
502 3587 173 30 desirous
699 3586 38 30 of
760 3588 159 36 putting
941 3588 76 31 him
1042 3591 70 30 out
1134 3591 39 31 of
1195 3592 66 30 the
1284 3601 96 30 way.
1458 3599 45 25 &
1971 3602 45 25 &
2100 3603 45 25 &

155 3651 45 24 &
222 3647 110 30 Some
355 3655 67 30 say
443 3649 87 31 that
553 3649 199 31 Orlandini
776 3650 72 30 had
873 3651 93 30 been
992 3655 229 30 embittered
1244 3656 127 38 owing
1392 3657 41 30 to
1456 3657 67 31 the
1545 3657 80 32 fact
1647 3658 87 31 that
1762 3659 198 31 Annalena
1989 3661 72 30 had
2086 3668 40 24 re-

155 3708 132 36 pulsed
313 3711 146 30 certain
483 3713 187 30 advances
694 3713 109 30 made
827 3713 48 37 by
898 3713 76 30 him
998 3715 39 30 in
1060 3716 70 31 her
1152 3717 208 32 husband's
1383 3721 172 37 absense;
1579 3721 258 32 Macchiavelli
1861 3723 209 32 attributes
2086 3724 58 31 his

155 3770 134 32 hatred
306 3773 42 29 to
363 3773 66 31 the
445 3773 79 32 fact
546 3775 100 38 that,
669 3776 88 30 sent
772 3775 94 31 with
883 3775 195 34 Baldaccio
1101 3781 40 29 to
1164 3782 120 35 guard
1300 3782 180 37 Marradi,
1503 3783 48 31 he
1575 3783 129 39 basely
1726 3784 90 38 fled,
2122 3796 21 23 a

154 3834 164 35 position
349 3836 122 32 which
496 3838 48 38 by
559 3839 50 30 its
627 3839 138 30 nature
781 3838 139 32 almost
936 3839 186 33 defended
1301 3844 122 32 which
1441 3846 208 32 cowardice
1710 3848 196 37 disgusted
1932 3848 209 41 Baldaccio,

2219 904 280 32 Annalena,
2544 912 44 26 &

2218 1580 288 32 Baldaccio.

2216 2266 81 32 The
2322 2267 260 40 Marriage.
