2329 4079
197 220 45 45 42

195 348 104 31 often
333 349 215 35 something
570 347 37 31 of
629 347 122 36 value,
774 346 72 30 and
877 353 55 22 we
963 345 178 38 cordially

194 411 237 29 recommend
455 411 77 29 this
563 409 98 31 book
675 410 40 29 to
737 409 109 29 those
870 408 208 29 interested
1103 409 38 28 in

194 473 65 29 the
273 472 62 30 life
348 473 71 29 and
432 470 105 31 work
550 470 38 31 of
611 471 64 29 the
692 470 158 30 Theatre
875 470 36 28 in
933 470 209 37 America,.,

195 542 43 22 or
260 534 143 36 rather,
426 534 37 28 in
487 531 202 31 America's
727 532 169 35 greatest
930 532 140 35 centre,
1103 532 38 29 in

195 596 87 29 New
306 594 111 31 York.
762 599 44 24 &
930 599 44 24 &
1097 597 45 26 &

195 676 32 31 A
264 674 232 35 TYPICAL
537 672 397 37 SHAKLSPKARE
974 673 171 35 STAG%

196 739 52 37 by
265 738 138 31 Victor
414 736 47 35 E.
475 732 193 43 Albright
683 734 112 32 M.A.
810 735 338 31 Knickerbocker

195 798 135 38 Press,
344 799 95 29 New
456 797 122 31 York.
593 804 45 24 &
929 804 44 24 &
1097 804 45 25 &

200 882 53 61 In
285 913 79 30 this
399 912 204 37 pamphlet,
636 912 121 29 which
790 910 116 32 forms
941 911 64 30 the
1038 911 102 29 third

196 976 155 35 chapter
373 974 37 30 of
426 983 21 21 a
463 975 125 36 study,
610 975 59 27 Mr
691 973 174 36 Albright
887 974 121 28 treats
1024 972 37 30 of
1075 973 66 29 the

194 1036 204 31 formation
421 1037 71 28 and
515 1034 172 37 working
703 1034 38 30 of
755 1035 65 29 the
836 1034 304 37 Shakespearean

195 1100 118 35 stage.
337 1098 38 29 In
398 1105 72 29 any
494 1097 205 30 discussion
723 1096 38 30 of
782 1096 77 30 this
878 1098 119 35 stage,
1018 1096 123 30 howe=>

195 1166 78 31 ver,
288 1159 65 30 the
369 1158 88 31 first
471 1159 107 35 point
592 1159 41 29 to
650 1157 209 36 emphasize
873 1158 31 29 is
920 1157 84 30 that
1020 1157 30 29 it
1066 1164 75 23 was

194 1221 60 30 for
272 1222 66 29 the
353 1220 305 36 Shakespearean
682 1220 140 36 period;
838 1220 66 29 the
921 1219 100 36 next,
1044 1219 74 29 whe-

195 1283 87 30 ther
295 1283 30 29 it
337 1282 77 30 will
429 1283 110 29 stand
553 1281 65 30 the
631 1282 78 29 test
722 1280 37 30 of
770 1282 90 28 time
874 1288 40 22 as
925 1280 85 30 well
1024 1288 39 22 as
1075 1280 65 29 the

195 1345 103 37 plays
321 1345 46 29 do
391 1345 71 29 and
486 1351 105 23 serve
609 1351 69 22 our
695 1351 65 22 use
779 1343 114 36 today
909 1350 39 22 as
965 1343 49 29 its
1031 1342 88 29 advo-

196 1407 101 30 cates
319 1406 123 30 would
467 1406 134 36 assert,
624 1413 43 22 or
699 1405 170 30 whether
902 1404 31 30 it
965 1411 77 22 was
1075 1404 67 29 not

194 1469 131 29 rather
347 1476 22 21 a
388 1467 212 30 makeshift.
624 1467 65 30 We
706 1467 143 30 believe
871 1466 77 29 this
971 1465 114 30 latter
1101 1466 39 29 to

195 1531 45 28 be
262 1530 65 29 the
351 1536 95 30 case,
468 1528 59 31 for
549 1530 63 29 the
647 1529 98 29 main
776 1528 107 35 need,
906 1528 66 29 the
1002 1528 140 28 matter

195 1591 38 30 of
254 1591 141 31 radical
429 1592 247 35 importance,
705 1591 38 29 in
767 1598 20 22 a
809 1592 118 35 stage,
950 1590 31 28 is
1004 1589 85 29 that
1111 1589 30 29 it

195 1652 132 30 should
349 1653 44 29 be
417 1653 38 28 in
478 1652 183 36 harmony
683 1651 93 29 with
798 1651 66 29 the
886 1650 84 36 play
993 1658 43 21 or
1058 1657 63 28 per-

194 1714 192 30 formance
422 1715 41 29 to
496 1713 88 31 take
617 1712 103 37 place
757 1712 172 35 thereon,
963 1712 72 28 and
1064 1712 77 28 this

196 1777 183 35 harmony
408 1781 56 23 we
487 1776 46 28 do
564 1776 67 28 not
661 1773 80 31 find
775 1774 162 36 existing
970 1773 171 29 between

194 1837 66 30 the
276 1837 103 37 plays
395 1836 38 30 of
444 1836 255 36 Shakespeare
716 1836 71 29 and
805 1836 64 28 the
883 1834 258 30 construction

196 1898 37 30 of
255 1899 64 29 the
342 1897 241 33 Elizabethan
607 1898 120 35 stage.
760 1901 45 27 &
1096 1899 46 26 &

262 1961 87 29 Now
371 1959 39 30 in
432 1959 131 37 saying
584 1958 77 29 this
683 1964 56 23 we
763 1958 101 29 must
888 1958 67 29 not
976 1958 45 27 be
1055 1957 66 28 mis-

196 2021 242 36 understood,
454 2027 68 23 nor
536 2021 100 29 must
652 2026 70 24 our
737 2019 152 30 readers
902 2018 103 36 jump
1021 2019 39 28 to
1077 2017 64 30 the

195 2083 215 30 conclusion
441 2083 98 35 that,
572 2081 28 30 if
632 2088 56 23 we
722 2082 46 29 do
802 2081 67 29 not
900 2079 133 31 favour
1065 2078 76 31 this

193 2144 305 36 Shakespearean
515 2145 106 35 stage
636 2151 56 21 we
708 2142 134 30 favour
854 2142 65 30 the

193 2206 119 37 stage.
327 2206 95 30 That
655 2206 31 28 is
699 2211 21 23 a
735 2210 119 31 vaguo
871 2203 117 35 word,
1002 2211 21 21 a
1038 2203 102 29 word

191 2267 69 31 full
284 2267 38 31 of
343 2268 211 36 deception.
578 2266 101 31 With
704 2267 155 28 modern
895 2272 248 29 managers,...

192 2330 91 29 with
296 2330 58 29 Mr
370 2329 104 36 Tree,
490 2328 59 30 for
565 2329 208 35 instance,.,
790 2328 31 28 it
838 2334 127 22 means
997 2326 124 35 'decep-

193 2391 106 30 tion'.
322 2392 58 28 Mr
399 2390 91 30 Tree
513 2389 123 31 would
664 2388 176 31 'deceive'
867 2389 56 28 his
941 2389 200 28 audiences

193 2452 47 38 by
271 2453 103 30 what
396 2453 45 28 he
464 2453 78 28 sets
577 2450 126 31 before
736 2451 117 29 them.
878 2450 31 29 It
932 2450 30 29 is
985 2450 65 29 the
1081 2448 58 30 old

193 2513 213 37 conjurer's
438 2512 100 32 trick
570 2514 123 35 again.
726 2511 255 36 Shakespeare
1014 2509 122 31 would

192 2576 145 30 instead
360 2575 88 30 take
477 2575 103 30 them
605 2575 80 29 into
709 2574 57 29 his
799 2572 174 37 spiritual
1007 2572 130 36 world,

191 2638 64 29 the
278 2636 117 31 world
419 2636 38 30 of
473 2636 57 30 his
554 2636 261 36 Imagination.
832 2634 86 30 This
934 2635 31 29 is
982 2633 134 36 Prospe-

191 2699 75 30 ro's
298 2707 94 29 way.
427 2698 74 30 The
542 2697 206 30 difference
781 2697 32 29 is
837 2704 214 28 enormous,
1073 2695 65 30 the

191 2761 220 29 distinction
435 2760 168 29 obvious.
1094 2762 45 25 &

258 2824 65 35 No,
338 2822 64 30 the
418 2829 40 23 so
483 2821 117 30 called
660 2819 308 37 Shakespearean
1018 2820 121 35 stage,

191 2884 72 30 and
293 2884 64 30 the
372 2885 154 28 modern
541 2882 149 31 Illusive
703 2883 106 35 stage
824 2881 89 31 both
927 2888 64 23 are
1007 2881 68 30 bad
1101 2881 37 28 in

189 2945 103 30 their
323 2945 143 30 several
489 2952 113 29 ways.

257 3007 112 29 What
389 3006 93 30 then
505 3007 31 28 is
559 3005 115 37 good?
757 3010 44 24 &

257 3068 87 29 Now
358 3068 88 29 here
459 3075 56 22 we
532 3074 103 23 come
652 3067 40 29 to
707 3066 65 29 the
790 3066 109 35 thing
914 3065 120 29 which
1050 3071 67 29 puz-

189 3128 77 33 zles
288 3136 198 29 everyone.
509 3128 112 30 What
643 3128 30 29 is
697 3128 64 29 the
786 3126 150 34 Riddle?
956 3127 29 28 A
1007 3125 131 36 simple

190 3198 70 23 one
283 3192 39 29 to
345 3189 68 31 ask
445 3191 72 29 and
552 3197 92 23 even
677 3197 41 22 so
751 3189 132 35 simple
913 3189 40 28 to
980 3195 158 22 answer.

191 3253 31 28 It
244 3253 31 29 is
297 3252 65 29 the
385 3251 59 30 old
468 3252 157 35 Spanish
649 3259 69 28 egg
743 3258 90 23 over
855 3251 122 36 again.
1092 3254 45 25 &

257 3314 73 30 The
355 3312 128 35 Riddle
506 3314 69 34 put
589 3314 40 28 to
647 3321 43 21 us
713 3313 30 29 is
766 3313 88 29 this:
872 3311 29 30 If
915 3320 73 28 you
1006 3311 92 30 have
1115 3318 22 22 a

191 3374 100 38 Play,
301 3375 91 30 such
402 3382 39 21 as
451 3373 172 30 'Hamlet'
632 3373 59 30 for
699 3375 183 35 instance,
892 3373 92 29 with
992 3373 145 35 twenty

189 3444 145 29 scenes,
356 3443 104 23 some
482 3435 133 36 taking
636 3435 104 36 place
763 3436 39 28 in
826 3442 93 29 open
943 3435 68 35 air,
1034 3440 102 23 some

190 3500 121 28 under
326 3506 21 22 a
369 3497 96 38 roof,
488 3505 103 22 some
614 3497 38 29 in
676 3504 70 23 one
770 3504 94 29 open
888 3495 116 37 place,
1033 3502 104 23 some

189 3562 38 28 in
250 3561 174 36 another,
442 3561 82 29 how
540 3566 64 23 are
619 3566 73 30 you
710 3560 113 36 going
836 3560 41 28 to
893 3558 155 37 suggest
1062 3557 76 29 this

189 3624 39 28 to
255 3623 65 29 the
347 3630 86 30 eyes
461 3622 37 30 of
534 3622 64 30 the
636 3622 181 29 audience
854 3621 71 29 and
963 3621 40 29 to
1036 3619 101 30 their

189 3685 246 35 imagination
466 3692 49 22 on
552 3691 71 22 one
656 3684 106 35 stage
794 3683 163 29 without
993 3680 143 31 several

189 3744 182 32 different
393 3753 130 23 scenes
536 3746 18 30 ?
586 3751 45 24 JS?
923 3749 46 25 &
1092 3748 44 24 &

188 3812 45 25 &
257 3807 74 29 The
344 3815 148 23 answer
504 3809 108 33 given
630 3808 46 34 by
689 3807 64 29 the
767 3805 242 32 Elizabethan
1023 3805 113 35 Stage

1204 356 149 38 Society
1374 357 92 30 with
1496 353 59 34 Mr
1588 352 87 33 Poel
1709 355 39 29 at
1784 355 49 28 its
1870 353 92 30 head
2001 353 31 30 is
2066 352 86 31 that

1204 418 255 37 Shakespeare
1483 417 109 30 knew
1616 416 83 30 how
1720 416 40 29 to
1778 416 46 28 do
1841 416 31 28 it
1887 415 72 29 and
1983 421 70 24 our
2070 415 82 29 best

1204 479 85 37 plan
1313 482 31 28 is
1365 482 40 28 to
1430 488 45 28 go
1499 478 94 31 back
1614 477 73 30 and
1705 477 133 37 gather
1854 484 39 23 as
1910 477 109 29 much
2037 475 97 30 infor-

1205 543 141 29 iiiation
1366 550 40 21 as
1421 541 65 30 the
1503 539 224 37 incomplete
1743 538 151 31 records
1912 545 67 22 can
1997 538 82 36 give
2096 545 56 21 us.

1205 604 58 29 Mr
1274 602 126 31 Tree's
1412 609 145 24 answer
1570 609 40 23 as
1628 601 262 36 representing
1904 599 66 30 the
1986 598 166 30 Illusion-

1205 665 159 33 Realism
1393 663 133 31 School
1548 664 31 29 is
1602 663 85 29 that
1712 661 257 37 Shakespeare
1999 661 111 35 being
2131 668 21 21 a

1205 734 85 22 man
1315 726 37 30 of
1373 727 64 29 the
1460 725 117 30 world
1602 725 71 29 and
1698 731 21 22 a
1742 724 94 35 good
1860 723 172 29 business
2064 729 86 21 man

1204 788 40 29 to
1261 788 89 30 boot
1364 787 123 30 would
1505 787 92 35 keep
1615 794 48 27 up
1679 786 40 29 to
1736 786 87 28 date
1840 785 71 28 and
1928 783 123 30 would
2068 783 84 36 give

1204 849 64 30 the
1292 849 129 30 Public
1449 849 102 30 what
1571 848 67 29 the
1672 846 127 30 critics
1830 853 66 29 say
1929 845 64 29 the
2023 844 130 30 Public

1204 910 133 37 wants;
1359 912 86 28 that
1467 909 256 37 Shakespeare
1745 907 123 31 would
1894 908 44 28 be
2088 907 64 29 too

1205 971 97 37 glad,
1325 971 59 30 old
1550 973 39 28 to
1610 971 93 29 have
1720 970 58 29 his
1793 968 104 38 plays
1913 975 73 22 run
2001 967 60 30 for
2077 968 75 28 two

1204 1033 170 29 hundred
1400 1032 125 37 nights
1542 1034 39 28 at
1597 1040 21 22 a
1633 1031 145 30 stretch
1794 1030 72 30 and
1882 1029 124 29 would
2024 1028 129 35 accept

1204 1102 71 29 any
1292 1094 86 35 plan
1395 1093 37 30 of
1448 1094 196 35 achieving
1658 1093 76 29 this
1750 1092 122 30 which
1887 1091 66 30 the
1974 1097 180 28 manager

1204 1155 106 30 could
1344 1155 139 30 devise.
1517 1153 200 30 Therefore
1741 1154 45 29 he
1812 1152 123 30 would
1970 1150 182 37 willingly

1202 1218 155 30 witness
1390 1217 57 29 his
1480 1215 103 38 plays
1624 1216 112 36 being
1771 1213 212 38 performed
2022 1212 128 30 before

1201 1280 145 36 twenty
1369 1278 181 30 different
1560 1277 168 30 realistic
1740 1283 130 23 scenes
1887 1276 121 29 which
2025 1274 125 30 would

1202 1341 139 37 swiftly
1365 1340 133 30 switch
1521 1340 65 29 the
1610 1337 210 32 beholders'
1844 1337 184 36 thoughts
2053 1336 96 30 from

1204 1411 71 22 one
1298 1403 82 29 idea
1403 1410 46 22 on
1473 1403 40 28 to
1536 1401 172 30 another.
1734 1400 108 30 From
1901 1397 252 32 Battlements

1204 1465 71 29 and
1299 1472 21 21 a
1341 1464 120 36 rising
1484 1470 124 30 moon,
1637 1463 74 35 etc,
1862 1462 41 29 to
2022 1458 131 31 Palace

1203 1527 92 29 with
1331 1526 200 35 tapestries
1565 1525 128 36 copied
1727 1523 98 30 from
1859 1523 66 30 the
1959 1521 194 36 originals,

1204 1589 73 36 etc,
2108 1587 45 26 &

1204 1655 44 24 &
1270 1649 153 31 Neither
1439 1648 37 31 of
1491 1649 106 29 these
1621 1647 216 37 gentlemen
1858 1645 121 31 solves
1994 1646 66 28 the
2077 1645 76 29 rid*

1204 1712 73 29 die.
1300 1712 74 29 The
1397 1710 87 30 first
1517 1712 90 34 begs
1629 1710 65 30 the
1728 1709 175 36 question
1937 1707 72 30 and
2043 1707 109 29 hums

1204 1773 72 30 and
1293 1773 100 29 haws
1412 1772 212 37 nervously.
1640 1771 75 30 The
1737 1771 149 35 second,
1902 1768 170 36 winking
2086 1768 65 29 the

1204 1842 66 29 eye
1292 1834 122 30 which
1437 1835 31 29 is
1485 1834 100 30 fixed
1602 1840 99 29 upon
1717 1833 66 29 the
1800 1832 99 29 main
1917 1832 151 34 chance,
2084 1831 68 28 out

1205 1895 37 31 of
1265 1904 20 22 a
1307 1895 69 31 full
1400 1896 108 30 heart
1531 1895 152 36 beating
1705 1894 92 29 with
1821 1893 82 30 love
1927 1893 71 28 and
2015 1892 137 29 tender

1204 1958 282 29 remembrance
1520 1956 37 31 of
1590 1957 97 29 'Our
1719 1956 109 36 great
1859 1954 175 34 William,
2068 1953 85 29 that

1204 2017 88 22 ever
1313 2010 167 36 glorious
1503 2010 141 28 master
1665 2007 38 31 of
1722 2008 104 35 stage
1851 2004 109 37 craft,
1977 2006 60 28 etc

1204 2071 159 37 proudly
1395 2072 72 28 and
1503 2069 223 38 generously
1759 2075 177 30 proposes
1969 2068 40 29 to
2044 2065 108 31 make

1204 2133 257 36 Shakespeare
1484 2141 71 29 pay
1642 2133 40 28 at
1705 2130 48 31 all
1783 2131 113 30 costs.
1938 2135 45 24 &

1273 2196 78 29 And
1376 2195 64 29 the
1465 2196 80 28 cost
1567 2194 32 30 is
1622 2194 121 36 great.
1760 2192 75 30 The
1852 2192 81 29 cost
1948 2191 31 29 is
1995 2191 65 29 the
2077 2189 75 30 loss

1204 2256 38 30 of
1263 2257 66 29 the
1352 2256 96 37 play.

1203 2323 44 25 &
1270 2319 87 30 Now
1374 2318 52 29 let
1449 2325 43 22 us
1514 2318 91 29 turn
1627 2318 41 28 to
1691 2317 59 28 Mr
1772 2316 128 29 Victor
1923 2314 40 31 E.
1979 2313 173 36 Albright

1204 2381 48 29 M.
1276 2381 41 28 A.
1350 2381 40 28 to
1424 2379 104 32 learn
1561 2379 86 36 why
1679 2375 258 38 Shakespeare
1971 2376 111 29 chose
2110 2376 41 29 to

1204 2442 141 36 change
1369 2441 63 30 the
1634 2446 41 24 so
1699 2438 105 31 often
1829 2439 38 29 in
1884 2439 58 29 his
1958 2436 104 38 plays
2078 2436 72 30 and

1200 2503 103 30 what
1324 2510 134 22 reason
1483 2503 46 29 he
1555 2502 70 30 had
1649 2502 38 29 in
1712 2509 40 22 so
1776 2500 127 37 doing.

1268 2565 74 29 The
1365 2565 104 35 rapid
1494 2565 162 35 changes
1680 2564 37 29 in
1734 2561 291 37 Shakespeare's
2047 2561 105 37 plays

1247 2626 96 30 from
1368 2634 21 21 a
1404 2633 104 22 room
1525 2627 40 28 to
1583 2633 20 22 a
1619 2626 134 35 street,
1769 2633 43 21 or
1828 2633 21 21 a
1865 2623 146 31 council
2028 2624 100 29 cham-

1248 2690 66 28 ber
1336 2690 40 28 to
1398 2696 21 21 a
1443 2687 118 31 battle
1583 2686 104 37 field,
1703 2694 99 22 were
1820 2687 66 29 not
1901 2693 41 22 so
1960 2686 169 29 construc-

1247 2751 63 29 ted
1335 2751 156 29 because
1524 2750 65 29 the
1623 2749 80 30 dice
1725 2747 64 31 fell
1813 2749 37 28 in
1870 2748 87 30 that
1979 2754 172 30 manner,

1249 2813 67 28 but
1339 2813 157 29 because
1519 2812 46 29 he
1588 2819 76 21 was
1692 2811 155 35 writing
1879 2809 60 31 for
1962 2817 21 22 a
2006 2809 144 29 certain

1247 2873 95 31 form
1357 2873 37 31 of
1405 2875 106 34 stage
1526 2873 93 29 with
1635 2881 21 21 a
1671 2871 100 31 fixed
1785 2871 151 30 method
1950 2870 38 30 of
2000 2872 153 35 staging

1248 2937 37 28 in
1310 2936 115 29 mind.
1449 2936 33 29 It
1505 2935 31 29 is
1558 2935 156 36 strange
1738 2934 83 29 how
1849 2932 223 38 completely
2101 2932 50 30 all

1247 2999 76 28 this
1346 2998 65 29 has
1436 2998 93 29 been
2106 3000 46 26 &

1268 3061 88 28 Now
1378 3066 56 22 we
1458 3067 63 21 are
1556 3061 67 27 not
1657 3059 112 36 going
1791 3059 39 28 to
1855 3058 170 36 disagree
2058 3054 92 32 with

1201 3121 57 30 Mr
1281 3120 174 37 Albright
1478 3128 40 23 as
1540 3122 40 28 to
1603 3120 103 30 what
1727 3118 258 38 Shakespeare
2009 3118 71 29 had
2098 3118 52 29 'in

1202 3184 57 29 his
1282 3182 115 30 mind'
1416 3184 109 29 when
1539 3183 153 36 writing
1705 3182 65 30 the
1786 3182 117 36 plays,
1921 3188 70 22 nor
2006 3181 39 29 to
2061 3179 89 30 take

1202 3252 47 28 up
1273 3245 63 29 the
1360 3246 162 34 position
1546 3244 85 30 held
1656 3252 48 28 up
1729 3245 45 35 by
1799 3243 141 30 Goethe
1969 3243 111 29 when
2104 3241 46 30 he

1200 3307 78 30 said
1311 3307 86 29 that
1421 3306 256 37 Shakespeare
1701 3313 115 23 never
1837 3304 165 37 thought
2025 3302 38 31 of
2084 3304 66 29 the

1200 3370 106 35 stage
1329 3370 41 28 at
1391 3368 61 31 all.
1477 3370 64 30 We
1569 3377 63 21 are
1667 3368 156 30 content
1854 3367 41 29 to
1930 3367 130 34 accept
2093 3367 58 28 Mr

1200 3430 205 37 Albright's
1438 3431 240 36 explanation
1713 3437 39 22 as
1785 3428 266 36 representing
2084 3428 66 29 the

1202 3494 213 29 conviction
1432 3493 38 30 of
1485 3494 65 29 the
1567 3492 175 30 students
1759 3490 38 30 of
1811 3491 66 29 the
1893 3489 258 36 Shakespeare

1202 3556 119 36 stage;
1343 3563 41 22 so
1406 3556 86 29 that
1513 3562 56 22 we
1592 3562 64 21 are
1672 3552 78 30 also
1767 3553 217 34 convinced,
2001 3551 74 30 like
2092 3552 58 29 Mr

1201 3616 185 38 Albright,
1416 3617 85 29 that
1532 3614 255 37 Shakespeare
1809 3621 78 22 was
1915 3614 154 35 writing
2090 3612 60 30 for

1233 3687 22 21 a
1278 3678 153 31 certain
1454 3678 106 30 form
1583 3676 45 31 of
1640 3678 113 36 stage
1774 3676 93 30 with
1884 3684 21 22 a
1919 3675 120 30 fixed
2070 3682 54 21 me-

1202 3740 95 30 thod
1329 3740 45 30 of
1403 3739 165 38 staging
1599 3739 36 29 in
1670 3739 57 30 his
1754 3739 102 28 mind
1929 3737 74 30 The
2026 3736 123 31 italics

1201 3811 64 20 are
1289 3810 99 21 ours.
1429 3807 44 24 &
1597 3807 45 24 &
1767 3805 44 25 &
1936 3805 43 24 &
2104 3804 44 25 &
