2761 4084
621 224 47 40 38

293 351 89 31 THE
404 351 150 33 ARENA

188 413 211 30 GOLDONI.
510 416 44 26 &

621 356 127 30 young
771 348 133 30 widow
926 348 84 29 who
1033 346 167 31 founded
1224 348 88 28 here
1330 347 68 29 her
1420 347 177 36 convent,
1613 347 73 31 and
1703 347 166 37 Corazzi,
1886 348 65 30 the
1966 355 128 30 young
2109 348 188 31 architect
2317 348 86 29 who
2418 349 176 30 achieved

623 411 89 30 here
735 411 57 29 his
814 409 89 31 first
924 408 119 37 work,
1067 409 73 29 and
1165 416 112 29 many
1300 416 111 29 many
1435 416 117 23 more.
1576 408 101 38 They
1700 417 65 23 are
1788 409 49 31 all
1862 418 96 29 gone
1983 418 96 28 now,
2103 418 41 23 as
2167 409 148 38 today's
2330 410 171 31 shadows
2517 411 77 30 will

623 473 45 30 be
693 480 95 29 gone
811 473 219 34 tomorrow,
1054 471 69 30 but
1145 470 103 31 their
1268 470 108 30 work
1397 471 178 36 remains;
1600 472 86 29 that
1708 472 121 30 which
1854 473 90 36 they
1966 472 164 30 touched
2154 472 72 30 and
2251 471 134 31 looked
2415 479 99 29 upon
2530 474 65 36 yet

621 534 184 30 survives.

688 595 164 35 Perhaps
874 595 31 28 it
927 595 32 29 is
981 601 103 22 some
1106 593 107 30 trace
1236 592 38 31 of
1295 593 66 30 the
1385 593 200 32 cloistered
1610 595 112 36 spirit
1744 595 38 32 of
1803 595 109 31 those
1937 603 113 29 many
2074 603 97 23 nuns
2204 596 122 30 which
2359 597 65 35 yet
2454 595 139 38 lingers

621 658 89 30 here
733 657 71 30 and
827 656 122 30 which
973 656 103 36 gives
1098 656 94 30 such
1216 656 143 37 charm,
1381 664 41 22 so
1447 656 167 37 peaceful
1641 665 47 22 an
1712 658 254 37 atmosphere,
1989 659 41 29 to
2054 658 65 29 the
2142 657 118 37 place.

689 719 68 36 Ah,
781 717 150 36 indeed,
954 717 107 30 there
1086 724 68 23 can
1180 718 45 29 be
1246 717 74 31 few
1344 726 104 22 more
1472 719 186 30 beautiful
1681 719 171 31 theatres
1874 721 38 29 in
1935 720 66 30 the
2024 719 120 31 world
2166 720 94 30 than
2277 720 101 31 this!
2402 721 32 29 It
2448 721 32 31 is
2497 720 95 32 ideal

618 781 73 30 and
714 781 91 29 stirs
827 778 98 31 ideal
948 779 200 36 emotions;
1171 780 88 36 and,
1281 781 102 30 since
1409 781 32 30 it
1464 781 32 30 is
1518 781 67 30 the
1607 782 239 37 prerogative
1863 781 37 31 of
1921 783 66 30 the
2011 783 114 30 artist
2149 784 66 29 not
2238 782 142 38 merely
2402 784 41 30 to
2467 785 125 30 create

619 842 138 37 beauty
780 842 69 29 but
869 842 41 29 to
933 841 170 30 increase
1128 842 72 29 and
1232 842 154 37 develop
1418 843 88 30 that
1536 842 152 38 already
1716 844 179 35 existent,
1919 845 65 29 the
2008 846 137 35 degree
2177 844 38 31 of
2241 845 57 30 his
2324 853 126 27 power
2481 846 112 36 being

618 904 195 30 measured
831 904 46 36 by
901 903 58 30 his
981 904 169 36 capacity
1171 903 60 31 for
1252 912 41 22 so
1316 905 127 36 doing,
1474 905 38 30 of
1542 905 105 30 what
1676 905 76 29 will
1782 906 78 30 this
1892 906 104 35 place
2029 908 68 28 not
2126 914 114 29 prove
2271 906 152 37 capable
2455 908 38 30 in
2527 908 64 31 the

618 966 119 29 hands
759 964 38 31 of
819 973 41 22 so
882 971 175 29 supreme
1080 972 48 23 an
1151 966 113 29 artist
1286 974 41 22 as
1349 967 59 29 Mr
1432 967 151 30 Gordon
1607 967 142 37 Craig?
2547 974 45 26 &

684 1028 47 29 At
752 1027 87 30 that
860 1027 165 36 thought
1046 1027 65 30 the
1134 1027 151 31 illusion
1309 1027 39 31 of
1369 1028 65 30 the
1458 1030 85 35 past
1564 1028 106 31 fades
1693 1037 22 21 a
1737 1028 114 31 little:
1874 1030 32 29 it
1929 1030 44 36 is,
1996 1030 163 37 instead,
2182 1030 64 30 the
2269 1030 93 36 spell
2387 1030 37 30 of
2445 1031 66 30 the
2534 1030 39 31 fu-

615 1090 86 29 ture
722 1088 122 30 which
869 1089 211 29 dominates
1103 1089 72 30 and
1200 1089 120 31 holds.
1343 1089 76 31 The
1442 1091 120 35 place,
1586 1091 60 30 for
1676 1090 49 31 all
1749 1091 48 29 its
1834 1091 257 37 tranquillity,
2116 1100 121 22 seems
2269 1093 42 28 to
2336 1093 44 29 be
2413 1093 181 38 awaiting

614 1150 228 37 something.
867 1152 32 28 It
921 1151 31 29 is
974 1150 67 30 the
1065 1150 172 31 destined
1263 1152 151 36 beauty:
1439 1154 88 34 and,
1550 1154 103 29 since
1687 1154 150 36 destiny
1859 1154 32 29 is
1924 1154 148 36 strong,
2102 1154 64 29 the
2199 1155 101 30 issue
2334 1154 123 31 leaves
2491 1154 100 31 little

616 1220 104 22 room
743 1211 60 31 for
825 1213 131 29 doubt.
980 1213 33 28 It
1034 1220 121 24 seems
1178 1212 138 31 almost
1337 1221 40 21 as
1400 1214 213 31 inevitable
1637 1223 40 22 as
1699 1215 65 29 the
1787 1216 86 35 past
1895 1215 32 29 is
1949 1222 101 22 sure.
2366 1223 45 24 &
2545 1223 46 25 &

616 1280 45 25 &
684 1275 57 28 Mr
765 1273 142 37 Craig's
929 1281 181 29 purposes
1133 1282 65 22 are
1220 1275 66 30 the
1310 1276 174 29 outcome
1509 1275 38 31 of
1569 1276 89 38 long
1679 1277 164 36 practise
1860 1277 72 30 and
1951 1275 187 37 profound
2155 1279 188 28 research.
2361 1279 50 29 He
2429 1279 66 29 has
2511 1279 81 29 stu®

614 1336 85 30 died
722 1334 84 31 well
828 1335 66 30 the
917 1335 137 31 details
1077 1335 38 31 of
1137 1336 58 30 his
1218 1337 285 37 organisation;
1538 1338 46 30 he
1608 1339 66 29 has
1707 1338 174 31 foreseen
1918 1339 299 36 contingencies,
2240 1340 45 29 he
2309 1340 67 29 has
2410 1340 178 30 balanced

614 1397 256 36 possibilities.
893 1397 76 30 The
992 1399 151 29 scheme
1167 1399 31 29 is
1220 1399 128 36 ready;
1371 1399 31 29 it
1425 1400 146 36 awaits,
1594 1400 75 30 like
1691 1408 22 22 a
1735 1401 86 35 ship
1844 1401 39 29 in
1907 1399 113 39 dock,
2044 1401 65 30 the
2134 1401 97 29 hand
2254 1401 121 29 which
2399 1401 96 30 shall
2526 1403 65 29 cut

615 1459 50 30 its
688 1458 104 31 cable
815 1460 72 29 and
912 1459 138 31 launch
1075 1461 31 28 it
1129 1468 99 28 upon
1251 1460 66 31 the
1340 1468 95 23 seas.
1690 1467 45 25 &
1861 1468 45 25 &
2031 1467 45 25 &
2201 1468 45 25 &

682 1522 80 29 And
785 1521 84 30 who
894 1521 95 30 shall
1014 1522 46 29 do
1083 1522 77 30 this
1173 1522 18 30 ?

684 1582 106 37 Well,
811 1583 110 30 there
944 1590 65 23 are
1032 1591 112 29 many
1166 1584 82 30 rich
1270 1592 99 29 men,
1395 1585 74 30 and
1493 1592 103 23 some
1620 1584 38 31 of
1679 1586 104 29 them
1808 1593 64 22 are
1897 1594 236 28 courageous
2150 1587 73 29 and
2239 1587 118 36 ready
2371 1587 42 29 to
2430 1589 160 34 support

616 1651 233 30 courageous
873 1646 246 36 enterprises,
1142 1647 72 28 and
1237 1646 110 29 there
1371 1654 64 23 are
1458 1654 96 23 even
1576 1655 103 22 some
1702 1648 83 29 who
1811 1648 232 29 understand
2061 1648 85 29 that
2163 1649 144 36 Beauty
2323 1649 31 30 is
2377 1656 40 23 as
2439 1649 149 37 worthy

616 1713 47 23 an
686 1707 243 36 investment,
953 1707 86 36 and,
1062 1709 38 27 in
1124 1715 21 21 a
1167 1707 186 36 profound
1376 1715 122 30 sense,
1522 1716 40 22 as
1585 1708 204 36 profitable
1814 1717 20 21 a
1858 1717 85 28 one,
1966 1717 39 22 as
2036 1709 156 38 railway
2222 1710 130 30 shares
2382 1718 43 22 or
2455 1712 132 30 mines.

616 1773 46 26 &
685 1766 44 31 Of
752 1775 132 23 course
906 1768 91 31 such
1021 1776 85 22 men
1129 1776 65 23 are
1217 1776 105 23 rare:
1357 1771 68 28 but
1448 1771 65 29 the
1536 1769 117 31 world
1678 1771 65 28 has
1779 1771 67 29 not
1879 1778 129 30 grown
2042 1779 41 22 so
2118 1771 59 30 old
2211 1773 65 35 yet
2309 1772 85 30 that
2424 1780 162 29 courage

616 1830 73 29 and
712 1830 217 37 generosity
951 1830 73 29 and
1050 1830 104 37 large
1177 1831 183 29 interests
1383 1832 73 30 and
1482 1830 111 31 noble
1618 1831 254 31 enthusiasms
1896 1840 64 22 are
1984 1833 108 36 dead,
2115 1840 43 22 or
2180 1833 86 30 that
2288 1832 49 31 all
2360 1834 107 29 these
2496 1841 90 30 qua®

617 1889 100 32 lities
740 1899 84 29 may
847 1891 67 30 not
936 1892 40 29 at
996 1892 112 29 times
1132 1893 44 28 be
1199 1891 117 30 found
1342 1893 130 30 united
1496 1893 39 28 in
1558 1893 65 29 the
1645 1900 138 28 person
1808 1893 38 30 of
1869 1902 21 20 a
1914 1893 238 32 millionaire.
2203 1900 44 25 &
2541 1901 44 25 J&

616 1957 45 26 &
683 1952 77 30 One
785 1950 38 32 of
844 1953 108 29 these
975 1953 90 36 days
1088 1952 92 30 such
1204 1961 21 21 a
1249 1953 190 36 capitalist
1462 1953 76 30 will
1561 1961 85 28 pass
1670 1955 49 35 by
1741 1955 65 28 the
1823 1955 138 36 Arena,
1983 1956 73 29 and
2081 1963 127 28 pause,
2232 1956 71 30 and
2328 1956 83 36 give
2434 1956 64 29 the
2522 1964 65 22 ne®

614 2020 150 30 cessary
786 2013 158 37 magical
967 2014 115 30 touch
1106 2015 93 29 with
1224 2015 57 29 his
1305 2014 134 37 golden
1463 2016 124 35 wand,
1611 2016 86 34 and,
1721 2023 41 22 so
1786 2016 39 29 at
1848 2015 131 38 length
2003 2016 107 34 work
2131 2017 66 29 the
2221 2016 72 30 last
2309 2016 99 31 little
2430 2017 151 30 miracle

615 2076 142 33 needed
778 2076 42 29 to
845 2076 109 36 bring
976 2076 219 35 realisation
1219 2077 40 33 to
1282 2077 129 36 hopes,
1433 2075 207 36 fulfilment
1662 2078 40 31 to
1724 2085 181 29 purposes
1929 2079 72 33 and
2025 2078 183 40 actuality
2231 2080 39 30 to
2293 2079 162 35 dreams,
2537 2086 44 29 &

190 1039 82 32 The
294 1038 147 32 future.

188 1592 30 31 A
308 1598 243 34 courageous

187 1654 226 40 capitalist.

737 3780 91 32 THE
849 3780 152 35 ARENA
1025 3781 201 31 GOLDONI
2142 3787 39 32 E.
2206 3786 244 36 THESLEFF.
