2761 4084
2121 204 41 26 21

174 327 41 30 to
240 334 71 23 one
336 326 108 38 great
465 320 165 37 thought
654 319 22 13 ,J
701 320 140 30 hidden
867 320 37 28 in
929 319 122 30 which
1075 320 23 14 44
1122 320 32 29 is
1179 320 57 30 his
1261 319 196 31 weakness
1480 323 74 28 and
1579 322 58 30 his
1660 323 176 37 strength
1904 325 40 28 at
1971 324 65 29 the
2059 330 102 23 same

174 391 107 30 time,
305 391 51 29 tie
380 387 69 31 had
474 383 156 31 entered
656 383 23 14 44
703 383 83 29 into
809 382 66 30 the
898 382 157 37 temple,
1078 382 118 37 large,
1220 382 96 31 dark
1400 384 46 29 he
1470 385 73 29 had
1567 385 137 37 aimed,
1729 386 69 30 but
1827 394 84 22 now
1949 386 47 30 he
2030 385 132 31 knows

176 454 69 30 not
266 452 163 31 whither
451 449 44 28 he
519 446 113 36 aims;
657 446 24 17 44
705 453 85 23 now
811 446 59 29 his
893 446 167 36 thought
1082 446 68 30 has
1173 446 194 30 crumbled
1391 447 83 30 into
1497 448 144 30 dust....
1658 449 85 29 how
1759 448 77 31 will
1853 449 46 30 he
1916 456 133 29 escape
2064 449 96 30 from

175 517 67 30 the
265 513 110 33 circle
398 510 37 31 of
455 510 67 29 the
545 508 115 37 spells
684 508 38 30 of
744 508 88 31 art?
903 510 54 28 He
980 510 168 29 remains
1172 509 107 37 quite
1303 508 123 38 alone,
1448 510 94 30 with
1564 510 84 31 fear
1670 520 40 21 as
1727 512 58 29 his
1802 512 88 36 only
1911 512 250 36 consolation,

176 580 92 30 with
291 586 21 21 a
333 573 184 40 yearning
538 572 188 36 thirsting
747 571 61 31 for
832 571 125 31 blood.
982 573 22 16 44
1028 573 70 29 Art
1120 572 110 37 thou,
1254 580 62 29 my
1339 572 156 37 Poland,
1519 574 70 30 but
1610 574 95 30 with
1729 574 85 30 me?
1886 576 52 29 He
1962 576 100 30 casts
2095 576 66 30 the

178 639 212 38 despairing
412 635 177 37 question
613 636 82 29 into
719 635 66 30 the
808 635 100 30 void.
932 635 194 37 Midnight
1149 635 154 30 strikes.
1327 635 103 30 With
1454 644 22 22 a
1512 637 109 30 crash
1656 637 65 31 the
1754 637 99 31 floor
1887 646 129 29 opens.
2051 638 109 30 From

176 705 64 29 the
263 699 132 37 depths
418 705 126 23 comes
565 697 106 31 forth
696 706 21 21 a
741 698 139 29 chorus
903 697 39 31 of
965 698 159 36 Erinyes
1147 698 123 29 which
1294 699 215 30 surrounds
1533 700 148 29 Conrad
1705 701 38 29 in
1759 709 22 21 a
1797 700 112 31 circle
1926 701 73 30 and
2020 700 143 31 afflicts

177 766 72 29 him
272 762 92 29 with
387 761 66 30 the
475 760 190 37 suffering
687 759 39 31 of
750 761 170 31 Laocoon
945 762 72 28 and
1043 761 172 37 Orestes;
1239 762 31 28 it
1293 760 184 32 encircles
1500 762 59 30 his
1583 763 103 29 brow
1703 764 93 30 with
1813 772 21 22 a
1850 764 167 36 burning
2034 771 127 23 crown

174 826 37 30 of
231 824 156 36 serpent
409 823 106 37 coils,
538 825 104 29 tears
658 825 69 29 out
743 824 58 30 his
824 831 143 30 eyes,...
984 825 73 29 and
1075 824 89 36 puts
1181 824 82 30 into
1281 824 57 30 his
1356 825 99 29 hand
1472 825 65 29 the
1554 827 190 36 avenging
1761 827 136 36 glaive.
1914 828 80 28 And
2013 827 147 30 Conrad

172 889 77 30 sets
273 886 150 31 himself
445 888 41 28 at
507 887 66 30 the
598 887 95 30 head
719 886 38 31 of
780 887 66 30 the
869 886 180 38 vengeful
1088 887 151 37 deities,
1272 895 41 22 so
1348 894 41 23 as
1422 888 41 29 to
1496 888 93 29 rush
1624 889 69 29 out
1715 889 82 30 into
1820 889 66 30 the
1910 889 133 30 world.
2068 890 93 29 Vain

171 950 128 30 effort!
330 949 76 30 The
429 950 85 30 iron
540 951 88 36 gate
651 950 94 30 with
770 957 47 23 an
842 950 84 30 iron
950 950 183 37 strength
1157 950 87 30 bars
1267 950 58 30 his
1355 958 98 29 way.
1488 950 103 30 Then
1620 953 167 34 pursued
1811 953 23 14 44
1859 954 46 35 by
1939 961 22 21 a
1992 952 97 30 band
2125 951 38 30 of

169 1013 182 30 famished
374 1011 176 31 vultures
621 1013 46 30 he
691 1013 33 29 is
745 1011 130 31 forced
898 1014 42 28 to
962 1014 138 28 return
1134 1014 41 28 to
1208 1012 68 30 the
1309 1014 24 14 44
1356 1014 240 36 stage®night
1687 1014 159 37 seeking
1869 1023 47 21 an
1940 1014 114 30 Issue.
2085 1014 76 30 The

169 1075 285 30 adder«wreath
479 1076 132 30 burns.
637 1076 38 29 In
701 1075 58 30 his
783 1083 89 29 eyes
896 1076 111 36 night
1029 1075 144 37 reigns.
1197 1075 75 30 The
1308 1077 150 28 curtain
1482 1075 100 31 falls.
1606 1081 45 26 &
1947 1082 45 25 &
2118 1082 45 25 &

667 1139 23 16 44
716 1139 68 30 Let
806 1139 67 30 the
896 1138 171 31 stricken
1091 1139 91 30 deer
1204 1146 47 30 go
1274 1146 118 29 weep,

667 1201 76 31 The
766 1202 89 30 hart
879 1201 177 38 ungalled
1080 1201 99 37 play,

667 1264 71 31 For
761 1272 104 23 some
889 1265 105 30 must
1016 1264 124 31 watch
1164 1263 112 31 while
1300 1272 103 23 some
1427 1265 103 30 must
1552 1264 122 37 sleep;

665 1329 49 29 So
737 1335 95 22 runs
854 1328 65 29 the
941 1326 122 31 world
1088 1328 125 36 away!

235 1394 23 14 44
284 1392 75 30 The
382 1391 220 37 first®night
625 1390 127 37 public
823 1398 132 22 covers
980 1390 141 30 author
1144 1391 72 30 and
1234 1390 233 37 performers
1483 1391 95 29 with
1594 1390 193 37 applause.
1805 1391 74 30 The
1898 1391 124 36 public
2039 1393 122 29 which

169 1455 139 36 during
332 1455 66 30 the
420 1454 123 30 whole
566 1455 164 35 evening
754 1454 71 29 had
850 1455 111 28 stood
988 1461 40 21 as
1053 1454 38 28 in
1115 1453 66 30 the
1203 1453 138 37 pillory
1364 1453 101 36 claps
1491 1453 241 37 Wyspianski
1756 1455 73 29 and
1847 1455 65 29 the
1929 1456 139 29 actors.
2086 1455 75 30 The

167 1519 141 36 actors,
331 1518 124 29 whom
479 1516 241 38 Wyspianski
744 1516 72 30 had
841 1517 142 36 during
1006 1517 66 29 the
1095 1516 122 31 whole
1241 1517 165 36 evening
1429 1517 38 29 in
1491 1524 183 28 presence
1698 1516 38 31 of
1757 1517 66 30 the
1847 1517 126 37 public
2007 1517 91 37 kept
2121 1526 40 23 as

168 1582 38 28 in
230 1581 67 29 the
320 1579 137 37 pillory
480 1578 122 31 thank
623 1578 61 31 for
706 1580 67 29 the
797 1578 181 37 applause
1002 1580 95 29 with
1122 1578 72 31 low
1217 1580 116 29 bows.
1357 1580 95 36 And,
1475 1580 79 35 too,
1583 1580 67 29 the
1684 1580 108 29 actor
1825 1579 153 37 playing
2012 1580 149 31 Conrad

168 1651 125 23 comes
317 1642 129 31 before
468 1643 66 29 the
559 1643 165 29 curtain.
757 1643 32 28 Is
812 1642 32 29 it
866 1641 243 37 surprising?
1132 1642 114 30 What
1269 1643 31 28 is
1325 1642 45 30 he
1394 1643 40 29 to
1460 1643 150 29 Hecuba
1634 1649 43 23 or
1701 1643 150 29 Hecuba
1874 1644 40 28 to
1943 1643 103 29 him?
2081 1644 80 29 And

169 1707 162 35 besides,
353 1706 66 29 the
444 1704 172 38 play®bill
641 1705 71 30 had
735 1703 242 32 forewarned
1002 1705 120 35 them,
1145 1705 23 15 44
1192 1704 77 30 The
1293 1706 83 29 seat
1399 1704 39 31 of
1460 1705 127 29 action
1612 1706 30 29 is
1665 1706 66 29 the
1748 1707 108 35 stage
1873 1704 39 31 of
1926 1706 65 29 the
2009 1707 153 29 Cracow

169 1769 164 30 Theatre
2118 1776 45 24 &

238 1833 74 29 But
336 1831 348 36 Conscience»King
708 1831 96 29 rises
827 1830 73 29 and
927 1829 90 31 calls
1041 1831 23 14 44
1089 1830 131 37 Lights
1303 1830 77 30 The
1406 1831 93 36 King
1516 1839 89 28 goes
1622 1832 40 28 to
1687 1831 58 29 his
1761 1832 250 35 apartments,
2027 1832 23 14 44
2065 1840 98 22 mar®

170 1895 145 30 vellous
340 1895 257 35 distempered
694 1893 75 30 The
794 1893 129 36 Queen
948 1893 32 30 is
1015 1894 22 15 44
1062 1892 134 31 struck
1233 1894 82 29 into
1352 1895 239 29 amazement
1628 1894 72 29 and
1733 1894 229 29 admiration
1997 1895 40 28 at
2069 1895 92 29 such

174 1957 209 31 behaviour
468 1956 77 30 The
567 1955 247 37 enlightened
839 1956 122 36 critic,
986 1955 192 37 Polonius,
1202 1956 71 29 had
1298 1955 99 37 slept
1420 1957 38 28 in
1483 1956 58 29 his
1564 1956 177 29 editorial
1766 1956 117 36 chair,
1906 1957 23 14 44
1954 1957 46 29 he
2038 1957 31 29 is
2102 1956 61 31 for

173 2029 20 21 a
216 2020 52 37 jig
291 2027 43 23 or
357 2027 21 22 a
399 2018 80 31 tale
503 2018 38 30 of
564 2019 155 36 bawdry
742 2025 44 23 or
809 2018 47 30 he
880 2017 123 37 sleeps
1098 2026 48 22 on
1171 2018 65 30 the
1258 2018 123 30 whole
1404 2018 66 30 the
1493 2020 126 28 crowd
1651 2019 72 29 had
1763 2026 48 22 no
1850 2018 121 37 liking
2000 2018 60 31 for
2096 2020 65 29 the

169 2084 122 35 piece:
316 2083 23 15 44
365 2083 32 28 It
412 2090 77 21 was
514 2082 126 29 caviar
662 2083 41 28 to
727 2081 66 30 the
817 2081 156 36 general
1430 2088 45 24 &
1603 2086 45 24 &
1775 2088 46 24 &
1947 2087 44 25 &

236 2143 274 39 WyspianskFs
535 2144 132 29 drama
690 2144 94 29 ends
806 2144 94 29 with
924 2152 21 21 a
969 2145 110 35 great
1102 2144 192 36 prophecy
1320 2143 79 36 just
1436 2152 40 21 as
1512 2142 233 33 Mickiewicz
1779 2144 71 29 had
1890 2145 209 29 demanded
2123 2144 39 30 of

169 2208 125 29 Polish
320 2208 143 29 drama.
488 2207 55 29 On
566 2206 67 30 the
658 2206 76 30 last
756 2213 95 29 page
875 2205 39 31 of
936 2206 66 30 the
1025 2205 89 31 first
1136 2206 146 30 edition
1306 2205 241 38 Wyspianski
1570 2207 133 29 writes
1727 2206 108 30 these
1858 2207 138 36 words,
2020 2208 25 16 44
2068 2207 91 29 here

166 2272 24 14 44
213 2271 93 29 ends
329 2270 66 29 the
419 2270 145 28 drama.
590 2270 73 28 But
686 2269 180 36 thought,
890 2269 88 29 that
1002 2268 156 37 nimble,
1183 2269 139 36 speedy
1346 2276 158 29 runner,
1527 2268 85 30 flies
1644 2270 148 35 beyond
1832 2270 43 35 it,
1912 2271 72 27 and
2024 2269 76 29 this
2131 2271 32 28 is

168 2334 23 15 44
215 2333 104 30 what
341 2333 32 29 it
395 2332 185 35 whispers
604 2338 77 23 me:
710 2331 120 30 When
855 2331 70 31 Eos
950 2331 242 36 rosy®haired
1216 2330 77 31 will
1317 2338 141 30 appear
1481 2338 48 23 on
1553 2331 67 30 the
1644 2331 108 30 vault
1775 2331 38 30 of
1836 2331 144 30 heaven
2005 2333 73 28 and
2097 2332 65 29 the

168 2397 24 14 44
217 2396 103 29 birds
345 2394 106 36 chirp
473 2394 68 30 the
564 2392 90 31 first
676 2394 112 29 tones
811 2392 38 31 of
875 2394 100 29 their
999 2394 249 36 matin®song,
1279 2401 178 23 someone
1481 2393 76 30 will
1594 2394 44 29 be
1672 2393 118 30 found
1825 2394 85 29 who
1944 2393 77 30 will
2056 2402 105 22 come

166 2460 24 14 44
213 2458 93 30 with
331 2457 104 36 keys,
459 2457 37 36 (a
517 2455 198 31 workman
740 2457 224 35 perchance,
988 2464 44 22 or
1054 2457 211 35 perchance
1282 2464 21 22 a
1328 2456 238 30 barefooted
1592 2457 129 36 maid),
1745 2457 72 29 and
1841 2455 89 31 first
1952 2455 77 31 will
2054 2457 44 29 be
2122 2457 40 29 to

167 2523 23 14 44
214 2528 97 29 open
334 2520 66 30 the
425 2520 100 36 gate.
550 2518 103 31 Then
678 2519 37 29 in
740 2519 79 30 this
844 2518 86 31 blue
956 2520 191 36 morning,
1173 2519 132 30 united
1338 2520 40 29 to
1415 2519 67 30 the
1516 2519 138 30 deities
1692 2519 48 37 by
1777 2527 20 22 a
1833 2518 187 31 fraternal
2058 2519 104 35 oath,

166 2585 24 15 44
216 2582 332 36 Conrad=Erinnys
571 2582 94 29 with
689 2582 67 30 the
781 2582 171 36 Erinyes,
977 2583 40 29 at
1040 2582 67 30 the
1130 2589 103 23 same
1256 2582 94 30 time
1374 2582 103 30 slave
1501 2582 73 30 and
1599 2582 118 35 lover,
1742 2581 76 30 will
1843 2582 92 29 rush
1958 2580 104 32 forth
2080 2583 82 29 into

167 2649 23 15 44
214 2647 66 30 the
303 2645 119 30 world
447 2645 39 29 in
510 2644 167 31 FLIGHT
701 2645 39 29 in
764 2645 66 29 the
855 2652 92 29 grey
972 2645 124 35 dawn,
1121 2645 38 28 in
1182 2645 67 29 the
1274 2644 87 30 blue
1385 2645 124 35 dawn,
1533 2653 21 21 a
1578 2644 122 37 glaive
1730 2645 38 28 in
1803 2645 113 34 hand,
1952 2652 88 29 eyes
2074 2645 87 29 torn

167 2712 25 16 44
215 2711 81 34 out,
320 2709 38 29 in
383 2716 47 22 an
454 2708 119 30 adder
594 2707 163 36 wreath,
780 2708 242 29 surrounded
1048 2708 46 36 by
1117 2715 21 22 a
1162 2707 138 30 chorus
1335 2708 72 29 and
1446 2707 76 30 will
1561 2706 73 31 call
1671 2709 40 28 to
1748 2707 65 30 the
1852 2708 151 29 nation:
2042 2706 120 33 TEAR

167 2775 23 14 44
215 2771 86 32 OFF
318 2772 124 32 YOUR
467 2770 208 31 BONDS!!!
1258 2775 45 24 &
1430 2776 46 25 &
1604 2776 44 24 &
1775 2775 45 24 &

167 2842 45 25 &
239 2835 74 30 The
337 2834 183 30 executor
541 2834 96 29 then
662 2832 38 30 of
722 2833 67 29 the
815 2833 85 29 Idea
924 2832 38 30 of
984 2841 21 21 a
1029 2831 172 31 national
1223 2832 153 30 theatre
1399 2832 77 30 will
1502 2833 46 29 be
1571 2832 66 30 the
1662 2832 132 30 nation
1819 2831 104 31 itself
1945 2833 38 28 in
2007 2832 66 30 the
2091 2833 70 36 day

167 2897 38 31 of
229 2897 239 34 Delivrance,
491 2896 68 29 the
583 2896 133 29 nation
740 2895 85 30 who
849 2894 77 31 will
950 2896 103 31 seize
1078 2895 279 37 WyspianskFs
1380 2895 168 36 thought
1572 2895 88 36 and,
1684 2895 153 36 leading
1860 2895 31 30 it
1914 2896 68 29 out
1998 2895 82 29 into
2095 2895 66 28 the

168 2959 118 31 world
310 2958 91 36 will,
424 2958 98 29 from
547 2958 65 30 the
636 2957 185 31 darkness
846 2958 38 30 of
905 2958 67 30 the
996 2958 126 30 closed
1147 2958 167 36 theatre,
1339 2959 40 28 at
1403 2958 74 29 last
1502 2956 161 31 deliver
1684 2958 84 29 it....
1792 2959 23 16 44
1840 2959 38 28 In
1904 2965 58 22 me
1987 2957 91 30 lives
2094 2957 67 30 the

169 3024 23 15 44
216 3022 82 31 soul
323 3020 37 32 of
383 3021 64 30 the
472 3022 145 33 nation,
641 3021 87 29 that
750 3020 162 30 sublime
936 3029 129 28 power
1096 3020 37 30 of
1162 3021 124 29 which
1321 3022 66 29 the
1423 3020 266 30 silver-haired
1726 3021 91 29 bard
1853 3020 37 30 of
1927 3021 65 29 the
2026 3019 135 31 Skalds

169 3087 23 15 44
216 3085 142 36 te115,...
381 3084 66 30 the
471 3083 83 30 soul
576 3083 88 30 that
686 3083 257 37 rejuvenates,
966 3085 88 29 that
1076 3083 193 37 awakens,
1293 3084 86 30 that
1403 3082 109 32 seeks
1536 3084 49 29 its
1610 3091 83 22 own
1711 3084 106 36 road,
1833 3084 50 29 its
1914 3091 84 22 own
2017 3082 144 36 beliefs,

169 3151 23 14 44
215 3147 112 32 seeks
351 3147 192 30 existence
567 3146 73 29 and
664 3146 110 29 truth
799 3147 72 28 and
895 3155 22 21 a
940 3148 189 29 covenant
1151 3147 95 30 with
1262 3147 111 30 those
1389 3146 104 31 souls
1509 3147 87 29 that
1611 3153 65 22 are
1693 3147 121 35 great,
1830 3145 190 38 sky-high,
2037 3145 122 30 which

169 3215 23 16 44
216 3219 65 23 are
304 3212 138 35 strong
465 3208 148 38 beyond
637 3208 65 29 the
726 3210 178 36 strength
929 3209 39 31 of
990 3210 140 30 worlds
1155 3211 72 29 and
1259 3210 146 37 mighty
1443 3217 39 22 as
1517 3208 207 39 legendary
1761 3208 130 37 kings!
1930 3209 12 29 I
1978 3208 105 30 want
2119 3209 40 28 to

169 3278 22 14 44
216 3276 112 35 bring
351 3274 105 30 them
480 3273 40 29 to
546 3271 78 37 life,
646 3279 78 28 yes,
750 3272 11 28 I
785 3271 76 30 will
886 3272 109 30 make
1018 3281 41 21 so
1086 3273 86 29 bold
1197 3281 40 22 as
1262 3274 39 28 to
1326 3274 111 35 bring
1460 3273 76 29 this
1560 3271 88 31 Slav
1670 3271 119 31 world
1813 3273 40 29 to
1877 3271 78 35 life,
1979 3279 47 22 an
2051 3271 108 29 arch®

168 3340 23 14 44
214 3346 136 29 pagan,
374 3345 21 22 a
418 3335 176 38 perished
618 3332 133 32 world.
823 3335 45 35 (a)
914 3340 45 25 &
1084 3340 45 26 &
2114 3339 45 25 jt?

167 3407 45 25 &
236 3400 102 32 With
362 3400 108 30 these
494 3398 126 30 words
644 3396 155 30 uttered
825 3397 48 36 by
896 3398 66 29 the
987 3397 69 37 lips
1081 3398 38 30 of
1142 3406 71 23 one
1241 3397 38 31 of
1302 3398 58 30 his
1383 3398 123 36 tragic
1526 3397 147 37 figures
1698 3396 240 39 Wyspianski
1971 3405 123 21 seems
2118 3398 40 28 to

168 3464 126 30 define
317 3463 66 30 the
406 3469 156 24 essence
587 3460 38 31 of
647 3461 59 29 his
729 3461 74 29 art.
827 3461 273 36 WyspianskFs
1123 3462 63 29 art
1209 3462 31 29 is
1263 3470 21 21 a
1309 3469 84 22 new
1416 3461 263 37 phenomenon
1703 3469 49 21 on
1775 3461 66 29 the
1858 3459 165 38 skyfine
2039 3459 39 30 of
2094 3467 65 21 na®

166 3525 121 31 tional
310 3525 78 36 life,
411 3526 31 28 it
463 3526 34 29 is
523 3534 22 20 a
569 3532 85 22 new
679 3523 173 30 moment
875 3523 37 29 in
935 3524 66 29 the
1026 3523 171 31 national
1221 3523 351 37 metempsychosis,
1597 3524 30 29 it
1657 3524 31 29 is
1717 3523 67 30 the
1810 3531 83 22 new
1916 3523 241 30 incarnation

167 3588 38 31 of
226 3589 65 30 the
315 3587 201 31 Over-soul
540 3586 38 31 of
599 3588 68 29 the
691 3586 148 30 nation.

239 3652 38 29 In
303 3650 275 38 WyspianskFs
600 3649 127 31 works
749 3650 88 29 that
861 3649 192 30 immortal
1077 3650 181 37 Phoenix,
1288 3650 85 30 who
1407 3650 131 30 writes
1573 3650 66 29 the
1674 3650 148 37 history
1855 3648 38 31 of
1924 3649 67 30 the
2025 3650 133 30 nation

167 3715 93 29 with
275 3713 290 31 thunder®bolts
582 3721 48 23 on
649 3714 114 37 giddy
788 3712 166 36 heights,
979 3712 218 37 awakened,
1221 3714 110 36 again
1357 3713 129 29 claims
1503 3713 58 29 his
1577 3713 138 36 rights,
1731 3712 109 30 seeks
1857 3720 83 22 new
1956 3713 112 29 roads
2084 3715 73 27 and

171 3778 262 29 covenanters.
457 3776 256 37 Wyspianski,
737 3775 238 37 worshipper
997 3774 38 31 of
1060 3775 148 37 Power,
1237 3776 72 29 and
1344 3777 129 35 singer
1507 3774 38 31 of
1578 3777 84 35 Joy,
1697 3777 38 28 in
1770 3775 171 37 erecting
1973 3775 59 30 his
2066 3775 93 32 Free

2225 322 370 32 STANISLAW

2226 385 345 31 WYSPIANSK!

2227 1382 118 31 After
2373 1382 66 30 the
2465 1382 129 37 piece.

2298 2129 32 31 A
2360 2131 117 37 gteat
2504 2137 67 31 pro-

2223 2192 145 39 phecy,
2550 2197 45 25 &

2307 3640 170 30 Themes
2511 3641 82 30 and

2224 3702 215 30 materials
2461 3702 47 32 of
2528 3702 65 31 the

2226 3765 176 31 dramas.
2420 3772 45 25 &
2548 3771 46 25 &

233 3846 46 33 (1)
297 3847 198 31 Wyspianski.
551 3848 124 26 Lelewel
