2334 4081
187 204 44 32 44

187 321 134 36 solace;
344 321 65 30 she
433 321 31 29 is
488 317 166 32 nature's
677 315 223 38 spokesman
922 313 72 30 and
1018 313 96 29 inter-

188 385 140 36 preter,
352 383 71 29 and
447 390 41 22 so
511 388 57 23 we
590 379 91 30 send
705 378 64 30 the
793 376 112 30 artist
935 374 93 31 hack
1061 375 72 29 and

190 444 93 32 back
303 447 40 28 to
368 445 148 30 nature.
540 442 29 30 If
591 442 46 30 he
654 440 139 30 cannot
814 437 68 31 tell
900 445 42 22 us
958 438 65 30 the
1039 445 95 28 way,

190 508 45 30 he
260 515 66 23 can
350 508 40 29 at
411 505 96 31 least
530 505 125 29 create
679 510 46 22 an
745 499 96 32 ideal
863 499 117 30 world
1003 498 59 31 for
1079 506 55 28 us,

190 570 37 29 in
251 569 122 30 which
395 575 56 22 we
475 574 83 28 may
588 564 106 30 catch
717 571 21 22 a
762 562 155 37 glimpse
941 560 37 30 of
1000 569 21 21 a
1043 568 92 29 pure

190 632 71 29 and
279 640 20 21 a
314 629 145 37 perfect
474 628 196 35 harmony,
686 634 21 21 a
723 625 235 35 momentary
974 624 141 35 resting-

188 691 103 37 place
314 692 36 28 in
374 691 65 29 the
456 688 273 36 never-ending
743 686 170 37 struggle
929 687 40 28 to
985 686 150 34 realise,

188 753 91 30 with
302 752 69 31 full
394 752 311 34 understanding,
730 750 22 17 44
766 747 174 32 Nature's
969 748 144 30 unchan-

190 816 88 36 ging

189 885 186 36 BOOKS,
394 882 271 40 JOURNALS
695 882 107 30 AND
832 879 305 35 MAGAZINES

190 936 288 35 RECEIVED.
588 941 44 25 &
925 938 44 25 &
1093 937 44 24 &

190 992 38 22 &
282 987 61 25 The
359 986 199 31 Appreciation
575 987 29 22 of
618 985 50 24 the
685 985 102 24 Drama
841 984 37 29 by
898 983 114 24 Charles
1034 982 104 24 Caffin.

190 1028 113 25 Baker
317 1028 69 25 and
405 1027 127 33 Taylor
548 1026 56 25 Co.
707 1025 104 30 Joseph
827 1025 54 24 and
898 1024 44 24 his
964 1023 138 24 Brethren

189 1072 38 29 by
244 1070 115 24 Charles
370 1070 102 25 Wells.
484 1068 118 31 Henry
616 1066 151 25 Frowde.
785 1071 40 22 &
874 1066 90 28 Songs
976 1065 28 23 of
1014 1063 126 30 England

189 1111 142 30 Avraking
383 1111 38 30 by
437 1111 108 29 George
562 1110 121 24 Barlow.
696 1107 80 31 H.J.
793 1105 165 26 Glaisher.
972 1110 39 21 £>
1054 1105 87 24 Other

190 1154 77 28 Days
319 1153 38 28 by
374 1152 128 24 William
519 1150 123 25 Winter.
665 1148 129 25 Moffat
823 1147 90 25 Yard
937 1146 67 25 and
1027 1145 56 26 Co.

227 1193 61 25 The
305 1194 63 24 Life
384 1194 29 22 of
428 1193 96 29 Henry
541 1192 98 29 Irving
692 1191 37 29 by
747 1190 102 24 Austin
867 1188 145 25 Brereton.
1033 1187 87 30 Long-

190 1240 96 18 mans
303 1233 68 25 and
388 1232 56 26 Co.
555 1232 136 24 Criminal
708 1231 97 30 Types
821 1231 29 23 in
867 1229 193 29 Shakespeare
1103 1228 38 29 by

190 1276 35 24 A.
250 1275 72 25 Goll.
339 1273 177 26 Methuen.
540 1278 38 22 &
648 1273 114 24 Patcola
823 1272 39 29 by
886 1270 59 25 Ena
969 1268 172 31 Fitzgerald.

193 1314 176 33 Greening
383 1315 68 25 and
470 1314 56 26 Co.
601 1316 19 13 '*
639 1314 61 25 The
717 1313 134 25 Famulus
867 1313 28 23 of
912 1312 125 23 Terence
1086 1310 54 24 Ed:

190 1358 38 29 by
237 1357 71 25 John
320 1357 160 30 Sargeaunt
491 1356 52 24 and
555 1357 35 23 A.
601 1356 34 24 G.
648 1356 30 24 S.
691 1356 121 29 Raynor.
828 1351 190 26 Clarenden
1032 1350 108 25 Press.

191 1402 39 22 &
284 1397 61 24 The
361 1398 151 24 American
529 1397 86 29 Stage
634 1397 28 23 of
685 1395 97 30 Today
849 1395 39 29 by
913 1394 47 24 W.
985 1393 33 23 P.
1043 1392 97 24 Eaton.

191 1438 115 29 Small,
323 1437 172 32 Maynard
512 1437 68 26 and
597 1436 56 25 Co.
766 1435 61 25 The
844 1435 99 29 Origin
954 1434 28 23 of
993 1434 48 23 the
1053 1434 87 23 Sense

191 1481 29 22 of
235 1480 111 30 Beauty
399 1480 37 30 by
454 1479 84 24 Felix
554 1479 80 29 Clay.
658 1475 122 30 Smith,
806 1475 106 25 Elder
932 1474 69 25 and
1024 1472 56 26 Co.
1101 1478 39 21 <£?

228 1521 27 24 Is
271 1521 193 29 Shakespeare
481 1520 97 24 Dead?
633 1520 37 29 by
684 1519 80 23 Mark
776 1517 101 26 Twain
881 1516 153 31 .Harper
1043 1514 97 26 Bros.

285 1561 60 25 The
362 1561 132 30 Tragedy
510 1561 28 23 of
554 1561 33 24 St
599 1560 146 25 Elizabeth
757 1560 28 22 of
796 1559 135 29 Hungary
978 1557 39 30 by
1034 1555 107 26 Arthur

192 1604 101 23 Dillon.
311 1601 105 26 Elkin
433 1601 194 26 Matthews.
648 1605 38 21 &
749 1599 104 25 Buried
877 1599 204 23 Herculaneum
1102 1598 38 29 by

191 1644 32 24 E.
245 1645 33 29 R.
299 1644 117 28 Barker,
443 1642 25 25 A
495 1642 68 25 and
581 1642 34 24 C.
633 1641 115 25 Black.
767 1646 38 21 &
860 1640 23 24 A
901 1640 127 28 Pageant
1043 1639 29 23 of
1091 1638 49 24 the

192 1685 101 24 Italian
310 1686 187 28 Renaissance
552 1684 37 30 by
606 1682 75 25 Thos
698 1682 88 25 Wood
802 1682 131 24 Stevens.
957 1679 65 24 Art
1046 1677 80 26 Insti-

193 1726 83 24 tute.
296 1724 160 31 Chicago.
474 1729 38 21 &
566 1724 194 29 Shakespeare
820 1723 38 29 by
879 1722 112 24 Walter
1012 1719 129 30 Raleigh.

192 1765 210 26 Macmillan.
421 1770 38 21 &
514 1764 61 25 The
586 1764 160 30 Playhouse
757 1763 54 24 and
822 1762 49 25 the
883 1762 72 30 Play
998 1762 38 29 by
1048 1762 93 28 Percy

194 1808 130 29 Mackay.
342 1804 201 27 Macmillan
570 1804 57 26 Co.
653 1809 39 21 &
762 1802 152 25 Handbuch
938 1802 49 24 der
1011 1801 113 24 Kostum-

191 1848 94 24 kunde
340 1848 47 24 W.
405 1846 116 32 Quicke.
545 1846 123 30 Verlag
681 1851 65 18 von
753 1844 32 32 J.
794 1844 32 31 J.
844 1842 128 30 Weber,
989 1840 152 32 Leipzig.

230 1889 38 25 La
285 1889 95 29 PSque
396 1888 49 24 des
462 1889 86 28 Roses
602 1888 39 29 by
658 1885 230 31 Touny-Lowys.
1004 1884 38 23 Le
1059 1882 84 25 Livre

192 1929 34 24 de
243 1929 82 24 D6sir
389 1929 38 30 by
445 1928 117 24 Charles
580 1928 152 28 Demange.
762 1925 160 25 Mercure
942 1924 41 24 de
1004 1923 139 24 France.

248 1970 60 25 The
326 1969 108 25 Studio.
460 1969 113 25 What's
598 1969 51 23 On.
675 1968 129 29 Referee.
830 1966 161 24 Bookshelf.
1017 1964 126 25 Atlantic

193 2011 141 30 Monthly.
359 2009 144 26 London
507 2026 7 8 .
602 2010 51 23 Die
678 2006 198 26 Schaubuhne.
902 2004 128 26 Berlin.
1049 2009 39 21 &
1105 2005 38 24 Le

193 2053 126 25 TSmoin.
338 2049 108 27 Paris.
520 2051 111 30 Rivista
647 2050 28 24 di
693 2050 96 29 Roma.
815 2048 116 27 Roma.
957 2051 39 21 &
1022 2047 39 25 La
1085 2046 40 23 Ma-

192 2094 109 25 schera,
319 2091 137 33 Naples.
531 2092 104 29 Argus.
650 2088 232 32 Helsingfors.
895 2093 38 21 &
945 2088 90 24 Scene
1046 2088 83 24 Sztur-

192 2135 47 24 ka.
261 2134 158 24 Warsaw.
438 2137 39 22 JS?
494 2133 131 29 Harpers.
642 2131 143 25 Dramatic
802 2131 112 23 Mirror.
935 2128 83 25 New
1045 2127 100 25 York.

194 2180 39 21 &
249 2175 76 24 Book
349 2174 85 25 News
459 2173 140 30 Monthly.
622 2172 195 24 Conservator.
835 2168 253 32 Philadelphia.

193 2215 56 25 Ord
274 2215 51 24 och
343 2215 71 28 Blld,
443 2214 114 28 Arktos,
586 2211 209 27 Stockholm.
824 2215 39 22 &
891 2211 139 29 Papyrus.
1062 2209 84 24 East

196 2256 145 31 Orange.
359 2255 40 24 N.
411 2255 34 30 J.
468 2260 38 21 &
524 2255 61 24 The
601 2254 120 24 Bibelot.
740 2251 177 26 Portland.
938 2251 34 25 U.
991 2250 30 25 S.
1043 2250 39 24 A.
1105 2255 38 21 &

194 2298 102 25 Teatro
313 2297 154 24 Illustrato.
778 2298 39 21 &
942 2297 38 21 &
1105 2296 38 21 &

200 2820 488 75 FOREIGN
779 2818 363 68 NOTES

391 2943 571 44 LONDON

195 3004 100 62 iVir
318 3036 159 28 Herbert
496 3034 143 30 Trench
656 3034 66 30 has
739 3034 154 30 decided
910 3034 41 29 to
968 3040 98 29 open
1084 3033 63 29 the

197 3098 203 35 Repertory
430 3095 160 31 Theatre
612 3097 39 28 in
674 3097 222 35 September
931 3097 90 28 next
1053 3095 93 30 with

196 3160 22 14 44
234 3159 92 36 King
510 3160 58 27 Mr
590 3159 162 30 Norman
783 3156 192 31 McKinnel
1004 3156 76 31 will
1105 3158 42 29 be

196 3219 360 38 producer-in-chief
576 3221 40 28 to
639 3220 65 30 the
730 3221 206 35 Repertory
969 3219 173 30 Theatre.

262 3282 87 30 This
364 3283 304 28 announcement
684 3282 66 29 has
765 3281 160 30 reached
943 3288 57 23 me
1016 3281 127 35 today,

195 3346 97 29 June
322 3344 85 34 2nd,
437 3343 121 30 which
591 3343 124 31 leaves
749 3344 68 30 but
849 3344 109 29 three
992 3342 152 30 months

195 3406 95 30 from
316 3414 83 22 now
433 3405 96 30 until
562 3407 222 34 September
816 3407 80 35 3rd,
929 3406 73 29 and
1036 3405 108 30 three

196 3469 151 29 months
369 3469 39 28 in
431 3468 122 29 which
577 3469 40 28 to
640 3468 164 36 produce
827 3469 24 16 44
860 3468 91 36 King
1113 3467 32 29 is

196 3532 68 28 not
286 3529 100 38 long.
418 3530 99 31 Even
548 3527 175 39 allowing
760 3529 61 30 for
855 3529 291 36 postponement

196 3592 97 30 until
328 3592 221 36 September
585 3591 89 36 30th
710 3591 30 30 it
777 3591 123 30 leaves
936 3590 87 37 only
1058 3589 88 31 four

195 3654 163 36 months,
386 3655 78 28 two
488 3653 37 30 of
547 3654 121 29 which
704 3661 63 21 are
797 3652 150 37 holiday
980 3652 165 30 months.

263 3716 186 36 Learning
465 3716 76 30 this
558 3716 12 29 I
584 3716 111 36 begin
711 3716 40 29 to
768 3715 93 30 have
877 3715 137 29 doubts
1030 3715 117 29 about

193 3778 64 30 the
285 3779 232 30 seriousness
551 3777 39 31 of
622 3778 75 30 this
732 3778 172 35 amazing
939 3777 208 36 Repertory

1198 311 159 30 Theatre
1390 308 120 31 which
1546 313 67 23 can
1647 303 163 37 produce
1844 308 70 23 one
1945 299 37 30 of
2004 298 117 32 Shake-

1197 372 164 39 speare's
1384 372 98 29 most
1503 367 185 39 profound
1705 364 104 38 plays
1825 364 37 29 in
1878 362 87 31 four
1981 361 164 30 months.

1199 435 30 30 If
1251 436 12 29 I
1286 443 57 22 am
1368 435 67 29 not
1458 430 186 32 mistaken
1669 429 31 29 it
1720 426 92 31 took
1836 427 125 34 Henry
1985 424 124 36 Irving
2125 431 21 21 a

1198 496 157 31 lifetime
1378 497 40 28 to
1441 493 164 38 produce
1627 490 77 30 this
1719 489 115 35 piece,
1850 487 73 30 and
1940 486 65 29 the
2023 483 123 31 actual

1198 558 105 31 work
1325 559 38 29 in
1386 558 65 29 the
1474 555 151 31 theatre
1648 550 92 32 took
1763 550 104 36 eight
1890 547 165 31 months.
2102 552 44 23 &

1198 627 44 24 jgr
1264 622 59 29 Mr
1338 619 144 31 Trench
1498 614 181 40 probably
1694 611 131 32 thinks
1839 612 86 29 that
1940 611 48 35 by
2000 610 126 35 dispen-

1198 684 85 35 sing
1303 682 94 30 with
1420 679 195 35 Romantic
1637 683 156 28 scenery
1810 674 45 29 he
1872 674 66 29 has
1960 672 107 29 made
2083 671 64 28 the

1198 744 86 30 task
1317 745 172 34 easier,...
1522 749 41 22 as
1585 739 29 30 if
1646 744 157 29 scenery
1836 743 42 21 or
1911 742 47 22 no
1992 740 157 28 scenery

1200 807 107 29 made
1331 813 72 29 any
1431 804 205 29 difference
1658 801 40 29 to
1721 799 66 29 the
1817 797 233 35 stupendous
2080 802 46 21 un-

1201 867 213 37 dertaking.

1269 931 12 28 I
1302 928 73 31 feel
1402 927 161 30 inclined
1587 927 40 28 to
1651 931 109 29 agree
1793 920 93 30 with
1909 920 57 30 Mr
2001 918 148 30 Gordon

1203 992 122 35 Craig,
1347 990 83 29 who
1455 988 105 30 holds
1583 987 84 29 that
1683 986 31 29 it
1728 986 31 28 is
1779 980 215 39 impossible
2009 981 41 29 to
2065 987 65 29 pro-

1203 1054 93 28 duce
1319 1052 107 29 these
1443 1049 102 37 plays
1563 1056 98 29 upon
1677 1047 66 30 the
1759 1047 119 35 stage,
1893 1044 65 36 yet
1973 1043 83 29 who
2074 1040 77 31 also

1204 1114 106 31 holds
1332 1114 97 34 that,
1452 1110 41 30 if
1509 1118 73 29 you
1611 1110 163 35 produce
1808 1108 103 28 them
1935 1106 40 28 at
1997 1103 48 31 all
2078 1110 72 30 you

1204 1177 103 29 must
1328 1176 45 28 do
1397 1181 40 23 so
1460 1173 38 29 in
1523 1180 40 21 as
1587 1171 195 33 Romantic
1803 1177 21 21 a
1841 1174 157 23 manner
2014 1173 39 22 as
2069 1173 63 28 pos-

1203 1237 105 31 sible.
1337 1234 259 36 Shakespeare
1619 1233 31 28 is
1674 1232 68 29 not
1765 1237 46 23 an
1834 1227 226 38 Aeschylus;
2092 1234 60 29 no,

1204 1307 70 22 nor
1295 1307 40 22 so
1359 1298 92 29 hard
1482 1305 20 21 a
1524 1293 228 38 playwright
1785 1300 39 22 as
1846 1291 66 29 the
1945 1290 139 29 author
2116 1287 37 31 of

1203 1364 24 16 44
1511 1365 69 22 nor
1603 1364 41 22 so
1668 1355 80 30 cold
1773 1362 21 22 a
1817 1354 142 28 master
1982 1359 39 22 as
2045 1351 107 30 those

1202 1423 135 31 earlier
1347 1421 158 31 Chinese
1514 1420 163 29 writers.
1690 1415 255 36 Shakespeare
1958 1414 31 30 is
1999 1413 155 30 distinct

1203 1486 36 36 ly
1262 1484 205 34 Romantic;
1492 1481 104 30 often
1629 1479 133 36 vulgar
1795 1479 38 28 in
1857 1476 141 34 colour,
2022 1474 110 31 break-

1202 1548 65 35 ing
1299 1545 48 30 all
1380 1545 111 35 laws;
1515 1543 71 30 and
1612 1543 12 28 I
1648 1540 85 31 hold
1756 1540 86 30 that
1862 1539 110 29 when
1991 1545 56 22 we
2070 1544 63 29 pro-

1204 1610 92 28 duce
1313 1608 74 28 him
1405 1613 48 22 on
1470 1606 63 29 the
1550 1605 105 35 stage
1671 1611 56 21 we
1744 1601 132 31 should
1894 1602 62 35 try
1972 1601 39 28 to
2029 1599 125 29 match

1204 1671 56 29 his
1285 1671 185 31 Romance
1504 1667 71 29 and
1600 1667 58 28 his
1681 1663 234 31 lawlessness
1938 1670 39 21 as
1999 1660 86 31 well
2114 1668 40 21 as

1203 1739 55 22 we
1284 1738 80 21 can.
1394 1730 32 29 It
1448 1729 30 29 is
1511 1729 86 28 true
1631 1734 56 23 we
1722 1726 138 29 cannot
1893 1724 138 36 always
2060 1722 94 35 keep

1203 1799 89 30 pace
1307 1791 94 29 with
1416 1791 56 28 his
1489 1788 249 37 extravagant
1752 1787 132 35 stride,
1901 1786 69 29 but
1984 1792 56 22 we
2053 1784 102 29 must

1203 1854 63 35 try
1287 1853 41 28 to
1351 1853 46 28 do
1419 1859 55 28 so,
1497 1851 72 28 and
1594 1850 101 28 must
1718 1849 67 28 not
1799 1848 70 35 put
1885 1854 69 22 our
1968 1845 186 35 telescope

1204 1916 40 28 to
1268 1921 70 23 our
1362 1912 102 31 blind
1499 1920 66 29 eye
1589 1912 72 28 and
1685 1918 65 29 say
1773 1917 55 22 we
1863 1908 101 30 can't
1996 1915 61 22 see
2092 1907 64 29 the

1205 1975 304 36 Shakespearean
1533 1972 132 38 signal.
1774 1976 44 25 &
2112 1973 44 24 &

1275 2037 74 30 The
1373 2043 157 23 manner
1547 2034 37 31 of
1599 2034 255 35 Shakespeare
1872 2033 30 29 is
1918 2032 102 29 what
2037 2032 29 28 is
2084 2029 55 31 cal-

1207 2099 58 31 led
1288 2099 64 29 the
1376 2098 117 36 grand
1518 2096 196 34 Romantic
1730 2101 170 27 manner;
1916 2094 31 29 it
1963 2093 29 29 is
2010 2093 67 28 not
2092 2091 66 30 the

1206 2161 237 36 dry-as-dust
1465 2166 169 28 manner,
1662 2159 68 28 not
1751 2157 66 29 the
1841 2156 130 29 classic
1987 2161 171 23 manner.

1206 2229 44 24 <£?
1274 2223 12 28 I
1310 2230 59 21 am
1401 2229 112 28 eager
1535 2222 40 28 to
1608 2227 61 22 see
1699 2219 103 29 what
1832 2219 139 29 Messrs
2001 2216 157 35 Trench,

1206 2283 205 36 McKinnel,
1441 2281 87 30 Poel
1558 2282 71 28 and
1662 2281 49 29 Co
1740 2279 77 31 will
1845 2278 107 31 make
1977 2278 36 30 of

1348 2345 37 28 in
1408 2343 86 30 four
1517 2343 164 35 months,
1705 2342 230 35 attempting
1956 2342 40 28 to
2020 2340 139 36 please,

1206 2407 52 30 let
1281 2415 42 21 us
1345 2414 78 28 say,
1446 2413 92 22 even
1566 2404 75 30 five
1665 2404 188 30 thousand
1890 2403 153 31 London
2073 2408 85 22 men

2055 2465 40 28 G.
2119 2464 40 29 N.

1206 2469 72 29 and
1302 2474 160 23 women.
1712 2472 45 26 &
1882 2471 44 25 &

1208 2521 99 60 IVLr
1341 2550 137 30 Forbes
1514 2549 209 32 Robertson
1758 2549 66 29 has
1860 2548 80 30 lent
1974 2548 57 29 his
2065 2547 94 36 good

1206 2613 111 29 heart
1339 2613 39 28 to
1401 2611 65 29 the
1489 2611 162 29 services
1675 2610 37 29 of
1733 2610 65 29 the
1831 2610 152 36 English
2017 2608 124 31 Suffra-

1206 2674 103 37 gette
1324 2673 226 29 movement.
1564 2672 51 29 He
1630 2672 64 29 has
1709 2672 93 29 been
1818 2670 153 37 making
1984 2671 177 36 speeches

1206 2734 165 37 literally
1406 2735 207 35 throbbing
1641 2733 94 30 with
1778 2733 134 35 pathos
1943 2733 117 29 about
2095 2731 66 30 the

1208 2798 82 29 mad
1314 2804 159 22 women.
2118 2799 45 24 &

1275 2858 111 30 What
1401 2858 66 29 the
1484 2857 117 30 ladies
1617 2856 38 31 of
1671 2857 168 36 England
1856 2856 76 30 will
1949 2864 66 29 say
2030 2857 40 28 to
2087 2856 76 29 this

1208 2929 70 22 one
1298 2921 134 29 dreads
1448 2921 40 28 to
1511 2918 163 38 think,...
1698 2919 60 30 for
1776 2921 58 28 Mr
1851 2919 138 30 Forbes
2006 2919 136 33 Robert-

1209 2991 67 22 son
1300 2991 92 22 once
1415 2990 122 22 swore
1561 2982 237 30 unalterable
1834 2981 141 38 loyalty
1989 2982 40 28 to
2046 2982 117 28 them.

1210 3045 67 36 Ah,
1301 3045 62 30 it's
1387 3053 21 21 a
1430 3043 114 31 fickle
1568 3045 110 29 heart
1699 3045 86 29 that
1806 3043 104 38 ye're
1932 3045 169 34 weering
2118 3050 45 22 an

1210 3114 67 29 yer
1298 3106 138 37 sleeve,
1458 3107 134 30 Mister
1617 3107 208 33 Rabertson
1841 3107 9 28 !

1274 3170 59 28 Mr
1350 3168 207 30 Beerbohm
1576 3168 92 30 Tree
1686 3168 126 30 hasn't
1829 3167 81 30 lent
1926 3168 57 29 his
1999 3167 110 29 heart
2125 3168 39 28 to

1197 3230 72 37 the
1293 3238 123 22 cause.

1272 3294 89 28 Miss
1384 3292 104 31 Ellen
1512 3292 129 36 Terry,
1659 3292 31 29 it
1705 3292 30 28 is
1754 3290 181 36 believed,
1952 3289 107 30 holds
2074 3297 91 29 very

1205 3356 134 35 strong
1361 3361 155 23 reasons
1539 3353 60 30 for
1622 3353 225 36 supporting
1881 3352 64 29 the
1975 3352 106 29 votes
2104 3350 61 31 for

1206 3424 146 22 women
1377 3417 227 33 movement,
1631 3415 68 30 but
1722 3416 40 28 at
1783 3414 65 29 the
1871 3414 92 29 time
1987 3412 37 31 of
2053 3414 114 36 going

1206 3480 42 28 to
1273 3479 105 35 print
1399 3486 56 22 we
1473 3476 234 31 understand
1723 3476 108 30 these
1847 3483 155 23 reasons
2019 3483 64 23 are
2101 3476 67 29 not

2064 3538 40 33 R.
2128 3538 38 29 S.

1208 3541 103 36 quite
1345 3540 112 30 clear.

1465 3612 435 46 PARIS

1536 3714 66 29 the
1620 3713 158 30 amiable
1794 3714 133 30 writer
1943 3714 37 29 in
1994 3714 65 28 the
2074 3714 70 29 Lon-

1212 3777 76 29 don
1313 3775 178 39 Graphic
1513 3777 120 28 wrote
1656 3783 103 22 some
1783 3774 99 31 little
1904 3776 93 30 time
2017 3782 83 30 ago,
2122 3774 45 38 (it
