2761 4084
2111 213 46 32 35

165 335 125 32 Arena
313 337 45 30 be
381 337 109 30 those
513 334 39 30 of
575 333 195 31 Annalena
793 340 43 22 or
860 332 37 30 of
920 333 67 29 Sta
1012 332 149 36 Chiara,
1177 332 92 36 they
1285 331 124 31 afford
1426 332 171 37 tangible
1614 332 72 29 and
1705 331 257 37 indisputable
1978 332 179 29 evidence

165 398 87 31 that
275 407 21 22 a
319 398 140 31 church
483 404 44 22 or
549 395 154 31 cloister
725 394 38 30 of
786 402 71 22 one
880 402 43 23 or
946 395 66 30 the
1037 395 111 30 other
1172 394 38 30 of
1233 395 66 29 the
1322 396 78 30 two
1424 395 235 31 sisterhoods
1682 396 109 29 stood
1827 402 101 29 upon
1955 395 78 30 this
2069 395 88 30 site.

167 468 45 26 &
235 462 76 30 The
334 462 124 30 Arena
480 466 78 22 was
581 459 180 35 designed
786 458 73 30 and
884 457 99 31 built
1006 458 48 37 by
1076 458 66 29 the
1165 458 188 30 architect
1371 459 154 31 Corazzi
1541 459 85 29 who
1643 457 228 31 afterwards
1887 459 105 29 went
2007 459 40 29 to
2065 459 69 29 Var-

167 526 102 30 sovie
285 525 39 28 in
341 523 64 30 the
421 522 144 30 service
582 520 38 31 of
635 521 67 30 the
719 522 94 31 Czar
830 520 38 31 of
885 522 146 35 Russia,
1048 522 88 36 and,
1153 521 113 37 being
1282 522 59 29 his
1356 521 89 30 first
1460 521 120 38 work,
1597 530 78 22 was
1691 530 21 22 a
1728 520 239 31 remarkable
1985 521 151 30 achieve-

168 588 105 30 ment
295 586 59 30 for
375 592 41 22 so
439 590 129 31 young
591 591 21 22 a
636 591 100 23 man.
760 582 88 32 This
872 584 188 30 architect
1082 591 78 23 was
1184 591 21 23 a
1228 583 103 37 pupil
1364 584 38 30 of
1419 584 66 30 Del
1503 586 115 32 Rosso
1643 586 48 36 by
1713 585 124 30 whom
1855 584 46 30 he
1917 591 78 23 was
2012 591 121 23 recom-

168 648 157 31 mended
349 646 60 30 for
431 646 59 30 his
513 645 235 31 honourable
772 647 165 35 position
962 647 39 29 in
1024 647 67 31 the
1115 646 126 33 Czar's
1264 648 200 36 service,...
1480 655 22 23 a
1517 649 165 35 position
1699 649 39 29 in
1755 648 136 37 which,
1907 655 57 22 we
1981 655 65 22 are
2062 646 94 37 told,

167 712 44 28 he
234 709 148 37 greatly
405 709 280 37 distinguished
710 708 164 31 himself.

163 778 45 24 <6?
231 772 74 30 The
329 772 233 36 description
586 773 111 36 given
722 774 48 36 by
796 772 183 37 Gargiolii
1003 772 38 31 of
1063 773 65 30 the
1152 772 274 31 architectural
1451 772 97 31 form
1574 772 38 31 of
1634 774 67 29 the
1726 775 124 28 Arena
1872 774 32 29 is
1927 781 40 22 as
1993 772 162 34 follows,

163 835 23 14 44
212 835 47 30 Le
282 835 190 37 parterre,
496 842 47 22 en
567 835 121 30 forme
713 836 45 29 de
783 835 223 30 demicercle
1040 834 207 32 orchestra
1251 858 10 14 ,
1294 835 34 30 le
1362 836 134 36 degres
1526 844 67 22 sur
1626 835 163 38 lesquels
1826 836 54 31 les
1917 838 238 35 spectateurs

162 898 24 16 44
210 898 87 29 sont
320 898 94 30 assis
438 897 118 32 cunei
579 897 251 39 graduorum
842 907 9 28 ;
876 897 34 31 le
934 899 177 37 portique
1136 900 157 29 couvert
1318 899 63 36 qui
1405 899 54 30 les
1475 900 162 29 entoure
1651 899 187 39 porticus
1841 922 10 14 t
1868 899 54 30 les
1939 898 215 31 debouches

162 961 26 16 44
211 961 64 36 qui
299 962 165 35 coupent
487 960 35 31 le
546 959 135 39 degres
705 960 152 38 aditus,
882 963 88 28 tout
986 961 80 30 cela
1082 962 60 29 est
1158 961 274 37 parfaitement
1449 962 194 30 conforme
1661 970 46 21 au
1724 962 153 30 theatre
1895 963 65 30 des
1978 963 177 33 Romains

161 1024 25 16 44
210 1025 39 28 et
271 1024 82 30 doit
375 1024 232 36 surprendre
631 1023 54 31 les
710 1024 194 30 amateurs
928 1025 45 29 de
999 1024 186 37 I'antique
1212 1026 63 35 qui
1300 1024 36 30 n'
1351 1026 236 29 entrouvent
1612 1024 103 31 nulle
1738 1026 87 35 part
1856 1033 73 21 une
1961 1025 192 31 imitation

161 1086 24 15 44
210 1087 101 29 aussi
334 1085 113 31 fidele
464 1087 39 29 et
520 1087 101 29 aussi
638 1087 87 30 bien
741 1095 169 30 appuyee
927 1096 21 21 a
964 1096 67 22 nos
1049 1096 146 28 usages.
1214 1089 47 29 Le
1275 1087 262 40 proscenium
1553 1088 66 30 des
1635 1089 155 29 anciens
1806 1089 96 29 etait
1918 1087 81 31 seul
2013 1089 119 28 incom-

160 1149 26 16 -44
209 1148 143 37 patible
375 1157 91 22 avec
489 1157 67 22 nos
579 1151 332 35 representations
935 1151 273 37 dramatiques,
1232 1151 39 30 et
1296 1150 31 30 c'
1341 1152 59 29 est
1423 1151 188 37 pourquoi
1636 1158 47 22 on
1712 1150 49 30 Fa
1791 1150 188 37 remplac£
1994 1157 69 29 par
2081 1158 72 21 une

161 1212 25 17 44
208 1219 112 23 scene
344 1213 179 30 couverte
548 1221 22 22 a
592 1221 72 28 peu
689 1221 85 29 pres
800 1221 144 22 comme
969 1213 90 31 celle
1085 1215 65 29 des
1174 1214 181 29 Theatres

231 1274 181 37 Gargiolii
436 1284 78 22 was
538 1275 187 39 certainly
748 1276 170 37 justified
943 1277 38 29 in
1006 1277 58 29 his
1089 1277 236 30 enthusiasm
1351 1284 92 23 over
1465 1277 67 29 the
1556 1277 259 29 architecture
1833 1275 37 30 of
1885 1276 66 29 the
1969 1275 184 36 building.

162 1337 33 30 It
217 1338 30 29 is
272 1337 199 38 beautiful;
495 1339 73 30 and
593 1340 32 29 it
647 1340 31 29 is
701 1340 76 29 this
802 1340 153 36 beauty,
980 1340 196 36 possessed
1195 1341 38 28 in
1258 1348 41 22 so
1324 1340 294 36 extraordinary
1642 1347 21 22 a
1680 1339 151 37 degree,
1847 1339 124 29 which
1987 1339 120 30 raises
2124 1339 30 29 it

161 1402 119 29 above
298 1401 139 31 almost
452 1409 114 30 every
583 1409 96 29 open
697 1403 56 29 air
776 1402 153 30 theatre
953 1402 38 30 of
1013 1403 51 30 its
1088 1402 91 30 kind
1204 1403 122 30 which
1351 1404 118 29 exists
1492 1404 129 36 today.
1645 1403 51 29 Its
1720 1402 244 36 proportions
1981 1409 65 22 are
2069 1409 65 29 per-

160 1463 91 31 fect.
275 1463 158 38 Though
459 1466 104 35 quite
588 1464 118 38 large,
730 1466 46 37 (it
798 1466 103 29 seats
925 1472 86 29 1500
1045 1465 162 38 people),
1231 1473 71 23 one
1327 1466 31 30 is
1384 1466 67 30 not
1481 1466 198 29 conscious
1704 1464 38 31 of
1764 1466 50 29 its
1844 1466 89 36 size;
1957 1466 31 29 it
2011 1466 32 28 is
2066 1464 85 31 well

161 1525 88 32 knit
270 1528 180 36 together
473 1528 73 29 and
571 1528 90 30 does
685 1529 68 29 not
774 1527 139 38 sprawl
938 1527 75 31 like
1037 1536 41 22 so
1103 1537 112 28 many
1239 1529 158 29 modern
1431 1529 316 36 amphitheatres.
1771 1527 191 37 Although
1987 1529 31 29 it
2042 1529 110 29 bears

160 1598 22 21 a
207 1591 146 30 certain
377 1590 259 31 resemblance
660 1592 40 29 to
723 1591 66 30 the
814 1591 189 30 Coliseum
1029 1591 38 30 of
1090 1592 128 36 Rome,
1242 1591 30 30 it
1296 1591 66 30 has
1387 1599 98 22 none
1510 1590 38 31 of
1571 1592 65 29 the
1659 1590 198 31 weakness
1880 1590 38 31 of
1940 1599 22 22 a
1985 1598 104 30 copy;
2120 1591 32 30 it

160 1652 31 30 is
213 1652 66 30 the
301 1654 137 36 strong
462 1654 72 29 and
559 1653 161 38 original
744 1653 108 31 work
876 1653 37 32 of
936 1662 47 22 an
1009 1654 161 37 original
1195 1655 71 29 and
1292 1654 119 37 gifted
1437 1655 102 29 mind

228 1715 44 33 Of
293 1716 67 30 the
390 1716 285 37 performances
705 1718 111 36 given
842 1718 40 29 at
904 1717 66 30 the
995 1718 130 35 period
1151 1717 37 29 of
1212 1718 50 28 its
1286 1718 265 29 construction
1585 1717 111 29 there
1720 1717 32 29 is
1776 1715 101 31 little
1906 1717 150 36 record,
2082 1717 69 29 but

159 1779 218 37 something
401 1779 38 30 of
460 1780 67 29 the
551 1779 209 31 behaviour
783 1779 37 31 of
841 1780 67 29 the
932 1781 182 29 audience
1139 1788 84 29 may
1247 1781 44 28 be
1315 1779 169 31 inferred
1508 1779 98 30 from
1625 1779 145 31 Conti's
1786 1779 234 36 description
2037 1780 38 28 in
2093 1779 58 30 his

160 1842 24 16 44
198 1841 158 32 Firenze
379 1843 197 37 Vecchia,,
600 1842 38 31 of
659 1843 65 30 the
747 1842 156 31 smaller
926 1842 220 31 Florentine
1169 1843 186 35 theatres,
1378 1843 65 29 the
1473 1850 132 22 scenes
1635 1842 123 30 which
1783 1842 45 30 he
1852 1842 154 30 records
2030 1849 40 23 as
2093 1843 40 29 ta-

161 1903 93 38 king
276 1905 105 36 place
405 1906 40 29 at
466 1906 66 30 the
556 1906 213 35 Quarconia
792 1907 72 29 and
890 1906 67 29 the
982 1905 159 31 Goldoni
1167 1905 162 31 Theatre
1354 1906 114 36 being
1491 1905 198 30 doubtless
1713 1905 288 29 characteristic
2017 1904 78 30 also
2113 1904 38 30 of

161 1967 66 30 the
252 1969 137 37 Arena,
414 1968 145 37 though
583 1968 184 38 probably
790 1969 38 29 in
852 1977 21 22 a
898 1969 210 29 somewhat
1132 1967 178 31 modified
1337 1969 153 36 degree,
1514 1976 40 22 as
1579 1969 32 29 it
1633 1976 122 22 seems
1778 1969 40 28 to
1842 1967 95 30 have
1973 1969 95 28 been
2093 1968 38 29 in-

161 2031 140 30 tended
325 2030 61 31 for
409 2030 283 37 performances
716 2032 47 36 by
786 2032 71 36 day
881 2032 133 29 rather
1037 2032 94 29 than
1155 2032 48 36 by
1227 2031 123 36 night.
1373 2030 100 37 Still,
1496 2032 31 28 it
1551 2039 85 29 may
1670 2032 94 28 have
1795 2031 72 29 had
1891 2032 51 27 its
1975 2030 112 30 share
2112 2030 38 30 of

158 2093 110 30 those
292 2094 163 37 evening
488 2093 284 37 performances
796 2095 40 29 at
860 2094 137 36 which,
1020 2094 203 36 according
1246 2095 40 28 to
1316 2094 125 36 Conti,
1475 2094 66 29 the
1576 2095 99 28 most
1708 2094 148 29 riotous
1889 2100 133 23 scenes
2054 2092 94 31 took

156 2155 119 37 place.
300 2157 32 29 It
354 2157 32 29 is
409 2158 88 28 true
522 2157 85 29 that
629 2158 31 28 it
683 2157 73 30 had
782 2158 95 29 been
903 2157 143 36 opened
1071 2156 61 30 for
1153 2157 66 29 the
1256 2157 120 30 Court
1407 2155 79 31 also
1509 2157 41 29 to
1573 2157 103 36 visit,
1701 2157 70 29 but
1799 2155 226 38 apparently
2054 2156 92 30 such

155 2219 110 30 visits
287 2226 102 23 were
413 2220 68 29 not
504 2220 222 36 continued,
751 2220 113 36 being
892 2219 86 36 paid
1013 2219 149 30 instead
1187 2220 41 29 to
1251 2219 67 30 the
1353 2226 105 23 more
1493 2218 182 38 dignified
1710 2218 283 36 performances
2018 2219 40 29 at
2080 2219 66 30 the

156 2280 225 39 Pergola,....
405 2282 163 37 perhaps
591 2283 125 36 owing
738 2283 41 29 to
800 2282 68 30 the
898 2289 132 22 coarse
1063 2282 74 29 and
1171 2280 168 31 realistic
1372 2280 98 38 style
1495 2280 39 31 of
1555 2280 85 38 play
1676 2282 100 29 most
1797 2282 40 29 in
1859 2280 135 32 favour
2018 2281 38 29 in
2080 2280 66 31 the

153 2343 156 31 smaller
331 2345 187 29 theatres.

154 2413 45 26 &
222 2408 50 29 At
293 2407 109 30 these
422 2407 67 30 the
512 2406 132 38 people
669 2406 150 38 usually
842 2407 150 30 arrived
1017 2406 119 37 early,
1159 2407 94 29 with
1278 2407 86 35 pots
1388 2405 38 31 of
1449 2407 95 29 stew
1567 2414 44 22 or
1635 2406 115 37 lamb,
1774 2407 115 29 bread
1921 2407 72 29 and
2027 2405 120 31 flasks

154 2468 39 32 of
215 2470 113 37 wine,
351 2470 123 30 which
497 2470 92 37 they
614 2470 203 30 consumed
843 2471 38 28 in
906 2470 64 30 the
997 2468 301 32 semi-darkness
1322 2470 100 36 that,
1449 2468 143 38 lighted
1617 2468 88 38 only
1729 2470 47 37 by
1791 2470 112 29 three
1927 2476 44 22 or
1992 2468 88 30 four
2096 2468 49 32 oil

154 2531 133 38 lamps,
311 2533 157 36 reigned
494 2531 97 31 until
614 2533 65 29 the
704 2534 150 30 curtain
871 2540 99 22 rose.
987 2533 49 29 As
1053 2533 32 29 it
1100 2540 77 22 was
1193 2533 104 29 their
1314 2531 174 37 pleasant
1507 2533 147 28 custom
1672 2532 139 36 during
1825 2531 111 30 these
1953 2531 192 30 carousals

153 2596 40 28 to
216 2595 128 30 throw
367 2595 102 30 their
492 2595 117 30 bones
634 2595 72 30 and
731 2597 130 35 empty
882 2594 120 31 flasks
1026 2602 99 29 upon
1151 2595 67 29 the
1242 2595 116 29 heads
1382 2594 38 30 of
1442 2595 110 30 those
1580 2593 134 37 below,
1737 2594 32 29 it
1792 2601 69 22 can
1886 2595 44 28 be
1953 2594 190 36 imagined

153 2657 88 30 that
262 2658 79 29 this
364 2656 105 31 often
494 2665 93 29 gave
610 2658 76 29 rise
716 2658 41 29 to
781 2657 192 37 litigation
991 2658 72 29 and
1082 2658 136 29 heated
1243 2658 162 36 protest,
1430 2658 73 28 and
1519 2657 86 29 that
1621 2656 145 30 violent
1781 2663 134 23 scenes
1931 2656 157 37 ensued,
2105 2656 38 30 in

153 2720 123 30 which
302 2721 115 29 bones
441 2721 72 29 and
538 2721 126 29 crusts
687 2721 134 30 served
847 2728 38 22 as
910 2720 177 37 missiles,
1111 2721 72 29 and
1209 2721 65 29 the
1299 2721 23 15 44
1337 2719 107 38 reply
1481 2721 204 29 courteous
1756 2718 152 38 quickly
1941 2719 103 36 leapt
2077 2719 66 30 the

153 2783 271 30 intermediate
447 2784 128 36 stages
598 2784 41 29 to
661 2783 67 31 the
751 2784 23 15 44
788 2783 49 30 lie
861 2783 136 30 direct.
1061 2789 44 25 <£?
1576 2788 45 26 &
1748 2787 45 25 &
1920 2788 45 25 &
2097 2787 46 25 &

222 2844 76 31 The
322 2844 277 38 performance,
622 2846 112 29 when
758 2847 41 28 at
821 2845 75 30 last
919 2846 31 29 it
973 2846 136 36 began,
1133 2844 143 30 seldom
1302 2845 190 29 consisted
1518 2843 38 31 of
1579 2851 72 23 one
1675 2844 157 37 comedy
1856 2851 43 22 or
1920 2842 103 32 farce
2041 2843 101 38 only,

153 2907 71 29 but
247 2905 148 38 usually
418 2906 38 30 of
477 2907 76 30 five
577 2915 43 22 or
643 2908 55 30 six
722 2908 143 36 things,
889 2908 92 29 such
1005 2915 42 23 as
1071 2916 21 21 a
1115 2908 130 29 drama
1262 2907 37 29 in
1316 2907 56 29 six
1390 2914 43 23 or
1447 2914 115 23 seven
1579 2907 94 36 acts,
1690 2914 22 21 a
1727 2907 246 35 pantomime,
1989 2914 21 21 a
2026 2905 116 38 farce,

153 2976 21 21 a
199 2968 129 37 ballet,
351 2969 73 29 and
450 2976 93 23 even
568 2978 21 21 a
611 2969 200 37 wrestling
835 2971 139 36 match,
998 2970 185 37 although
1208 2971 40 28 at
1270 2970 66 29 the
1361 2969 160 31 Goldoni
1545 2969 174 37 Theatre,
1736 2969 72 29 and
1825 2976 41 23 so
1882 2969 164 36 perhaps
2062 2968 78 31 also

152 3031 41 29 at
215 3030 67 31 the
305 3030 196 38 adjoining
523 3032 138 36 Arena,
683 3039 115 29 opera
819 3040 120 23 seems
964 3034 41 28 to
1030 3034 94 29 have
1150 3034 94 29 been
1271 3041 104 21 more
1398 3031 160 37 popular
1581 3032 94 29 than
1698 3031 187 37 anything
1908 3030 91 32 else.
2095 3037 46 26 £>

221 3093 76 31 The
313 3093 153 30 theatre
490 3095 67 28 has
574 3093 139 38 always
730 3095 94 29 been
842 3103 71 22 one
930 3095 39 30 of
983 3096 66 30 the
1066 3097 138 29 inborn
1228 3096 172 36 passions
1423 3094 38 31 of
1476 3095 65 29 the
1557 3094 251 37 Florentines,
1825 3095 73 29 and
1922 3095 66 29 the
2008 3093 132 37 people

150 3155 94 31 took
259 3155 66 31 the
342 3154 160 32 keenest
518 3157 165 30 interest
700 3157 37 28 in
755 3157 103 30 what
880 3159 103 28 went
1007 3166 47 22 on
1073 3166 99 29 upon
1196 3159 67 30 the
1287 3159 121 36 stage,
1432 3158 172 35 treating
1621 3158 31 29 it
1668 3164 40 22 as
1724 3155 29 31 if
1767 3157 32 29 it
1814 3164 101 23 were
1931 3156 93 32 real.
2040 3159 30 27 A
2086 3158 40 35 ty-

151 3221 89 28 rant
262 3227 78 22 was
363 3218 150 38 usually
537 3220 174 29 received
735 3220 94 29 with
851 3222 134 29 shouts
1009 3220 38 31 of
1070 3222 22 15 44
1109 3220 67 30 kill
1200 3222 92 36 him,
1328 3220 67 31 kill
1569 3228 21 21 a
1614 3220 129 29 victim
1778 3221 40 28 to
1852 3220 124 29 whom
2010 3221 133 34 poison

149 3290 79 22 was
251 3281 146 31 offered
421 3282 94 30 with
537 3282 176 36 warning
738 3282 109 37 cries,
871 3284 23 14 44
913 3282 64 31 It's
1002 3284 146 36 poison!
1172 3283 108 31 don't
1491 3282 113 30 while
1628 3290 49 22 on
1700 3282 104 32 their
1825 3290 84 29 way
1925 3282 110 30 home
2051 3282 92 37 they

149 3345 125 31 would
299 3346 146 30 discuss
468 3346 68 30 the
560 3345 137 30 crimes
720 3345 92 37 they
836 3346 71 29 had
931 3348 205 29 witnessed
1155 3347 73 29 and
1245 3347 88 29 that
1348 3347 92 36 they
1456 3345 137 37 longed
1611 3347 40 28 to
1667 3346 171 36 witness,
1854 3345 66 30 the
1943 3344 199 36 injustices

148 3409 124 31 which
295 3409 74 30 had
395 3409 94 30 been
513 3408 263 37 perpetrated,
800 3416 40 21 as
863 3409 187 38 seriously
1073 3418 42 22 as
1139 3409 28 30 if
1190 3411 31 28 it
1254 3417 101 23 were
1390 3409 50 30 all
1473 3410 88 29 true
1596 3409 150 30 instead
1781 3408 38 30 of
1853 3408 288 31 make-believe.

217 3472 119 30 These
358 3472 155 30 smaller
534 3472 187 35 theatres,
744 3470 184 39 probably
951 3472 98 31 from
1072 3474 104 29 their
1200 3473 233 30 democratic
1457 3473 72 29 and
1547 3471 170 31 realistic
1732 3472 212 37 character,
1959 3470 98 31 from
2074 3472 66 30 the

149 3535 221 37 spectacles,
393 3536 186 37 managed
604 3536 48 37 by
676 3542 173 23 common
874 3536 123 29 minds
1020 3536 60 30 for
1098 3544 174 22 common
1290 3536 138 37 minds,
1445 3536 122 30 which
1590 3536 92 37 they
1699 3535 159 37 offered,
1873 3542 101 23 were
1993 3534 148 38 usually

149 3598 89 38 only
252 3597 236 39 frequented
515 3600 47 37 by
584 3600 66 29 the
673 3598 136 31 lowest
832 3597 98 31 class
955 3597 39 31 of
1017 3599 67 30 the
1108 3599 157 37 people;
1289 3600 148 29 riotous
1461 3599 164 30 conduct
1648 3606 77 23 was
1759 3599 66 30 the
1849 3599 98 36 rule,
1972 3599 68 29 not
2073 3598 66 31 the

149 3662 211 37 exception,
384 3663 72 29 and
482 3663 144 30 arrests
648 3669 102 23 were
772 3660 222 38 frequently
1020 3670 201 30 necessary
1244 3670 139 30 among
1405 3663 66 30 the
1494 3663 131 36 rowdy
1642 3662 124 30 crowd
1783 3662 128 29 whose
1927 3662 214 29 exuberant

149 3725 131 34 spirits
301 3724 119 31 found
444 3727 94 29 vent
560 3727 38 29 in
623 3725 324 31 demonstrations
972 3724 60 30 for
1054 3726 123 30 which
1212 3727 23 15 44
1515 3725 125 31 would
1677 3726 45 30 be
1743 3726 66 29 too
1843 3724 90 30 mild
1967 3733 22 21 a
2025 3726 114 30 term.

151 3785 150 39 Indeed,
339 3789 38 29 at
413 3789 114 30 times
563 3789 32 29 it
631 3797 79 22 was
747 3787 90 38 only
873 3787 95 30 with
1004 3787 100 31 fixed
1139 3789 186 37 bayonets
1358 3789 88 29 that
1478 3789 66 30 the
1577 3788 161 30 soldiers
1771 3787 109 31 could
1915 3788 151 36 repulse
2097 3796 44 22 or

151 3848 148 31 control
327 3850 66 31 the
422 3850 132 38 people
577 3853 42 30 at
643 3851 104 38 a11,,.,
770 3860 23 23 a
816 3851 174 32 contrast
1011 3851 43 30 to
1078 3851 66 31 the
1167 3852 102 31 state
1294 3851 38 32 of
1353 3852 132 37 things
1508 3852 40 30 at
1571 3852 67 30 the
1662 3850 172 39 Pergola,
1868 3851 122 32 which
2026 3851 113 32 Conti

2221 337 46 25 &
2326 331 90 32 THE
2440 331 151 34 ARENA

2222 395 213 30 GOLDONI,
2548 399 43 27 &

2219 1719 81 31 The
2323 1720 236 31 Performan-

2215 1790 78 23 ces.
2379 1790 45 24 J&
2540 1790 45 25 &

2213 2408 92 34 The
2320 2409 257 33 Audience,

2206 3485 29 31 A
2253 3486 154 31 riotous
2424 3485 148 34 crowd.
