2761 4084
2098 187 47 31 37

153 313 67 29 the
243 313 117 37 hopes
384 313 38 31 of
444 313 67 29 the
534 312 198 36 European
756 310 153 29 theatre
932 308 80 31 find
1036 310 42 29 at
1101 316 93 23 once
1217 308 103 31 their
1343 309 132 29 centre
1499 308 74 29 and
1598 307 103 30 their
1724 307 226 37 guarantee.

224 377 111 37 Here,
357 376 60 31 for
439 374 146 31 several
607 381 125 29 years,
755 372 92 37 they
870 371 77 31 will
970 372 115 37 study
1108 373 41 29 to
1172 371 148 36 perfect
1350 370 233 32 themselves
1613 370 39 29 in
1677 370 66 30 the
1779 368 117 32 crafts
1930 369 219 37 pertaining

154 440 42 29 to
220 441 87 29 that
328 438 136 35 which,
487 438 38 28 in
549 436 58 29 his
630 435 189 37 writings,
843 436 59 29 Mr
925 435 113 36 Craig
1071 435 68 30 has
1172 433 81 31 told
1288 441 45 23 us
1365 435 88 29 that
1483 435 47 29 he
1565 440 130 24 means
1730 433 47 36 by
1805 432 68 30 the
1906 433 72 29 Art
2010 431 39 31 of
2080 431 67 31 the

157 503 175 31 Theatre.
356 501 115 34 Then,
494 499 110 29 when
630 498 66 30 the
719 499 246 36 preparation
988 498 94 30 time
1116 498 32 30 is
1182 505 105 30 over,
1309 498 105 30 their
1435 504 131 24 means
1589 495 207 39 perfected,
1818 495 93 37 they
1932 493 79 32 will
2034 495 112 37 begin

156 567 103 29 their
280 563 125 38 public
419 560 121 31 work.
2103 562 46 26 &

226 626 150 31 Certain
400 624 105 30 hints
528 632 41 22 as
592 626 41 28 to
657 624 66 31 the
748 625 175 30 methods
947 624 93 37 they
1062 623 77 31 will
1163 624 117 35 adopt
1313 624 94 31 have
1441 623 156 37 already
1630 623 161 30 reached
1816 629 43 23 us
1886 620 170 37 through
2090 621 59 29 Mr

158 688 142 37 Craig's
322 688 135 29 recent
478 688 177 36 writings
678 689 38 27 in
742 686 84 31 The
849 686 136 31 Mask.
2102 689 46 25 &

224 750 108 31 From
349 751 112 30 those
477 758 56 22 we
551 758 84 29 may
652 751 137 37 gather
805 751 87 30 that
907 751 105 37 here,
1036 750 123 31 under
1183 750 59 30 his
1264 749 96 37 rule,
1383 748 153 31 realism
1553 749 75 30 and
1645 747 239 38 artificiality
1899 746 78 31 will
1992 746 81 31 find
2099 753 48 23 no

153 814 117 36 place:
293 814 88 29 that
403 814 220 29 redundant
646 814 73 29 and
743 814 107 36 petty
874 813 116 30 detail
1012 812 78 31 will
1115 814 45 29 be
1184 812 196 37 excluded,
1396 812 197 30 obtrusive
1609 810 236 39 personality
1861 810 185 31 subdued:
2063 810 86 30 that

153 885 57 21 we
233 876 99 30 shall
354 877 159 29 witness
536 877 219 36 symbolism
781 877 135 30 rather
939 877 93 29 than
1055 877 208 34 imitation,
1287 876 223 37 suggestion
1532 875 135 30 rather
1689 875 95 29 than
1815 874 224 36 statement,
2061 873 89 30 that

153 940 66 30 the
243 941 192 29 intention
458 939 77 30 will
561 941 45 29 be
629 941 41 29 to
694 941 114 29 insist
830 948 105 22 more
959 947 101 29 upon
1083 940 66 29 the
1173 939 99 31 ideal
1293 939 96 30 than
1413 938 65 31 the
1502 937 140 38 actual,
1657 937 89 37 and,
1762 938 48 36 by
1832 937 137 37 poetry
1984 936 73 30 and
2074 936 57 36 sig-

156 1003 160 30 nificant
349 1004 141 36 action,
513 1004 40 29 to
578 1011 144 29 convey
755 1004 248 36 impressions
1033 1003 134 30 rather
1194 1002 95 30 than
1320 1001 191 31 chronicle
1544 1000 111 31 facts.
1690 1001 67 30 We
1791 999 113 31 know
1938 999 87 31 that
2058 998 91 31 here

153 1065 78 31 will
255 1067 45 29 be
324 1065 180 37 dispelled
528 1066 66 30 the
618 1066 154 31 illusion
796 1068 87 29 that
905 1067 66 30 the
995 1067 114 30 artist
1133 1065 39 31 of
1192 1066 67 30 the
1283 1066 153 30 theatre
1471 1066 103 29 must
1598 1066 44 29 be
1664 1064 67 30 the
1765 1064 109 30 actor
1897 1070 43 22 or
1962 1062 68 30 the
2059 1062 91 36 poet

154 1136 44 22 or
220 1129 67 30 the
311 1130 165 35 painter,
498 1129 61 31 for
581 1131 150 29 instead
756 1129 39 31 of
815 1131 109 29 these
948 1131 114 35 being
1085 1129 118 31 called
1228 1130 38 28 in
1289 1130 41 28 to
1353 1129 85 37 give
1461 1128 104 30 their
1587 1128 221 35 assistance;
1831 1126 66 30 the
1919 1124 109 32 work
2051 1125 99 30 done

154 1191 76 30 will
256 1193 45 29 be
325 1191 165 39 entirely
513 1193 273 37 independent,
810 1193 152 30 created
985 1192 60 31 for
1073 1193 67 29 the
1171 1191 163 31 Theatre
1357 1192 49 36 by
1428 1191 142 30 Artists
1593 1189 38 32 of
1652 1190 67 31 the
1753 1189 176 36 Theatre,
1962 1188 73 30 and
2059 1188 91 29 thus

154 1256 218 36 possessing
394 1264 22 21 a
441 1256 185 38 harmony
648 1256 220 36 impossible
890 1256 128 30 where
1050 1256 89 29 that
1170 1255 124 30 which
1318 1255 32 29 is
1374 1256 60 28 set
1457 1253 129 32 before
1610 1261 44 22 us
1677 1254 32 29 is
1732 1261 22 22 a
1776 1251 224 38 patchwork
2023 1249 39 32 of
2082 1251 68 29 the

153 1319 250 36 productions
427 1318 38 31 of
487 1327 113 30 many
623 1320 163 30 minds...
1934 1320 46 26 &
2105 1318 45 25 &

155 1388 46 25 &
224 1383 59 29 Mr
307 1382 145 37 Craig's
475 1383 85 29 idea
584 1382 38 30 of
645 1390 47 22 an
716 1383 115 29 artist
854 1381 38 31 of
913 1382 68 29 the
1005 1381 162 31 Theatre
1190 1382 45 36 is,
1259 1389 41 22 as
1323 1381 47 30 he
1395 1381 68 30 has
1484 1380 81 31 told
1590 1388 44 23 us
1657 1378 235 39 repeatedly,
1917 1387 21 22 a
1962 1386 85 22 man
2065 1378 85 30 who

156 1447 175 29 contains
354 1447 39 28 in
418 1445 151 30 himself
591 1445 49 30 all
663 1445 111 30 those
798 1444 92 38 gifts
913 1446 198 36 possessed
1137 1445 47 37 by
1205 1445 108 37 stage
1337 1452 195 30 manager,
1555 1445 120 35 actor,
1699 1451 112 22 scene
1834 1443 166 37 painter,
2023 1442 107 29 costu-

156 1510 109 35 mier,
288 1509 73 29 and
386 1508 233 37 electrician,
643 1508 73 30 and
741 1508 86 30 who
851 1508 92 30 adds
966 1509 40 29 to
1040 1508 49 30 all
1123 1508 109 31 these
1264 1508 67 30 the
1362 1506 92 39 gifts
1477 1506 39 32 of
1537 1515 21 22 a
1581 1508 111 36 poet;
1716 1515 21 21 a
1760 1513 87 23 man
1870 1506 86 30 who
1989 1512 69 23 can
2083 1512 67 22 use

156 1572 73 29 and
261 1571 163 37 control,
457 1571 61 29 for
539 1571 67 29 the
640 1571 221 36 expression
885 1569 38 31 of
948 1571 55 29 his
1028 1579 84 21 own
1148 1571 97 36 idea,
1268 1571 156 36 sounds,
1449 1570 165 37 colours,
1638 1571 189 35 gestures,
1851 1569 130 37 lights,
2004 1567 146 37 figures

155 1633 80 37 just
257 1642 41 22 as
321 1634 66 31 the
411 1635 185 29 musician
621 1633 129 31 makes
774 1642 67 22 use
864 1633 38 30 of
925 1633 237 38 alternating
1195 1635 111 29 notes
1332 1633 73 31 and
1439 1633 176 37 silences,
1648 1633 67 30 the
1748 1633 90 36 poet
1861 1631 38 30 of
1920 1631 140 37 words,
2083 1630 67 30 the

155 1698 153 35 painter
332 1696 38 31 of
393 1697 76 30 line
493 1698 73 29 and
592 1696 144 38 colour,
761 1696 98 38 light
882 1698 73 28 and
979 1697 131 30 shade.
2105 1699 45 25 &

225 1760 32 30 It
280 1760 31 30 is
334 1760 93 30 with
450 1760 66 30 the
539 1761 194 29 intention
758 1759 38 31 of
817 1761 173 36 training
1014 1760 92 30 such
1130 1760 133 30 artists
1286 1768 41 22 as
1359 1760 110 30 these
1501 1760 87 30 that
1621 1760 59 30 Mr
1710 1759 112 36 Craig
1855 1759 68 29 has
1944 1756 116 32 taken
2084 1757 66 30 the

157 1825 125 29 Arena
306 1823 72 30 and
401 1824 154 29 intends
578 1824 41 29 to
641 1823 119 30 found
784 1823 56 29 his
864 1823 143 30 school.
2105 1825 45 26 &

227 1887 114 30 What
362 1886 78 30 will
464 1887 46 30 be
533 1887 66 30 the
621 1886 125 31 result
768 1894 101 29 upon
892 1887 66 30 the
982 1886 127 37 public
1130 1886 112 31 when
1264 1886 67 31 the
1364 1887 94 30 time
1485 1893 125 23 comes
1626 1885 61 30 for
1711 1885 104 30 their
1840 1883 90 31 first
1951 1890 177 30 represen-

158 1950 147 29 tations
328 1950 32 28 it
382 1950 32 29 is
438 1950 68 29 not
528 1949 95 30 hard
645 1950 42 29 to
711 1950 176 29 surmise.
910 1950 30 29 A
962 1950 88 35 part
1073 1949 38 30 of
1132 1950 104 29 their
1257 1948 109 31 work
1388 1948 78 31 will
1490 1947 187 39 certainly
1708 1955 128 24 amaze
1859 1948 74 29 and
1964 1955 22 21 a
2009 1947 88 36 part
2119 1946 31 30 it

161 2011 78 30 will
255 2011 183 38 probably
454 2020 144 29 amuse;
616 2013 68 29 but
699 2013 112 29 there
827 2012 76 30 will
922 2014 43 28 be
982 2021 21 21 a
1020 2013 145 30 certain
1182 2013 162 29 number
1360 2013 191 29 scattered
1569 2013 92 29 here
1677 2012 73 29 and
1767 2011 110 30 there
1894 2018 91 23 over
2000 2009 150 37 Europe

161 2074 85 30 who
262 2073 79 31 will
358 2075 250 37 understand,
624 2075 73 30 and
723 2075 99 37 who,
845 2076 126 36 owing
996 2076 40 29 to
1060 2075 107 31 these
1191 2075 146 37 artists,
1361 2083 85 29 may
1467 2074 81 31 find
1577 2073 179 31 Florence
1779 2074 154 29 become
1957 2073 39 29 in
2019 2080 22 23 a
2065 2079 83 24 new

160 2144 125 29 sense,
311 2137 64 29 the
399 2138 109 29 home
532 2137 38 30 of
594 2139 157 35 Beauty,
774 2138 67 29 the
865 2139 131 29 centre
1019 2137 99 31 from
1142 2138 123 30 which
1289 2147 21 20 a
1334 2145 83 23 new
1440 2136 210 31 revelation
1675 2135 38 32 of
1734 2136 33 30 it
1789 2134 96 32 shall
1910 2136 44 30 be
1978 2136 112 37 given
2106 2136 40 29 to

160 2199 64 30 the
240 2199 134 30 world.

158 2268 45 25 /
226 2263 81 30 And
332 2263 31 29 is
387 2263 68 30 not
477 2263 67 30 the
567 2265 139 35 Arena,
729 2263 38 30 of
789 2263 49 30 all
862 2264 143 37 others,
1029 2265 48 36 by
1099 2265 51 29 its
1174 2265 148 36 history
1344 2272 40 22 as
1407 2263 86 31 well
1517 2271 40 23 as
1580 2264 48 37 by
1651 2264 51 29 its
1725 2261 273 32 architectural
2028 2261 100 38 quali-

158 2326 86 36 ties,
266 2325 66 30 the
356 2324 97 31 ideal
477 2325 105 36 place
606 2325 60 30 for
688 2326 77 29 this
789 2327 244 30 renaissance
1057 2326 38 31 of
1117 2327 67 30 the
1208 2327 70 30 Art
1301 2326 38 31 of
1360 2327 66 30 the
1449 2326 191 31 Theatre?
1664 2325 72 31 For
1758 2326 32 29 is
1814 2326 68 29 not
1904 2326 60 29 Mr
1992 2323 155 39 Craig's

158 2387 98 31 ideal
279 2387 60 31 for
361 2388 67 30 the
452 2387 163 31 Theatre
640 2388 38 30 of
701 2388 144 31 Future
868 2390 87 29 that
978 2390 32 29 it
1033 2388 96 31 shall
1153 2390 44 30 be
1221 2398 21 21 a
1265 2388 106 37 place
1396 2397 47 22 no
1468 2388 73 31 less
1565 2388 132 31 sacred
1720 2389 39 29 in
1783 2388 51 30 its
1865 2388 211 37 character,
2099 2395 48 22 no

159 2450 73 31 less
256 2450 180 37 uplifting
459 2451 38 30 in
522 2452 50 29 its
594 2451 194 31 influence
812 2460 47 22 on
875 2453 67 29 the
967 2452 171 30 national
1161 2451 78 38 life,
1255 2452 93 30 than
1373 2461 21 21 a
1417 2451 169 31 church?
1602 2460 41 22 so
1660 2453 32 29 is
1707 2451 111 30 there
1844 2452 80 36 not,
1940 2449 208 38 therefore,

158 2514 217 36 something
398 2514 207 37 peculiarly
628 2514 133 38 fitting
783 2516 38 29 in
845 2515 65 30 the
933 2515 78 30 fact
1033 2516 86 29 that
1141 2515 78 30 this
1243 2515 108 31 home
1376 2515 38 31 of
1434 2515 67 30 the
1525 2514 163 31 Theatre
1711 2514 39 30 of
1764 2514 65 31 the
1846 2513 144 32 Future
2011 2513 136 31 should

159 2577 95 30 have
278 2576 281 38 beenformerly
582 2586 21 21 a
627 2578 168 30 church?

158 2646 46 25 &
227 2640 98 30 Here
348 2640 109 30 those
480 2648 150 22 women
655 2640 38 31 of
716 2649 21 21 a
760 2642 87 35 past
869 2641 72 37 day
963 2641 142 37 sought
1127 2642 206 36 sanctuary
1355 2640 98 31 from
1477 2641 67 30 the
1567 2648 165 23 sorrows
1748 2641 73 30 and
1840 2640 169 30 discords
2026 2639 39 31 of
2079 2640 66 30 the

157 2701 133 32 world.
315 2703 96 29 Here
434 2710 58 22 we
515 2702 98 31 shall
636 2703 91 30 seek
749 2705 208 36 sanctuary
986 2703 98 31 from
1109 2705 65 29 the
1209 2703 151 31 blatant
1391 2703 153 31 realism
1579 2704 73 29 and
1687 2702 313 32 commercialism
2025 2702 38 31 of
2084 2703 67 30 the

158 2766 156 29 modern
339 2767 122 35 stage.
486 2766 110 35 Here,
621 2766 81 31 sick
725 2766 38 31 of
786 2766 252 38 artificiality,
1060 2775 57 22 we
1140 2766 96 31 shall
1252 2766 82 31 find
1350 2767 65 30 the
1436 2766 206 37 simplicity
1659 2767 72 28 and
1749 2767 183 36 sincerity
1947 2765 123 30 which
2087 2773 64 22 are

156 2828 67 30 the
241 2828 208 30 attributes
466 2828 39 30 of
521 2830 159 37 Beauty;
697 2830 66 30 the
779 2830 221 37 symbolism
1017 2831 124 29 which
1157 2829 166 31 satisfies
1340 2837 72 23 our
1427 2830 250 37 imagination
1694 2830 150 30 instead
1863 2828 38 32 of
1915 2829 66 31 the
1997 2828 153 31 realism

158 2891 123 30 which
306 2892 147 29 bruises
476 2893 73 29 and
572 2893 67 29 the
661 2892 231 38 superfluity
916 2893 38 30 of
976 2893 116 30 detail
1116 2893 123 29 which
1262 2892 124 31 stifles
1409 2893 43 36 it;
1470 2893 102 35 here,
1590 2893 168 36 through
1775 2900 71 22 our
1862 2900 101 29 eyes,
1979 2900 57 22 we
2052 2891 97 31 shall

158 2954 146 29 receive
327 2954 87 30 that
436 2956 218 29 sacrament
678 2955 38 30 of
740 2957 147 37 Beauty
909 2957 124 30 which
1057 2955 98 31 shall
1177 2955 148 31 refresh
1350 2956 72 29 and
1445 2955 127 38 purify
1596 2964 71 22 our
1689 2956 144 30 hearts.
2105 2960 45 25 /

226 3018 49 28 As
299 3018 14 28 I
335 3017 52 29 sit
410 3025 101 28 upon
535 3018 67 30 the
624 3019 107 36 stage
755 3020 73 28 and
852 3020 111 29 write
987 3020 79 29 this
1087 3020 67 29 the
1178 3020 175 29 shadows
1377 3027 65 22 are
1466 3019 211 36 deepening
1692 3019 118 29 about
1825 3018 66 31 the
1908 3017 96 38 lofty
2019 3016 131 39 pillars

157 3079 74 30 and
255 3079 66 30 the
345 3079 147 30 arches.
515 3081 48 29 So
586 3081 137 36 strong
745 3081 32 29 is
799 3081 66 29 the
889 3081 94 36 spell
1008 3081 38 31 of
1068 3082 66 30 the
1158 3083 86 35 past
1267 3081 87 31 that
1376 3081 140 30 almost
1537 3082 92 36 they
1650 3088 103 23 seem
1777 3081 66 30 the
1868 3080 109 30 black
2004 3079 146 39 figures

158 3142 38 31 of
219 3142 199 30 Annalena
441 3142 73 29 and
539 3142 69 30 her
631 3150 100 23 nuns
754 3143 190 39 lingering
967 3145 38 29 in
1030 3146 67 29 the
1122 3144 175 31 cloisters
1319 3145 142 36 where,
1485 3145 42 30 at
1548 3145 78 29 this
1656 3144 110 37 hour,
1795 3145 93 36 they
1919 3145 102 29 must
2054 3144 95 30 have

156 3213 42 23 so
222 3204 105 32 often
353 3206 137 36 passed
514 3206 40 29 to
578 3213 168 28 vespers.
771 3206 76 31 The
869 3208 146 29 sudden
1041 3216 65 29 cry
1129 3207 38 30 of
1189 3216 22 22 a
1235 3208 99 30 child
1360 3209 84 29 cuts
1466 3207 66 30 the
1556 3206 153 31 silence.
1734 3208 33 29 It
1790 3207 122 37 might
1934 3208 46 29 be
2002 3206 88 31 that
2113 3206 38 31 of

156 3269 102 30 little
283 3269 186 30 Giovanni
493 3267 39 31 of
553 3269 66 29 the
644 3268 114 31 Black
782 3270 136 37 Bands,
941 3270 203 32 turbulent
1167 3272 73 30 and
1264 3272 216 35 passionate
1505 3277 94 24 even
1623 3271 40 30 in
1687 3271 57 30 his
1768 3271 98 37 baby
1888 3271 105 37 days.
2105 3275 45 25 >

225 3332 75 31 The
326 3332 98 31 brief
446 3332 169 38 twilight
635 3331 120 38 fades,
777 3333 65 30 the
866 3333 191 31 luminous
1080 3342 118 29 green
1223 3333 38 32 of
1282 3335 67 29 the
1374 3333 69 38 sky
1459 3334 68 30 has
1543 3335 141 29 turned
1706 3335 41 29 to
1764 3335 191 36 sapphire,
1971 3334 39 29 in
2027 3333 121 30 which

156 3404 22 21 a
199 3396 75 30 few
297 3399 111 35 great
430 3397 101 30 stars
548 3404 66 22 are
629 3396 209 36 throbbing
854 3396 74 30 like
951 3397 127 36 jewels
1102 3406 48 22 on
1174 3398 68 30 the
1266 3399 132 29 breast
1414 3397 38 30 of
1468 3398 122 36 night.
1607 3397 76 31 The
1698 3398 121 37 rising
1836 3404 112 23 moon
1965 3397 185 35 sharpens

155 3461 67 30 the
244 3460 175 30 shadows
443 3461 38 29 in
504 3461 66 29 the
594 3459 126 38 loggia
742 3460 171 36 opposite
937 3462 72 29 and
1033 3461 255 38 transfigures
1311 3462 66 30 the
1400 3461 149 30 stained
1574 3461 143 37 plaster
1740 3460 38 31 of
1793 3461 66 30 the
1874 3460 107 31 walls
1998 3460 72 30 and
2089 3467 41 22 co-

156 3524 127 30 lumns
307 3523 99 31 until
429 3524 92 37 they
543 3531 103 23 seem
669 3530 41 23 as
734 3522 28 30 if
785 3523 100 30 built
908 3523 38 31 of
968 3524 119 36 pearl.
1111 3525 40 29 In
1168 3533 21 22 a
1207 3532 152 30 cypress
1377 3526 38 28 in
1430 3525 67 30 the
1522 3524 163 38 gardens
1710 3524 146 38 beyond
1873 3532 22 22 a
1911 3523 238 37 nightingale

156 3589 31 29 is
210 3588 165 37 singing.
398 3586 255 38 Tranquillity
676 3587 74 30 and
773 3585 204 32 loveliness
1011 3589 194 29 dominate
1228 3589 68 29 the
1330 3596 127 23 scene.
1481 3589 34 29 It
1537 3589 31 29 is
1591 3596 22 22 a
1635 3587 107 38 place
1775 3588 91 30 shut
1888 3588 39 29 in
1950 3585 99 32 from
2083 3586 67 31 the

158 3651 101 37 ugly,
282 3651 66 30 the
371 3650 171 38 restless,
565 3651 66 30 the
655 3650 110 37 noisy
788 3650 73 29 and
884 3650 148 38 vulgar;
1055 3650 71 31 full
1142 3650 39 31 of
1196 3651 154 37 silence;
1374 3658 97 30 open
1494 3650 89 38 only
1607 3652 39 29 to
1670 3651 65 30 the
1758 3650 101 31 wind
1884 3650 73 29 and
1981 3650 98 37 rain,
2108 3651 41 30 to

158 3714 65 29 the
245 3721 73 22 sun
340 3714 74 30 and
440 3721 112 23 moon
576 3715 73 29 and
673 3715 115 29 stars.

227 3777 108 36 Here,
348 3777 195 37 watching
558 3778 66 29 the
638 3777 256 37 encroaching
904 3777 188 37 shadows,
1106 3784 71 24 one
1191 3785 85 30 may
1292 3778 129 30 dream
1439 3777 266 38 undisturbed,
1721 3775 178 40 peopling
1913 3776 109 31 these
2044 3777 106 36 quiet

158 3844 130 30 spaces
309 3840 94 30 with
426 3840 67 31 the
518 3842 197 30 creatures
739 3839 38 33 of
799 3839 264 39 imagination,
1086 3840 66 31 the
1174 3839 145 39 figures
1343 3839 38 32 of
1403 3848 22 23 a
1440 3839 91 39 long
1553 3841 85 37 past
1661 3840 84 38 day;
1761 3840 94 31 with
1872 3838 196 33 Annalena
2083 3839 66 32 the

2212 311 46 24 &
2315 304 92 32 THE
2429 305 154 34 ARENA

2214 368 212 31 GOLDONI.
2539 374 44 25 &

2282 618 61 30 Its
2365 617 115 31 work
2502 616 83 32 and

2214 680 120 31 aims.

2214 3013 45 25 &
2304 3005 82 32 The
2409 3006 110 40 spell
2542 3006 48 31 of

2216 3068 66 31 the
2295 3070 111 37 past.
