3124 4447
1072 404 506 100 Autour
1644 413 160 94 de
1867 415 501 115 l'Opéra

606 787 126 49 Pour
759 792 111 47 faire
900 795 55 46 de
982 799 198 61 grandes
1206 802 177 61 choses,
1413 803 152 48 disent
1592 805 66 48 les
1683 824 144 46 sages,
1857 808 28 46 il
1914 809 101 47 faut
2043 811 126 46 vivre
2196 829 191 32 comme
2414 816 34 45 si
2478 814 97 49 l'on
2604 835 59 28 ne
2692 818 155 47 devait
2867 818 169 64 jamais

461 874 195 47 mourir.
698 875 92 47 Les
818 878 258 51 directeurs
1116 885 179 48 actuels
1333 887 56 46 de
1431 888 199 63 l'Opéra
1667 892 237 48 semblent
1947 893 138 49 s'être
2131 898 368 60 profondément
2543 901 217 62 pénétrés
2807 904 55 45 de
2908 915 126 35 cette

460 959 209 46 maxime
697 981 13 38 ;
754 960 12 46 1
790 966 262 59 expiration
1096 971 254 59 prochaine
1380 973 56 46 de
1478 973 101 48 leur
1622 977 223 64 privilège
1888 977 230 64 n'émeut,
2147 1000 61 28 en
2250 982 127 62 effet,
2406 1002 89 45 que
2537 987 101 47 leur
2680 999 259 53 entourage
2986 1000 47 35 et

458 1039 122 49 leurs
625 1045 214 50 héritiers
882 1054 313 61 présomptifs,
1224 1068 47 34 et
1312 1074 61 29 ne
1411 1059 185 47 trouble
1634 1078 60 29 en
1733 1064 102 44 rien
1881 1063 100 47 leur
2022 1068 237 46 souriante
2285 1068 218 49 sérénité.
2533 1070 305 64 Inquiétante
2878 1072 130 63 philo-

456 1129 164 59 sophie
649 1168 9 8 .
691 1130 131 56 Quel
863 1149 135 47 pacte
1025 1138 266 66 diabolique
1330 1154 85 34 ont
1441 1144 123 47 donc
1604 1147 173 48 conclu
1803 1166 76 30 ces
1906 1150 125 46 deux
2060 1150 145 49 Faust
2243 1171 118 44 pour
2401 1155 155 61 signer
2583 1175 64 29 un
2678 1175 221 30 nouveau
2940 1158 91 47 bail

454 1229 115 31 avec
595 1214 14 47 1
628 1218 241 48 existence
894 1219 15 47 ?
937 1220 86 50 On
1054 1225 96 46 voit
1180 1238 266 37 nettement
1473 1247 90 44 que
1591 1229 136 50 l'idée
1755 1233 146 48 d'une
1928 1234 66 48 fin
2023 1238 255 60 prochaine
2305 1257 60 29 ne
2405 1239 64 49 les
2509 1241 263 63 préoccupe
2801 1243 144 64 guère
2984 1257 47 34 et

454 1295 140 64 qu'ils
635 1300 250 64 préparent
922 1324 115 30 avec
1077 1310 192 47 activité
1309 1329 66 28 un
1402 1331 128 29 assez
1557 1313 199 49 lointain
1797 1321 178 47 avenir.
2004 1319 77 49 En
2113 1335 106 35 tous
2244 1341 89 43 cas,
2363 1324 43 46 la
2443 1324 258 50 révélation
2730 1327 64 47 du
2833 1327 111 62 plan
2973 1328 57 47 de

454 1399 262 50 campagne
743 1407 65 43 qu
829 1390 52 47 ils
909 1393 229 47 viennent
1164 1395 28 46 d
1215 1395 208 49 élaborer
1464 1417 118 43 pour
1624 1401 42 47 la
1702 1404 149 46 saison
1895 1407 255 60 prochaine
2189 1408 120 48 n'est
2346 1427 78 45 pas
2451 1411 109 47 faite
2601 1430 117 43 pour
2744 1431 203 29 rassurer
2987 1413 43 47 la

456 1470 146 60 petite
630 1483 166 52 troupe
824 1476 56 45 de
909 1476 316 64 nécrophores
1251 1483 80 60 qui
1360 1482 175 62 piétine
1562 1503 112 30 avec
1704 1488 277 62 inquiétude
2008 1489 25 47 à
2072 1491 42 47 la
2151 1506 132 48 porte
2311 1493 62 47 du
2401 1493 267 51 Boulevard
2700 1498 325 47 Haussmann.

598 1556 23 47 I
627 1589 13 14 J
661 1575 154 31 annee
842 1578 100 30 sera
970 1563 106 46 bien
1106 1566 196 62 remplie
1343 1585 26 28 a
1408 1567 12 47 1
1443 1568 179 61 Opéra.
1652 1569 106 49 Elle
1783 1586 248 50 apportera
2055 1594 94 29 aux
2175 1580 254 47 musiciens
2456 1580 304 49 d'heureuses
2786 1583 239 63 surprises.

453 1638 107 50 Elle
589 1643 212 47 donnera
828 1644 190 50 d'abord
1058 1667 95 28 une
1181 1649 234 50 éclatante
1441 1656 287 47 satisfaction
1758 1657 24 47 à
1810 1671 104 34 tous
1940 1677 121 30 ceux
2088 1663 77 60 qui
2207 1665 183 47 croient
2420 1665 25 47 à
2484 1665 196 49 l'avenir
2707 1670 58 46 de
2804 1670 42 46 la
2880 1670 146 63 jeune

452 1741 218 47 musique
697 1728 227 61 française
951 1743 47 35 et
1025 1732 230 48 souffrent
1281 1736 57 47 de
1377 1735 43 49 la
1459 1737 187 48 lenteur
1672 1741 58 46 de
1756 1759 84 29 son
1868 1745 268 59 apothéose.
2165 1745 126 49 Pour
2329 1747 44 49 la
2418 1750 231 61 première
2677 1752 88 49 fois
2790 1771 66 30 un
2887 1755 104 46 hom-

452 1826 137 47 mage
617 1812 169 47 officiel
814 1813 281 51 réellement
1120 1818 281 64 significatif
1422 1839 101 30 sera
1548 1825 151 47 rendu
1727 1825 25 48 à
1779 1840 136 34 notre
1942 1841 70 35 art
2039 1835 361 58 contemporain
2427 1836 34 45 si
2492 1836 204 61 nuancé,
2723 1840 35 44 si
2786 1839 163 62 souple
2978 1853 47 34 et

449 1910 35 30 si
515 1909 174 35 vivant.
720 1897 147 48 Trois
1186 1917 161 35 seront
1384 1907 240 49 accueillis
1662 1921 107 36 tour
1796 1911 25 47 à
1848 1924 106 34 tour
1996 1931 79 44 par
2117 1915 145 49 MM.
2292 1916 247 66 Messager
2565 1933 46 34 et
2639 1921 236 49 Broussan
2906 1947 12 35 ;
2961 1943 60 29 en

449 1980 226 63 quelques
702 1984 120 46 mois
848 2001 61 29 on
937 1986 273 61 applaudira
1236 1989 215 63 Philippe
1479 1990 235 66 Gaubert,
1744 1996 167 48 Alfred
1940 1997 228 50 Bachelet
2206 2014 47 34 et
2292 2001 196 51 Gabriel
2518 2004 209 65 Dupont
2757 2008 116 48 dans
2911 2011 113 46 trois

447 2081 189 32 œuvres
661 2069 417 64 caractéristiques.

593 2149 86 48 Du
706 2155 330 61 sympathique
1074 2157 176 46 second
1289 2160 117 44 chef
1436 2160 57 47 de
1533 2160 43 48 la
1614 2163 185 48 Société
1827 2165 79 47 des
1945 2166 233 50 Concerts
2216 2170 63 47 du
2319 2170 381 66 Conservatoire,
2728 2178 81 61 qui
2851 2192 70 33 est
2959 2197 61 28 en

449 2249 159 33 même
650 2249 154 49 temps
844 2239 12 45 1
881 2240 259 64 inégalable
1178 2244 174 47 flûtiste
1380 2246 57 46 de
1476 2245 275 51 l'orchestre
1778 2250 57 46 de
1879 2250 218 64 l'Opéra,
2128 2272 120 30 nous
2285 2273 171 32 aurons
2493 2277 65 29 un
2600 2260 236 50 délicieux
2878 2264 143 47 ballet

446 2337 111 45 grec
599 2320 191 47 intitulé
829 2321 205 64 Philotis,
1073 2326 201 47 danseuse
1309 2329 51 46 de
1398 2329 216 48 Corinthe
1617 2370 12 22 y
1657 2333 62 45 où
1759 2351 47 29 se
1832 2334 314 61 dépenseront
2187 2338 395 63 généreusement
2624 2357 156 37 toutes
2822 2347 65 48 les
2925 2366 71 30 res-

446 2420 188 32 sources
659 2406 428 65 chorégraphiques
1125 2424 46 33 et
1199 2411 288 50 décoratives
1512 2417 56 45 de
1610 2432 135 33 notre
1771 2419 263 48 Académie
2066 2424 239 47 nationale
2333 2424 54 48 de
2418 2425 162 50 Danse
2620 2441 46 35 et
2692 2432 80 61 qui
2812 2450 100 30 sera
2951 2452 65 28 un

447 2505 86 45 pur
561 2489 125 63 régal
712 2492 258 62 artistique.

589 2574 169 47 Alfred
797 2575 230 49 Bachelet
1065 2597 120 30 nous
1224 2594 229 36 etonnera
1493 2602 80 44 par
1614 2585 41 47 le
1681 2601 237 34 caractère
1957 2592 225 60 puissant,
2210 2593 43 47 la
2281 2611 200 43 sauvage
2508 2596 191 66 énergie
2727 2613 45 33 et
2812 2601 207 51 l'accent

444 2659 164 46 incisif
639 2659 56 47 de
721 2678 47 29 sa
808 2663 223 60 partition
1059 2664 57 47 de
1144 2664 139 48 Scémo
1309 2665 144 50 écrite
1479 2687 78 29 sur
1584 2688 66 30 un
1677 2671 296 66 dramatique
2000 2688 46 35 et
2085 2678 230 62 poignant
2347 2679 166 61 poème
2541 2682 57 47 de
2627 2682 200 51 Charles
2854 2686 160 51 Méré.

444 2742 96 49 Cet
565 2761 203 47 ouvrage
796 2747 80 61 qui
905 2765 120 30 nous
1050 2749 206 49 îevelera
1284 2770 63 28 un
1375 2767 158 48 aspect
1561 2756 214 47 inconnu
1803 2758 56 46 de
1886 2776 54 29 ce
1968 2762 230 46 musicien
2225 2780 99 30 sera
2351 2766 198 47 conduit
2574 2767 27 47 à
2629 2768 42 47 la
2699 2771 195 47 victoire
2936 2791 80 43 par

443 2829 213 47 Yvonne
683 2828 114 51 Gall
825 2843 47 33 et
900 2831 268 52 Muratore.

585 2913 65 48 Et
695 2932 53 29 ce
787 2932 101 31 sera
932 2917 42 47 la
1017 2918 210 48 création
1275 2921 91 48 très
1406 2925 227 47 attendue
1679 2926 62 47 du
1779 2941 287 50 somptueux
2301 2933 56 47 de
2398 2933 198 51 Gabriel
2635 2937 225 65 Dupont,
2903 2961 111 42 reçu

439 2997 403 48 d'enthousiasme
880 2998 93 50 l'an
1003 3002 186 47 dernier
1215 3017 46 35 et
1286 3006 165 61 appelé
1477 3007 25 47 à
1540 3010 220 59 produire
1787 3029 94 30 une
1907 3015 234 47 sensation
2180 3017 228 60 profonde
2448 3038 80 44 par
2555 3021 305 61 l'originalité
2887 3039 48 35 et
2970 3027 44 49 la

441 3081 347 66 magnificence
815 3085 56 47 de
896 3102 49 31 sa
970 3090 302 59 conception.
1304 3090 70 47 Le
1411 3092 137 61 poète
1576 3093 404 51 Chekri-Ganem
2008 3116 25 30 a
2060 3113 132 49 tenu,
2221 3101 253 64 d'ailleurs,
2502 3105 25 47 à
2554 3106 146 50 écrire
2738 3109 274 64 lui-même,

439 3168 27 46 d
490 3186 132 45 après
659 3186 47 29 sa
745 3171 131 60 piece
918 3171 57 46 de
1013 3171 13 47 1
1050 3171 197 63 Odeon,
1289 3175 43 47 le
1377 3176 135 47 livret
1552 3196 77 30 sur
1667 3179 157 63 lequel
1871 3182 41 47 le
1953 3186 229 46 musicien
2221 3204 25 29 a
2278 3189 224 62 composé
2540 3209 96 31 une
2677 3198 225 58 partition
2928 3201 83 61 qui

437 3270 247 47 marquera
712 3256 113 46 dans
851 3273 47 29 sa
924 3256 197 48 carrière
1147 3276 96 30 une
1270 3261 108 46 date
1403 3261 217 50 décisive.

583 3337 110 49 Puis
731 3340 193 46 viendra
966 3340 42 47 la
1035 3341 263 48 réalisation
1341 3345 225 65 scénique
1592 3349 65 45 du
1699 3360 255 37 testament
1999 3354 197 48 musical
2222 3356 56 46 de
2307 3355 265 66 Massenet,
2601 3374 128 37 cette

435 3424 116 63 qu'il
579 3424 165 48 écrivit
769 3443 115 30 avec
912 3438 103 35 tant
1041 3426 219 50 d'amour
1286 3448 120 43 pour
1431 3430 202 65 l'Opéra
1660 3447 45 33 et
1732 3434 26 47 à
1785 3435 200 65 laquelle
2013 3439 29 46 il
2070 3440 211 48 travailla
2312 3443 188 65 jusqu'à
2527 3464 69 30 ses
2622 3449 211 51 derniers
2861 3408 150 111 jours!

435 3506 88 50 On
551 3510 85 44 sait
663 3527 92 44 que
796 3509 42 47 le
881 3510 169 47 maître
1077 3511 185 64 disparu
1288 3515 125 46 avait
1439 3516 89 47 mis
1554 3516 115 49 dans
1694 3530 75 36 cet
1796 3538 205 47 ouvrage
2043 3521 42 49 le
2125 3524 217 50 meilleur
2368 3527 58 48 de
2464 3547 83 29 son
2589 3534 168 47 tendre
2795 3537 139 63 génie
2963 3553 47 33 et

434 3590 116 65 qu'il
593 3593 41 47 le
673 3594 283 48 considérait
983 3613 190 32 comme
1201 3615 95 30 une
1322 3617 165 30 œuvre
1514 3601 200 64 capitale
1741 3604 114 50 dans
1892 3624 47 30 sa
1978 3609 280 60 production
2287 3614 34 45 si
2352 3614 127 46 riche
2518 3629 224 47 pourtant
2768 3638 61 30 en
2859 3623 151 64 impé-

550 3707 11 23 1
594 3712 101 39 Voir
719 3714 34 37 S.
774 3714 30 38 I.
827 3714 66 38 M.
917 3714 56 38 du
1002 3730 14 23 i
1026 3719 25 16 er
1069 3713 133 52 juillet
1230 3733 72 34 191
1316 3733 34 34 3.

2406 438 15 23 I
