3124 4447
579 1921 112 58 CE
743 1920 191 64 QUE
988 1916 337 61 DISENT
1376 1915 153 59 LES
1583 1912 346 61 DANSES
1985 1911 128 58 DU
2171 1908 341 60 PRINCE
2566 1904 230 61 IGOR

581 2117 52 59 Il
667 2132 88 44 est
789 2115 263 60 humain
1104 2113 193 81 qu'on
1332 2113 117 58 soit
1501 2107 243 63 rassasié
1781 2108 73 59 de
1906 2129 68 37 ce
2011 2105 186 83 qu'on
2233 2127 33 37 a
2317 2101 188 84 goûté
2557 2123 147 37 avec
2755 2101 54 58 le
2846 2100 139 81 plus

395 2209 75 60 de
504 2207 225 61 délices
761 2234 14 47 ;
827 2221 60 44 et
922 2207 45 57 il
1000 2220 89 44 est
1123 2206 142 57 bien
1316 2203 102 60 sûr
1452 2223 119 61 que
1608 2221 154 39 nous
1796 2220 152 38 nous
1988 2198 289 58 lasserons
2312 2216 80 37 un
2439 2193 143 81 jour
2619 2193 100 58 des
2770 2192 215 58 ballets

395 2321 212 40 russes.
648 2300 193 72 Mais,
903 2297 52 72 je
1005 2297 264 70 l'avoue,
1327 2296 55 57 la
1442 2296 249 80 plupart
1750 2292 197 57 m'ont
2006 2286 229 62 semblé
2295 2301 160 44 cette
2514 2282 193 61 année
2760 2303 225 38 encore

395 2391 414 84 inépuisables
842 2411 76 37 en
955 2386 248 62 beautés
1238 2402 59 45 et
1346 2408 75 38 en
1457 2387 222 79 leçons.
1712 2385 73 78 Je
1820 2381 287 60 voudrais
2158 2380 204 58 même
2398 2391 176 44 noter
2627 2376 80 58 ici
2742 2373 209 60 briève-

396 2500 177 45 ment
631 2505 69 38 ce
753 2504 121 61 que
930 2482 128 58 l'un
1109 2480 74 58 de
1233 2500 98 38 ces
1381 2479 351 81 spectacles,
1769 2496 148 39 revu
1969 2493 146 39 avec
2166 2493 81 36 un
2307 2468 462 60 enthousiasme
2827 2467 158 59 aussi

396 2574 242 61 fervent
675 2597 120 59 que
842 2574 59 58 la
937 2569 303 85 première
1274 2568 137 73 fois,
1449 2568 118 59 m'a
1619 2564 247 63 raconté
1904 2565 146 58 dans
2084 2584 60 39 sa
2177 2564 222 78 langue
2450 2559 425 59 merveilleuse
2912 2556 75 60 de

399 2688 137 40 sons
572 2682 58 43 et
668 2667 74 59 de
779 2679 214 69 gestes.

583 2759 210 66 Qu'on
830 2754 196 62 hésite
1059 2754 33 60 à
1128 2754 230 60 choisir
1391 2768 171 43 entre
1599 2752 147 58 trois
1783 2772 79 36 ou
1899 2763 213 67 quatre
2149 2745 74 59 de
2258 2764 97 40 ces
2390 2740 507 73 chefs-d'œuvre,
2925 2742 64 80 je

399 2853 57 57 le
492 2852 254 80 conçois
776 2876 14 47 ;
845 2848 174 71 mais,
1056 2867 156 61 pour
1247 2846 153 70 moi,
1437 2865 148 37 mon
1622 2841 190 61 choix
1846 2862 33 37 a
1912 2855 95 43 ete
2044 2835 110 61 fait
2191 2837 100 58 des
2327 2837 54 56 la
2416 2834 306 82 première
2773 2855 216 35 annee.

404 2945 146 58 Sans
587 2942 188 60 doute
808 2937 427 64 Schéhérazade
1257 2937 166 80 joint
1458 2936 56 58 la
1548 2931 256 84 volupté
1840 2955 75 35 au
1951 2943 295 56 meurtre,
2281 2949 74 36 en
2402 2947 79 37 un
2517 2924 281 82 bouquet
2835 2922 159 61 idéal

407 3056 122 63 que
582 3056 161 37 noue
796 3031 308 81 l'écharpe
1162 3029 73 59 de
1293 3030 56 57 la
1402 3029 135 81 plus
1589 3029 405 78 langoureuse
2046 3037 61 42 et
2164 3017 144 61 fière
2366 3018 306 80 musique.
2849 3017 148 59 Sans

402 3128 210 71 doute,
896 3125 295 61 L'Oiseau
1553 3123 68 58 de
1740 3121 139 74 Feu,
1232 3142 69 38 ce
1336 3134 182 44 conte
1555 3119 73 58 de
1655 3116 286 60 nourrice
1978 3112 341 60 moscovite
2348 3110 78 58 du
2464 3109 197 82 grand
2686 3109 308 58 musicien

403 3218 195 84 qu'est
661 3218 148 81 Igor
868 3211 381 86 Stravinsky,
1301 3209 284 82 évapore,
1646 3229 145 37 avec
1852 3228 80 37 un
1993 3203 122 59 fort
2173 3205 250 79 parfum
2482 3199 284 72 oriental,
2820 3215 176 43 toute

402 3312 290 58 l'essence
727 3305 297 87 poétique
1059 3304 74 59 de
1169 3318 175 45 notre
1381 3300 161 61 Belle
1574 3322 76 37 au
1687 3299 132 60 Bois
1858 3298 300 58 Dormant
2160 3343 14 22 ,
2211 3316 121 59 que
2366 3313 155 38 nous
2555 3291 296 59 envoient
2889 3313 107 60 par

403 3401 278 61 bouffées
747 3402 84 58 les
897 3397 402 84 palpitations
1357 3389 410 85 prisonnières
1835 3389 74 59 de
1974 3384 333 62 l'adorable
2366 3383 363 71 Karsavina,
2790 3384 207 59 oiseau

403 3493 236 61 femme
689 3515 121 38 aux
845 3492 134 60 bras
1015 3491 135 81 plus
1199 3487 241 81 souples
1476 3506 119 61 que
1645 3483 104 60 des
1797 3483 163 57 ailes.
2002 3479 144 59 Sans
2197 3477 209 71 doute,

405 3589 145 58 Rose
556 3636 16 22 ,
622 3586 211 60 concis
868 3597 59 45 et
964 3581 165 83 plein
1176 3599 250 39 comme
1462 3597 80 37 un
1583 3572 221 84 poème
1839 3572 74 60 de
1948 3586 174 45 notre
2159 3568 263 60 Gautier
2470 3567 110 81 qui
2618 3567 78 57 l'a
2742 3564 255 84 inspiré,

404 3691 260 69 apporte
723 3678 146 58 dans
902 3670 223 65 l'infini
1162 3670 234 61 sensuel
1431 3667 74 60 de
1539 3666 270 61 l'Orient
1867 3685 118 38 une
2044 3676 161 45 sorte
2260 3660 72 59 de
2387 3657 182 61 brève
2627 3656 371 84 perfection,
