3124 4447
1098 258 170 71 LES
1336 255 358 71 LIVRES

2590 280 96 69 39

122 407 140 46 chose
289 403 327 48 d'infiniment
642 404 156 49 désolé
824 425 90 44 que
954 407 43 47 la
1037 420 250 34 rencontre
1317 405 55 46 de
1400 421 76 29 ces
1503 405 124 45 deux
1656 402 231 47 vieillards
1914 404 77 60 qui
2034 402 271 48 s'aimèrent
2331 406 240 59 autrefois,
2600 423 91 45 que

123 478 101 46 leur
264 478 327 45 conversation
636 477 181 62 banale,
847 479 179 62 coupée
1054 479 54 47 de
1150 479 134 62 longs
1322 475 198 47 silences
1559 474 320 47 embarrassés.
1926 474 438 62 Maternellement,
2403 477 42 46 la
2521 477 169 60 vieille,

124 550 105 45 bien
262 548 150 46 vieille
441 548 178 47 femme
712 551 181 62 gronde
920 569 84 29 son
1043 552 242 59 soupirant
1310 570 12 36 ;
1365 558 105 34 tout
1512 548 307 59 doucement,
1863 545 87 46 elle
1994 545 64 47 lui
2100 546 183 63 signifie
2322 566 85 29 son
2449 549 167 62 congé,
2646 562 45 33 et

125 621 189 46 Berlioz
341 620 42 45 la
410 621 168 61 quitte,
608 620 178 63 l'esprit
813 623 163 61 perdu,
1005 623 42 46 le
1075 639 131 29 cœur
1234 618 186 48 dévasté
1449 639 12 36 ;
1505 618 31 46 il
1574 618 99 46 s'en
1718 635 54 28 va
1813 634 190 29 comme
2044 635 65 28 un
2152 620 155 45 oiseau
2351 620 158 61 blessé,
2554 621 137 61 loque

124 691 245 47 misérable
398 709 89 45 que
516 692 42 46 le
587 707 114 32 vent
729 694 165 46 heurte
923 694 25 47 à
975 708 154 33 toutes
1168 693 64 46 les
1270 692 172 61 pierres
1470 691 61 45 du
1571 690 210 46 chemin.
1812 688 86 48 On
1927 690 174 46 touche
2129 693 234 45 vraiment
2392 693 57 45 ici
2491 711 57 28 au
2576 693 113 45 fond

123 764 57 46 de
206 764 43 45 la
276 763 199 47 douleur
503 766 242 47 humaine.

268 835 78 47 M.
376 835 210 47 Boschot
613 837 180 46 excelle
820 837 25 47 à
871 837 195 59 utiliser,
1095 854 58 29 au
1182 845 218 35 moment
1428 832 178 61 décisif,
1635 831 43 48 le
1718 832 114 61 petit
1861 832 157 61 détail,
2047 832 41 47 le
2116 835 116 59 petit
2272 835 97 59 fait,
2400 835 291 64 insignifiant

124 925 59 28 en
234 925 279 44 apparence,
568 910 117 45 mais
741 911 223 44 combien
1004 907 379 60 caractéristique
1433 917 47 33 et
1531 904 145 46 cruel.
1733 904 138 46 Voici
1927 903 190 47 Berlioz
2167 906 77 61 qui
2285 920 111 33 veut
2457 908 157 46 dédier
2667 908 26 46 à

122 997 85 30 son
237 979 106 47 vieil
372 981 92 45 ami
496 980 157 64 Reyer
697 1000 93 27 une
831 981 222 61 partition
1101 978 56 46 de
1202 978 257 45 Benvenuto
1485 999 15 33 ;
1537 975 30 46 il
1608 976 145 61 prend
1791 975 42 46 la
1861 975 161 61 plume
2063 988 47 33 et
2150 994 282 31 commence
2460 979 24 46 à
2529 980 161 59 écrire,

125 1053 116 45 mais
267 1053 215 59 soudain,
511 1052 29 46 il
579 1051 207 61 s'arrête,
827 1070 77 28 car
946 1051 28 46 il
1016 1068 59 28 ne
1097 1067 46 29 se
1170 1051 220 44 souvient
1435 1048 103 61 plus
1565 1048 63 46 du
1668 1065 113 28 nom
1811 1048 54 45 de
1896 1047 158 56 Reyer
2080 1046 7 48 !
2121 1047 69 48 Le
2230 1067 218 30 nouveau
2487 1051 112 47 livre
2637 1052 56 45 de

125 1123 79 48 M.
235 1123 210 47 Boschot
483 1136 67 35 est
590 1124 105 47 tissé
724 1125 54 45 de
805 1122 277 48 semblables
1108 1121 242 46 notations
1374 1142 11 36 ;
1415 1120 185 61 parfois,
1630 1138 61 28 on
1719 1119 178 47 semble
1936 1121 200 60 prendre
2169 1121 152 60 plaisir
2348 1122 25 46 à
2399 1122 243 47 s'attarder
2669 1123 24 46 à

125 1196 78 46 des
231 1197 241 60 minuties,
500 1208 47 33 et
575 1197 201 45 certains
803 1207 84 34 ont
925 1192 228 63 reproché
1192 1192 25 46 à
1258 1190 203 47 l'auteur
1498 1209 84 29 son
1623 1191 160 47 travail
1813 1192 56 45 de
1910 1191 170 62 scalpel
2121 1203 47 34 et
2206 1191 214 65 l'étalage
2448 1195 54 45 de
2531 1195 162 46 détails

123 1267 215 63 qualifiés
366 1268 227 46 d'oiseux.
628 1268 142 60 Mais,
800 1267 80 61 qui
920 1282 170 45 pourra
1129 1263 200 62 préciser
1368 1263 24 46 à
1432 1265 142 60 partir
1604 1263 56 46 de
1687 1263 108 63 quel
1825 1275 217 34 moment
2070 1263 62 46 tel
2162 1263 157 61 détail,
2348 1265 112 47 dans
2486 1284 63 28 un
2579 1267 114 46 livre

125 1338 258 61 d'histoire,
413 1357 123 28 cesse
566 1338 146 47 d'être
740 1338 116 46 utile
895 1354 117 45 pour
1041 1336 191 46 devenir
1259 1336 204 61 superflu
1489 1335 14 47 ?
1533 1335 78 47 De
1640 1335 107 63 quel
1776 1336 122 45 droit
1925 1335 233 60 éliminer,
2188 1336 24 46 à
2249 1337 155 61 priori,
2434 1337 59 46 tel
2535 1356 60 27 ou
2632 1338 62 46 tel

125 1412 264 46 document
410 1428 106 29 sous
542 1410 212 61 prétexte
781 1409 115 62 qu'il
924 1426 59 28 ne
1010 1420 93 35 sert
1131 1408 55 46 de
1216 1409 98 44 rien
1339 1406 14 47 ?
1383 1406 220 48 N'est-ce
1631 1425 77 44 pas
1734 1407 43 46 là
1804 1406 215 65 préjuger
2048 1408 78 46 des
2152 1408 300 47 conclusions
2479 1409 217 61 possibles

125 1484 80 61 qui
235 1482 254 47 découlent
516 1483 79 45 des
621 1482 104 46 faits
752 1481 147 62 qu'on
928 1481 164 63 rejette
1120 1479 15 47 ?
1174 1480 78 46 Ne
1280 1480 284 46 convient-il
1592 1497 94 44 pas,
1713 1497 60 29 au
1801 1480 250 60 contraire,
2082 1480 54 45 de
2167 1480 96 46 dire
2301 1496 113 30 avec
2453 1480 201 47 l'auteur
2683 1500 9 29 :

327 1555 55 45 de
607 1566 45 33 et
680 1554 56 45 de
765 1552 266 47 considérer
1059 1569 112 29 avec
1199 1563 181 50 respect
1410 1569 91 28 une
1531 1552 395 45 documentation
1953 1552 34 45 si
2016 1551 268 46 abondante
2312 1551 175 63 qu'elle
2514 1566 182 49 permet

125 1626 25 47 à
177 1626 78 47 M.
287 1625 209 47 Boschot
523 1626 55 44 de
608 1626 111 45 faire
748 1629 96 41 état
871 1623 115 47 d'un
1016 1624 264 46 document
1319 1641 80 44 par
1432 1624 121 64 jour.
1586 1623 69 47 Le
1684 1624 226 62 reproche
1951 1622 40 47 le
2020 1622 102 62 plus
2150 1640 138 46 grave
2315 1623 145 62 qu'on
2489 1627 207 59 pourrait

125 1698 204 47 adresser
355 1716 59 27 au
457 1696 256 63 Crépuscule
908 1695 299 64 Romantique
1211 1734 11 23 ,
1252 1713 191 29 comme
1470 1713 92 29 aux
1590 1696 124 46 deux
1742 1695 135 47 livres
1904 1697 78 60 qui
2011 1695 120 46 l'ont
2159 1695 213 62 précédé,
2404 1695 116 47 c'est
2545 1696 126 47 seule-

125 1782 135 34 ment
288 1770 56 45 de
386 1770 153 61 priver
579 1768 42 47 le
661 1768 195 61 lecteur,
884 1785 106 30 sous
1017 1768 195 47 couleur
1240 1768 57 45 de
1336 1767 279 60 littérature,
1645 1767 56 46 de
1741 1767 174 62 l'appui
1946 1767 79 46 des
2063 1766 277 49 références.
2371 1767 230 48 L'auteur
2638 1787 58 28 ne

125 1859 121 29 nous
281 1841 68 46 dit
390 1858 194 45 presque
621 1841 169 63 jamais
829 1839 111 48 d'où
980 1839 65 47 lui
1086 1853 67 33 est
1193 1839 190 47 tombée
1429 1838 43 47 la
1512 1839 323 46 merveilleuse
1875 1856 176 28 manne
2090 1838 382 48 d'informations
2511 1841 116 45 dont
2667 1841 28 46 il

123 1914 186 45 nourrit
347 1930 84 29 son
468 1924 144 36 texte.
644 1912 94 48 Son
765 1911 99 48 seul
891 1913 130 45 souci
1051 1923 66 35 est
1145 1912 56 45 de
1229 1912 112 45 faire
1368 1912 177 59 vivant,
1575 1912 55 44 de
1658 1912 266 45 ressusciter
1952 1909 189 47 Berlioz
2168 1923 46 33 et
2252 1928 83 29 son
2364 1923 169 50 temps.
2562 1911 134 48 D'où

124 2003 67 28 un
217 1984 120 65 style
369 1987 304 59 pittoresque,
702 1984 62 46 où
791 1984 65 46 les
884 1996 123 34 mots
1045 1984 275 61 pétaradent
1348 1994 45 35 et
1419 1982 321 47 s'assemblent
1767 2000 57 28 en
1855 1984 185 59 phrases
2067 1982 271 62 explosives,
2366 1982 26 47 à
2418 1982 44 47 la
2488 1984 208 46 manière

124 2057 57 46 de
210 2057 190 47 Berlioz
431 2056 271 61 lui-même,
730 2074 63 28 ou
821 2057 125 59 bien,
976 2055 250 62 répudiant
1264 2055 139 46 l'aide
1431 2055 61 45 du
1520 2055 155 59 verbe,
1704 2055 317 45 construisent
2047 2055 79 45 des
2152 2055 186 59 phrases
2363 2056 236 61 statiques,
2641 2056 57 45 de

123 2129 190 62 simples
351 2141 222 48 constats,
602 2128 149 62 précis
777 2145 192 30 comme
996 2128 79 46 des
1101 2127 297 63 diagnostics.
1430 2126 135 47 Dans
1603 2125 297 47 l'étonnante
1940 2125 123 46 table
2093 2126 372 63 chronologique
2494 2128 79 61 qui
2602 2127 97 46 clôt

122 2200 258 64 l'ouvrage,
410 2199 77 49 M.
518 2201 209 47 Boschot
755 2201 146 61 paraît
927 2199 137 47 s'être
1091 2198 163 46 amusé
1281 2197 25 47 à
1326 2197 341 47 collectionner
1694 2197 65 47 les
1779 2198 289 61 expressions
2089 2196 65 47 les
2181 2197 101 61 plus
2304 2198 308 60 truculentes,
2635 2198 65 46 les

124 2272 105 62 plus
293 2273 145 64 jeune
461 2272 183 47 France
732 2271 86 49 On
842 2290 29 46 y
892 2271 54 46 lit
967 2289 10 30 :
1056 2270 69 47 Le
1155 2270 184 60 métier,
1359 2269 120 47 frère
1504 2269 271 47 scrofuleux
1803 2270 55 45 de
1887 2268 103 47 l'art
2145 2269 224 64 Veuvage
2392 2269 24 46 à
2439 2270 193 46 volonté

179 2344 124 47 Miss
323 2344 242 48 Smithson
589 2356 67 35 est
684 2356 153 33 morte
866 2365 12 36 ;
908 2344 120 45 voici
1056 2360 78 29 ma
1161 2342 253 46 deuxième
1441 2342 178 45 femme
1731 2341 64 46 Et
1834 2353 106 34 tout
1979 2340 41 47 le
2060 2340 113 64 long
2212 2341 78 46 des
2328 2340 95 61 665
2456 2359 153 46 pages,
2639 2360 59 27 en

125 2417 117 61 petit
268 2428 146 49 texte,
443 2417 64 45 du
528 2416 133 60 livre,
688 2415 221 60 l'auteur,
939 2415 232 63 magicien
1200 2413 141 47 subtil
1370 2425 46 34 et
1443 2414 196 60 patient,
1669 2431 119 28 nous
1815 2413 158 45 donne
2000 2430 94 28 une
2123 2412 272 64 incroyable
2423 2414 276 61 impression

125 2489 56 46 de
209 2489 89 60 vie,
327 2506 121 29 nous
475 2489 175 46 dirions
677 2488 158 46 même
876 2486 287 47 d'actualité.
1195 2485 197 47 Devant
1418 2502 65 29 un
1513 2484 187 47 tableau
1726 2486 34 45 si
1802 2485 115 45 haut
1944 2502 58 28 en
2046 2483 217 47 couleurs
2291 2497 46 33 et
2363 2485 34 45 si
2426 2485 274 62 grouillant,

123 2560 65 46 les
215 2561 250 46 historiens
490 2559 65 47 les
582 2560 103 61 plus
723 2560 265 62 grincheux
1014 2575 47 30 se
1088 2558 233 47 sentiront
1350 2557 231 46 désarmés
1608 2568 62 50 et,
1700 2575 93 28 une
1822 2556 86 46 fois
1936 2556 56 45 de
2032 2556 117 61 plus,
2179 2555 106 47 l'art
2316 2573 113 30 aura
2461 2558 169 46 vaincu
2658 2556 43 47 la

124 2633 188 46 science
341 2649 198 30 morose.
1830 2627 196 47 LIONEL
2054 2643 63 31 DE
2145 2643 63 31 LA
2237 2627 318 48 LAURENCIE.

270 2794 342 49 DAFFNER
676 2794 67 63 (D
750 2798 14 19 r
816 2794 181 63 Hugo).
1151 2792 237 47 Frederick
1433 2791 252 48 Nietzsche.
1740 2789 296 64 Randglossen
2089 2810 58 27 zu
2199 2791 139 47 Bizet
2437 2791 212 47 Carmen

125 2868 349 64 (Regensburg,
504 2866 66 50 G.
601 2866 157 62 Bosse,
790 2867 141 47 in-12
938 2869 17 19 0
983 2866 55 46 de
1067 2864 64 49 68
1162 2883 94 43 pp.,
1293 2880 17 31 1
1346 2864 147 62 Mk.).

271 2993 140 48 Ceux
453 2994 78 61 qui
576 3010 60 29 ne
678 2993 303 47 connaissent
1022 2991 262 47 Nietzsche
1326 3008 92 45 que
1458 3006 79 45 par
1577 2989 41 46 le
1725 2989 278 47 Zaratustra
2115 2987 30 47 1'
2229 2987 128 48 Ecce
2385 2989 146 46 homo
2634 3006 69 29 ses

124 3065 222 48 relations
373 3083 114 29 avec
514 3065 235 63 Wagner,
779 3082 62 29 ou
870 3063 157 46 même
1068 3063 43 46 la
1151 3064 231 45 brochure
1408 3062 34 46 si
1486 3060 306 48 intéressante
1821 3062 56 45 de
1906 3060 77 48 M.
2014 3059 396 65 Lichtenberger,
2441 3078 58 29 11e
2543 3072 160 35 seront

125 3156 79 44 pas
229 3155 104 30 sans
360 3137 229 63 éprouver
616 3137 202 62 quelque
847 3135 317 48 étonnement
1192 3135 24 46 à
1244 3135 43 46 la
1315 3133 181 48 lecture
1526 3134 54 45 de
1609 3151 75 29 ces
1712 3146 135 34 notes
1875 3132 296 64 marginales.

269 3208 129 49 Elles
439 3210 162 46 furent
645 3208 178 47 tracées
868 3226 80 44 par
993 3208 262 46 Nietzsche
1301 3224 77 30 sur
1424 3224 94 29 une
1564 3207 224 61 partition
1835 3205 55 46 de
1998 3205 210 47 Carmen
2327 3203 213 63 qu'après
2575 3205 128 45 avoir

126 3283 213 45 entendu
380 3281 25 48 à
447 3281 202 49 Genève
677 3299 59 28 en
774 3281 277 46 Novembre
1086 3279 149 61 1881,
1276 3278 215 47 l'ex-ami
1520 3279 56 45 de
1604 3279 219 63 Wagner
1862 3278 240 64 envoyait,
2131 3278 114 45 dans
2282 3295 66 28 un
2388 3288 315 35 mouvement

126 3353 419 62 d'enthousiasme,
575 3354 26 46 à
626 3371 85 30 son
739 3352 139 48 fidèle
908 3353 139 46 Peter
1076 3351 136 50 Gass.
1243 3349 222 65 (L'envoi
1494 3362 68 35 est
1590 3351 63 46 du
1686 3364 22 47 5
1741 3351 193 63 Janvier
1966 3349 101 63 82.)

271 3426 114 47 Une
436 3427 294 46 soixantaine
784 3427 56 44 de
892 3442 207 45 passages
1149 3436 108 35 sont
1319 3422 237 49 annotés:
1623 3423 170 62 parfois
1855 3440 65 28 un
1983 3421 99 47 seul
2147 3433 101 34 mot
2383 3419 192 47 reizend

127 3497 169 62 parfois
336 3516 94 28 une
472 3499 164 61 phrase
677 3497 180 48 entière
897 3496 281 63 (Pénétrant
1212 3508 47 34 et
1299 3495 224 60 idéaliste,
1553 3506 47 35 et
1628 3496 133 60 point
1787 3493 322 61 sentimental,
2139 3511 43 44 p.
2213 3508 83 45 42,
2326 3492 109 62 etc.)
2460 3514 11 36 ;
2502 3492 116 45 mais
2644 3509 59 28 en

127 3569 189 64 général
359 3588 113 28 avec
515 3570 231 62 précision
789 3582 48 33 et
989 3587 62 28 011
1094 3568 43 46 le
1178 3580 106 35 sent
1422 3584 113 30 avec
1576 3585 96 28 une
1715 3568 181 60 passion
1940 3567 78 61 qui
2062 3565 113 47 était
2214 3565 41 45 le
2295 3564 115 46 fond
2449 3563 159 47 même
2648 3563 56 47 de

127 3641 278 47 Nietzsche.
436 3641 64 47 Et
527 3643 99 45 rien
657 3642 55 45 de
742 3641 103 63 plus
872 3642 213 59 curieux,
1115 3640 56 46 de
1201 3640 102 61 plus
1328 3640 232 46 saisissant
1587 3639 158 46 même
1773 3656 89 45 que
1891 3637 173 46 devoir
2093 3648 74 35 cet
2195 3635 192 63 étrange
2411 3636 292 61 philosophe,

126 3731 60 29 au
214 3726 219 34 moment
461 3714 61 46 où
550 3713 29 47 il
608 3715 130 45 vient
765 3713 56 46 de
850 3725 195 35 tourner
1072 3713 42 45 le
1144 3713 82 46 dos
1251 3730 61 28 au
1339 3712 110 46 dieu
1477 3710 57 47 de
1570 3710 244 65 Bayreuth
1842 3727 136 44 parce
2007 3708 113 63 qu'il
2149 3727 59 29 ne
2237 3709 257 61 produisait
2520 3708 99 47 rien
2649 3708 55 45 de
