3124 4447
1027 285 388 70 CHOSES
1481 284 323 70 D'ASIE

2603 316 96 68 23

118 433 371 82 l'empereur
541 434 289 72 Fou-Hi,
868 434 211 60 c'est-à
1130 435 130 59 dire
1317 453 194 60 3.300
1566 456 105 38 ans
1719 451 179 43 avant
1951 452 175 43 notre
2177 437 97 61 ère
2325 439 381 76 chrétienne,

119 547 160 60 pour
344 522 328 61 découvrir
736 527 84 58 les
885 528 296 80 premiers
1247 524 486 61 balbutiements
1798 527 74 57 de
1939 542 97 44 cet
2103 545 110 57 art,
2264 532 154 60 resté
2485 555 221 39 encore

119 614 395 83 aujourd'hui
551 618 46 57 si
636 617 282 81 primitif
942 635 60 43 et
1037 621 47 57 si
1120 618 472 59 rudimentaire.

305 708 116 59 Les
487 708 402 61 instruments
955 710 244 59 chinois
1263 708 83 57 les
1415 708 133 80 plus
1614 707 464 83 fréquemment
2145 713 184 60 usités
2394 731 136 45 sont
2568 740 10 37 :
2648 719 56 57 le

120 800 312 72 tambour,
466 801 57 57 le
574 802 209 59 violon
829 800 55 82 (à
938 802 211 59 archet
1204 797 245 61 attaché
1510 821 75 37 au
1644 800 282 59 chevalet
1978 819 59 43 et
2089 804 107 58 mû
2248 805 30 60 à
2328 807 256 61 l'envers
2621 810 80 57 du

120 892 228 79 nôtre),
383 892 56 59 la
489 891 169 74 flûte,
696 895 54 57 le
783 892 310 74 hautbois,
1130 892 56 58 la
1220 891 379 74 mandoline,
1636 892 83 59 les
1770 892 330 83 cymbales,
2137 896 84 59 les
2257 919 195 61 gongs
2486 914 60 45 et
2583 923 118 37 une

115 980 232 61 variété
383 984 431 60 innombrable
849 984 73 60 de
957 984 226 81 grelots
1219 997 57 43 et
1313 981 74 59 de
1421 997 330 45 sonnettes.

303 1075 52 59 Il
392 1077 120 58 m'a
546 1075 95 60 été
679 1079 363 57 totalement
1093 1073 358 82 impossible
1502 1074 74 59 de
1628 1089 196 57 noter,
1862 1075 146 60 dans
2042 1078 84 60 les
2161 1078 265 62 théâtres
2460 1097 59 44 et
2555 1083 146 61 dans

115 1167 84 58 les
249 1169 379 80 processions
679 1169 374 80 religieuses,
1089 1187 201 37 aucun
1343 1164 251 84 rythme
1632 1182 57 45 et
1726 1188 238 39 aucune
2018 1168 267 61 mélodie
2334 1174 365 82 susceptible

114 1257 196 60 d'être
348 1260 288 71 traduite,
673 1260 204 57 même
912 1257 31 58 à
979 1257 315 72 l'unisson,
1331 1277 101 38 sur
1469 1279 120 36 une
1625 1257 215 83 portée
1878 1260 412 82 européenne.

824 1434 4 16 I
2093 1434 11 15 «

1218 1493 369 80 JAPON

293 1717 59 58 A
402 1715 338 61 l'encontre
790 1717 73 58 de
913 1718 161 58 leurs
1122 1715 187 61 frères
1349 1717 217 81 jaunes
1618 1721 470 72 continentaux,
2125 1722 82 58 les
2235 1723 293 80 Japonais
2565 1741 128 56 ont,

108 1806 32 59 à
176 1830 83 37 un
310 1807 184 84 degré
547 1807 121 62 très
716 1807 192 76 élevé,
946 1812 55 57 la
1048 1811 218 58 notion
1317 1825 59 43 et
1411 1812 53 57 le
1501 1811 122 59 don
1674 1812 75 58 de
1798 1813 56 57 la
1904 1815 288 81 musique
2243 1813 358 85 mélodique
2635 1832 60 43 et

106 1898 437 85 harmonique,
579 1902 142 59 telle
758 1924 121 59 que
915 1924 153 38 nous
1102 1903 55 58 la
1194 1922 365 40 concevons.

289 1994 167 58 Leur
489 1994 371 81 inspiration
912 2009 87 44 est
1035 1992 462 84 généralement
1534 1994 196 61 douce
1783 2010 57 45 et
1876 1995 478 85 mélancolique,
2391 2000 265 82 quelque-

104 2081 117 61 fois
279 2085 153 58 mais
489 2085 138 81 plus
687 2100 306 45 rarement
1042 2086 279 83 joyeuse,
1359 2085 185 60 alerte
1603 2102 58 43 et
2122 2090 136 57 Elle
2315 2089 375 61 affectionne

103 2188 241 47 surtout
401 2176 56 59 le
515 2176 186 60 mode
759 2179 247 57 mineur
1059 2193 57 43 et
1153 2199 75 37 en
1286 2178 361 80 particulier
1704 2193 160 44 cette
1916 2201 249 59 gamme
2201 2203 268 60 grecque
2511 2182 78 58 où
2626 2204 59 39 se

103 2268 299 81 complaît
462 2283 324 46 souventes
843 2268 118 61 fois
1017 2270 56 59 la
1126 2268 325 61 virtuosité
1507 2272 522 81 contrapontique
2088 2272 73 59 de
2220 2288 175 43 notre
2453 2274 234 60 illustre

104 2358 409 61 Saint-Saëns.

287 2452 117 60 Les
438 2455 406 58 instruments
879 2451 269 84 préférés
1182 2453 102 59 des
1318 2455 333 58 musiciens
1688 2455 266 81 nippons
1989 2471 137 43 sont
2158 2477 11 37 :

293 2565 19 37 i
327 2545 18 24 u
377 2545 55 57 le
481 2546 163 71 kotto,
681 2545 191 81 harpe
908 2546 227 80 longue
1186 2543 32 60 à
1252 2543 161 60 table
1463 2545 421 73 horizonable,
1920 2545 32 59 à
2014 2568 70 56 13
2126 2547 232 73 cordes,
2395 2570 119 60 que
2559 2550 123 58 l'on

96 2655 148 61 pose
280 2657 98 36 sur
411 2636 55 59 le
501 2637 88 58 sol
640 2651 58 44 et
734 2658 122 59 que
890 2637 119 58 l'on
1046 2634 112 61 fait
1194 2635 203 60 vibrer
1431 2635 32 60 à
1497 2636 177 59 l'aide
1710 2636 82 59 du
1826 2659 222 60 pouce,
2086 2637 73 59 de
2210 2639 228 58 l'index
2490 2654 59 44 et
2601 2643 80 58 du

96 2725 306 75 médium,
439 2729 205 80 garnis
697 2728 306 81 d'onglets
1056 2728 275 59 d'ivoire.
1370 2729 89 58 La
1510 2726 202 61 forme
1765 2728 74 58 de
1893 2751 96 36 ces
2271 2730 151 59 dont
2469 2733 54 57 le
2574 2753 107 38 son

96 2819 215 59 tendre
345 2834 60 44 et
442 2818 362 84 métallique
855 2820 269 82 rappelle
1172 2820 159 59 celui
1384 2820 74 59 de
1491 2820 56 60 la
1582 2819 257 72 cithare,
1876 2822 165 57 varie
2076 2823 167 58 selon
2278 2822 285 61 l'habitat
2599 2824 83 59 du

95 2909 274 83 harpiste
402 2933 12 37 :
453 2911 55 58 la
542 2911 169 59 boîte
747 2933 72 37 en
857 2926 88 44 est
980 2911 283 59 arrondie
1300 2909 31 60 à
1366 2911 252 82 Tokyo,
1653 2911 205 59 carrée
1893 2911 32 59 à
1962 2914 215 80 Kyoto
2208 2938 14 47 ;

284 3001 57 61 2°
374 3003 56 57 le
828 3002 113 72 chamissen,
942 3017 133 45 sorte
1076 3003 65 59 de
1142 3003 346 60 mandoline
1534 3002 32 60 à
1600 3018 260 68 tympan
1897 3003 73 60 de
2004 3026 179 60 peau,
2218 3005 32 59 à
2292 3027 28 59 3
2362 3007 212 60 cordes
2610 3007 73 60 de

93 3095 128 58 soie
255 3115 102 38 sur
392 3093 282 60 chevalet
711 3116 119 60 que
866 3096 84 57 les
984 3095 300 58 virtuoses
1329 3096 254 80 pincent
1620 3118 148 35 avec
1802 3096 229 80 l'ongle
2069 3096 72 58 de
2177 3096 251 74 l'index,
2466 3112 60 45 et
2561 3120 120 60 que

90 3186 84 59 les
208 3184 287 85 profanes
529 3208 60 37 se
625 3201 362 44 contentent
1023 3186 74 59 de
1131 3200 232 67 gratter
1403 3208 147 38 avec
1587 3208 85 38 un
1708 3187 194 82 grand
1934 3189 234 80 plectre
2203 3189 74 58 de
2314 3189 132 59 bois
2480 3190 197 61 blanc.

90 3280 90 57 Le
247 3300 108 37 son
423 3278 82 59 du
573 3279 344 58 chamissen
1136 3278 152 59 dont
1345 3280 56 57 la
1458 3276 200 61 forme
1717 3278 217 61 diffère
1991 3280 437 60 sensiblement
2495 3281 73 60 de
2625 3284 56 58 la

86 3369 490 60 showktina-vina
611 3369 277 60 hindoue
923 3368 32 59 à
1011 3389 30 61 5
1083 3370 211 59 cordes
1345 3386 58 44 et
1467 3391 76 57 14
1592 3369 299 61 divisions
1940 3392 99 38 sur
2075 3372 55 58 le
2165 3372 267 60 manche
2592 3388 86 44 est

89 3463 161 58 celui
287 3462 146 59 d'un
471 3462 180 70 banjo
687 3463 138 80 plus
860 3460 270 74 velouté,
1167 3463 204 58 moins
1407 3459 362 84 métallique
1806 3487 12 48 ;

279 3576 29 60 3
317 3553 19 27 0
369 3556 56 57 le
480 3554 146 74 shoô,
679 3556 372 57 instrument
1119 3552 31 60 à
1205 3570 146 43 vent
1411 3553 151 60 dont
1629 3575 154 38 nous
1848 3556 254 58 n'avons
2166 3577 201 37 aucun
2434 3556 247 61 modèle

86 3647 484 81 correspondant
628 3669 75 37 en
771 3647 274 81 Europe,
1082 3661 58 43 et
1209 3647 107 81 qui
1380 3645 220 59 affecte
1667 3667 163 39 assez
1893 3647 56 57 la
2018 3646 199 61 forme
2283 3648 145 59 d'un
2484 3671 193 60 orgue

86 3740 349 60 minuscule
472 3737 31 61 à
551 3760 75 57 14
663 3754 237 67 tuyaux
936 3736 275 61 bouchés
1248 3760 106 60 par
1390 3739 100 58 des
1525 3753 170 44 trous
1730 3739 334 82 d'aiguille.
2097 3740 88 60 La
2212 3739 309 62 soufflerie
2555 3742 121 59 s'en
