3124 4447
427 301 96 70 28

1525 304 63 71 S.
1663 304 55 72 I.
1794 304 108 71 M.

420 454 111 80 qui
566 476 132 38 sans
732 456 87 58 lui
872 472 240 45 eussent
1163 456 278 84 échappé
1478 457 32 60 à
1545 472 137 46 tout
1708 456 223 82 jamais
1964 453 33 60 à
2033 468 175 45 notre
2245 456 307 61 curiosité.
2604 458 74 59 Sa
2714 456 296 61 méthode

421 546 73 58 de
531 547 217 59 travail
785 570 74 37 ne
894 550 180 58 serait
1110 547 376 62 assurément
1515 550 136 81 plus
1676 551 56 57 la
1760 548 198 72 nôtre,
1987 547 154 59 mais
2174 547 85 59 les
2287 562 194 46 textes
2517 550 151 81 qu'il
2704 573 31 35 a
2771 547 241 84 publiés

543 640 149 57 trois
746 660 140 60 gros
920 641 281 60 volumes
1254 642 74 59 de
1384 644 287 80 musique
1724 640 345 71 irlandaise,
2229 660 73 37 ne
2336 655 136 45 sont
2509 656 295 66 pourtant
2838 661 107 63 pas
2979 640 32 60 à

421 726 352 84 dédaigner.
815 731 121 59 Son
971 754 214 37 œuvre
1219 731 95 61 fut
1351 731 541 63 immédiatement
1926 731 154 59 mise
2116 727 31 61 à
2184 727 183 84 profit
2404 753 105 60 par
2538 733 251 71 Moore,
2820 734 108 81 qui
2956 733 56 58 la

424 821 147 80 pilla
608 842 130 39 sans
792 825 308 80 scrupule,
1136 847 158 60 pour
1328 847 74 38 en
1456 827 149 58 tirer
1657 825 103 60 des
1811 843 322 41 romances
2187 821 73 59 de
2295 823 165 58 salon
2491 848 14 46 ;
2561 824 43 57 il
2657 825 104 80 n'y
2796 839 103 43 eut
2936 823 76 73 là,

421 927 150 67 peut
631 913 126 60 être
818 937 120 60 que
993 917 165 59 demi
1209 919 146 70 mal,
1411 940 100 38 car
1559 921 85 57 les
1694 918 216 60 chants
1963 914 307 73 irlandais,
2329 914 259 60 dûment
2643 915 259 59 traduits
2955 931 60 44 et

420 1002 342 84 dépouillés
797 1007 74 60 de
908 1023 172 45 toute
1117 1008 352 83 prétention
1506 1007 413 85 scientifique,
1957 1006 336 62 trainèrent
2340 1027 101 38 sur
2483 1021 137 44 tous
2663 1008 84 57 les
2795 1008 180 80 piano-

419 1100 188 55 fortes
641 1114 60 43 et
738 1098 464 61 contribuèrent
1239 1100 32 59 à
1317 1103 269 58 orienter
1619 1103 84 59 les
1738 1098 323 63 curiosités
2096 1100 82 59 du
2216 1100 212 81 public
2463 1119 135 38 vers
2632 1100 55 55 la
2723 1100 288 80 musique

423 1187 402 64 archaïsante.
990 1194 97 57 De
1122 1194 226 72 même,
1387 1195 43 57 il
1463 1215 39 60 y
1538 1215 31 37 a
1605 1216 121 36 une
1760 1194 241 58 dizaine
2037 1190 283 62 d'années
2354 1191 84 58 les
2476 1190 431 58 Bretonneries
2942 1190 73 58 de

421 1281 292 79 pacotille
749 1281 227 61 écloses
1009 1305 78 37 au
1138 1285 316 80 voisinage
1505 1285 101 58 des
1660 1285 289 58 Cabarets
2004 1284 72 59 de
2116 1285 448 69 Montmartre,
2601 1277 180 61 firent
2817 1281 198 59 savoir

421 1392 77 37 au
525 1371 214 82 public
765 1375 265 80 parisien
1061 1376 154 80 qu'il
1243 1378 244 57 existait
1524 1398 119 37 une
1677 1378 287 80 musique
1999 1376 317 59 bretonne.
2461 1374 282 79 Bunting
2777 1394 32 36 a
2844 1371 171 61 laissé

421 1483 75 38 en
533 1479 177 45 outre
748 1488 81 37 un
859 1465 192 82 grand
1087 1467 258 59 nombre
1380 1468 74 58 de
1491 1468 365 58 documents
1892 1469 358 57 accessoires
2283 1488 10 37 :
2333 1468 230 70 lettres,
2599 1479 196 56 notes,
2832 1463 184 61 récits

420 1556 75 57 de
531 1577 257 62 voyage.
824 1561 114 57 Ces
975 1557 363 76 matériaux,
1376 1558 319 61 conservés
1729 1581 146 38 avec
1912 1582 83 36 un
2030 1561 131 58 soin
2197 1559 208 75 jaloux
2441 1580 108 61 par
2583 1578 87 38 ses
2706 1554 306 75 héritiers,

419 1647 296 60 viennent
752 1648 191 60 d'être
980 1650 260 81 publiés,
1279 1672 144 37 avec
1484 1666 148 66 peut
1685 1652 128 57 être
1867 1652 202 57 moins
2122 1652 72 57 de
2249 1651 453 58 discernement
2759 1670 120 58 que
2940 1648 73 59 de

419 1737 188 83 piété,
644 1763 109 59 par
800 1742 161 59 Miss
998 1743 298 80 Milligan
1351 1743 135 59 Fox
1508 1741 12 27 1
1558 1769 13 47 ;
1629 1743 321 80 Signalons
2002 1743 199 82 parmi
2253 1764 120 37 eux
2428 1763 119 38 une
2602 1742 283 57 centaine
2940 1740 73 58 de

421 1851 183 61 pages
659 1834 109 80 qui
823 1832 376 60 assurément
1254 1834 352 59 méritaient
1661 1834 140 59 bien
1860 1834 193 59 d'être
2108 1831 477 84 intégralement
2641 1834 249 58 remises
2936 1854 76 37 au

411 1921 163 80 jour,
635 1945 67 37 ce
760 1939 136 45 sont
962 1925 84 59 les
1111 1925 333 61 mémoires
1502 1926 304 59 d'Arthur
1865 1926 280 71 O'Neill,
2199 1928 55 56 le
2320 1925 243 59 dernier
2621 1924 103 60 des
2790 1923 223 82 grands

415 2011 302 84 harpistes
754 2015 304 61 irlandais.
1098 2017 163 59 C'est
1298 2039 100 37 sur
1425 2039 97 38 ces
1557 2019 195 80 lignes
1806 2039 119 60 que
1953 2018 61 80 je
2049 2017 286 59 voudrais
2371 2018 213 58 attirer
2634 2017 377 71 l'attention,

414 2104 171 83 après
633 2108 298 81 quelques
975 2130 255 59 aperçus
1266 2131 100 38 sur
1399 2111 56 57 la
1491 2112 287 79 musique
1804 2109 345 73 irlandaise,
2185 2109 140 59 telle
2363 2130 121 61 que
2521 2128 152 38 nous
2707 2108 56 58 la
2799 2105 178 84 dépei-

415 2213 192 64 gnent
644 2199 81 59 les
833 2199 278 83 Bunting
1148 2222 214 60 papers

1625 2438 38 40 *
1755 2441 38 37 *

604 2596 141 57 Une
783 2596 261 80 opinion
1080 2593 120 61 très
1237 2593 458 84 généralement
1735 2592 309 84 répandue
2071 2608 146 45 veut
2255 2615 120 61 que
2409 2594 56 58 la
2499 2593 292 81 musique
2828 2593 157 57 irlan-

415 2685 164 59 daise
614 2687 85 57 ait
736 2709 75 35 eu
847 2687 54 57 le
939 2688 337 80 monopole
1327 2686 187 60 d'une
1550 2688 234 58 intense
1821 2701 58 43 et
1917 2686 336 58 invariable
2288 2683 389 61 mélancolie.
2841 2685 174 58 C'est

419 2799 118 37 une
574 2775 353 84 réputation
985 2800 121 60 que
1158 2780 126 57 l'on
1320 2800 32 37 a
1389 2779 74 58 de
1500 2779 204 58 même
1756 2776 149 61 faite
1940 2776 32 60 à
2020 2779 56 57 la
2127 2779 287 80 musique
2466 2776 321 71 bretonne,
2825 2791 61 43 et
2941 2776 74 58 de

416 2866 183 84 façon
651 2867 348 83 également
1051 2867 349 75 injustifiée,
1594 2871 99 57 M.
1752 2870 338 81 Bourgault
2140 2867 381 83 Ducoudray
2556 2869 55 57 le
2646 2866 200 61 faisait
2884 2866 133 83 déjà

419 2982 359 59 remarquer
814 2963 42 56 il
891 2986 40 59 y
966 2983 32 37 a
1035 2963 269 80 quelque
1340 2964 176 77 vingt
1553 2983 122 37 ans.
1837 2961 282 59 L'erreur
2152 2960 290 81 provient
2494 2959 74 58 de
2625 2959 279 82 l'emploi
2944 2960 72 59 de

418 3050 323 61 modalités
776 3053 453 60 extrêmement
1267 3053 354 60 différentes
1657 3053 100 60 des
1793 3054 223 71 nôtres,
2042 3068 58 45 et
2138 3054 107 79 qui
2283 3073 158 61 pour
2475 3052 104 59 des
2613 3054 242 57 oreilles
2889 3074 123 37 non

415 3143 302 72 exercées,
757 3144 274 59 donnent
1079 3144 645 82 immanquablement
1759 3146 411 81 l'impression
2213 3144 83 59 du
2349 3144 266 71 mineur,
2667 3144 152 59 dont
2870 3144 145 60 elles

415 3250 137 44 sont
590 3236 344 80 cependant
971 3234 118 61 très
1124 3237 337 58 distinctes.
1503 3238 80 57 Et
1620 3257 154 38 nous
1808 3257 188 38 avons
2032 3256 100 38 sur
2168 3257 67 37 ce
2274 3236 176 80 point
2495 3236 55 57 le
2611 3234 405 83 témoignage

415 3326 218 82 exprès
670 3327 358 59 d'Edouard
1068 3330 280 78 Bunting
1385 3350 10 36 :
1451 3330 55 56 la
1557 3328 288 80 musique
1897 3327 346 71 irlandaise,
2282 3327 141 59 telle
2479 3327 152 81 qu'il
2683 3327 332 60 l'entendit

416 3441 221 37 encore
674 3417 292 61 exécuter
1017 3441 108 60 par
1159 3421 84 59 les
1295 3420 269 60 derniers
1615 3419 320 82 harpistes,
1973 3417 148 61 était
2159 3441 82 37 un
2292 3434 94 44 art
2438 3419 75 59 de
2563 3420 330 61 virtuosité
2956 3436 59 45 et

548 3575 9 23 1
583 3577 157 44 Annals
764 3578 49 56 of
832 3579 62 41 the
917 3579 108 42 Irish
1044 3579 199 56 Harpers,
1260 3589 85 46 par
1364 3577 183 44 Charlott
1568 3577 196 57 Milligan
1785 3579 82 42 Fox
1870 3612 12 18 ,
1905 3577 115 58 (i/z-4
2022 3575 15 22 0
2131 3591 89 42 320
2236 3582 142 54 pages)
2406 3578 98 43 chez,
2530 3579 139 52 Smith,
2690 3577 127 44 Elder
2838 3581 85 41 and
2939 3579 62 45 C°
3004 3615 11 20 ?

413 3658 24 27 a
461 3644 184 53 Londres,
675 3643 196 43 Waterloo
885 3643 114 57 place
1004 3678 8 7 .
1042 3645 59 42 CV
1123 3643 103 44 //zw
1331 3642 128 45 relève
1482 3643 261 43 évidemment
1753 3654 78 46 pas
1853 3645 46 42 de
1922 3643 40 42 la
1984 3642 102 43 seule
2110 3643 236 56 musicologie
2366 3659 84 35 ;on
2469 3659 26 42 y
2523 3654 184 33 trouvera
2733 3645 46 42 de
2803 3644 215 45 nombreux

413 3709 213 42 documents
650 3708 154 57 relatifs
826 3708 87 44 ala
927 3708 202 59 politique,
1155 3720 41 31 et
1215 3708 86 43 ala
1326 3710 63 41 vie
1412 3708 134 43 sociale
1580 3710 47 41 de
1661 3708 204 43 Vlrlande
1888 3723 85 29 aux
1995 3708 134 43 débuts
2152 3710 51 41 du
2228 3710 117 41 XIX
2350 3714 16 21 e
2372 3743 7 8 .
2406 3711 111 40 Nous
2540 3720 127 33 tenons
2690 3711 222 43 néanmoins
2935 3711 83 43 ale

412 3774 174 55 signaler
609 3776 52 41 ici
684 3790 137 27 comme
846 3785 182 32 rentrant
1047 3790 47 27 en
1115 3776 153 55 grande
1283 3776 138 56 partie
1444 3775 96 42 dans
1562 3774 35 43 le
1621 3775 115 42 cadre
1754 3774 180 44 habituel
1950 3776 47 41 de
2022 3789 61 28 nos
2107 3775 142 42 études.
