3124 4447
1521 240 65 70 S.
1656 239 54 71 I.
1782 239 105 71 M.

427 262 97 67 3°

419 387 334 73 d'lrlande,
809 388 150 59 dont
1017 389 55 58 le
1131 411 178 39 noms
1368 404 109 45 ont
1535 390 103 60 des
1695 388 302 62 sonorités
2056 389 183 61 d'une
2314 397 354 78 sauvagerie
2720 394 229 83 épique
2994 418 12 37 :

419 479 434 84 Ballymahon,
884 480 490 74 Drumshambo,
1404 483 472 72 Ballinascreen,
1903 482 555 76 Carrickmacross,
2490 487 379 81 Magilligan

420 572 81 60 Ils
538 571 226 59 offrent
800 573 160 59 leurs
995 577 263 58 services
1294 599 159 59 pour
1486 577 57 57 la
1592 578 193 57 saison
1841 574 73 60 de
1968 576 191 70 Noël,
2220 597 157 59 pour
2434 580 84 58 les
2573 601 183 38 noces
2814 595 61 43 et
2926 580 85 59 les

416 665 215 58 festins
661 689 16 45 ;
715 663 366 63 demeurant
1119 668 299 82 quelques
1454 668 157 59 mois
1648 668 103 72 ici,
1789 667 300 83 quelques
2114 666 174 80 jours
2337 667 76 73 là,
2464 671 364 81 enseignant
2879 671 132 57 leur

418 773 88 41 art
543 755 32 58 à
612 756 102 58 des
748 754 197 62 élèves
980 759 74 58 de
1091 775 327 45 rencontre
1454 776 60 42 et
1552 783 73 37 ne
1660 760 260 82 perdant
1956 780 242 38 aucune
2234 762 284 58 occasion
2554 761 75 59 de
2664 761 346 83 compléter

416 849 134 57 leur
584 844 340 85 répertoire
959 872 75 36 en
1087 851 185 60 allant
1324 853 298 58 entendre
1679 853 82 59 les
1811 854 302 57 virtuoses
2166 847 268 84 réputés,
2481 851 399 83 dépositaires
2937 853 74 59 de

415 940 301 79 l'antique
753 940 317 61 tradition.
1111 941 55 60 Il
1201 964 75 37 ne
1310 945 197 80 parait
1544 966 104 59 pas
1683 944 182 81 qu'ils
1911 945 165 57 aient
2122 943 222 80 jamais
2400 940 113 61 fait
2573 945 192 79 grand
2826 966 185 59 usage

415 1030 74 59 de
547 1032 291 81 musique
893 1032 218 75 écrite,
1149 1057 81 36 vu
1289 1033 272 61 l'intérêt
1596 1037 441 81 exceptionnel
2074 1034 181 84 qu'ils
2290 1048 268 45 mettent
2612 1034 31 60 à
2701 1034 310 83 échanger

414 1138 171 45 entre
622 1143 122 39 eux
792 1124 85 59 les
912 1127 116 57 airs
1081 1127 184 80 qu'ils
1315 1141 108 44 ont
1476 1148 73 39 en
1604 1126 325 62 mémoire.
1990 1129 87 58 La
2132 1128 250 81 plupart
2433 1126 234 59 d'entre
2718 1148 121 37 eux
2874 1142 137 43 sont

411 1215 82 58 du
532 1228 155 45 reste
725 1213 202 83 privés
962 1217 74 58 de
1069 1218 56 57 la
1159 1240 118 35 vue
1310 1242 12 35 :
1362 1218 147 60 dans
1543 1240 68 37 ce
1648 1241 146 60 pays
1829 1242 121 59 que
1996 1218 295 60 décimait
2325 1220 57 58 la
2432 1218 254 73 variole,
2721 1218 56 59 la
2813 1217 195 61 cécité

414 1306 151 60 était
599 1303 358 64 infiniment
981 1310 136 80 plus
1149 1307 327 84 fréquente
1498 1311 506 80 qu'aujourd'hui
2038 1338 13 45 ;
2089 1326 58 45 et
2178 1334 120 37 une
2334 1326 161 43 sorte
2531 1310 75 58 de
2634 1311 376 58 convention

413 1400 187 57 tacite
659 1400 164 57 avait
858 1401 112 57 fait
1031 1399 268 61 réserver
1333 1423 121 37 aux
1514 1404 285 80 aveugles
1857 1404 54 57 le
1963 1402 224 60 métier
2238 1404 279 58 musical.
2573 1402 118 60 Les
2748 1400 263 61 femmes

414 1491 141 58 elles
602 1491 236 59 mêmes
891 1491 136 59 n'en
1079 1490 229 61 étaient
1346 1514 103 60 pas
1500 1494 245 58 exclues
1782 1518 11 34 :
1848 1517 78 37 on
1963 1517 155 37 nous
2152 1496 124 58 cite
2328 1517 119 37 une
2486 1495 166 59 Rose
2701 1495 309 80 Mooney,

418 1604 120 36 une
576 1583 216 82 Peggy
830 1583 284 71 O'Neill,
1152 1606 119 35 une
1310 1585 190 83 Nelly
1536 1585 207 59 Smith
1779 1601 60 43 et
1874 1608 120 37 une
2030 1588 266 81 Brigitte
2334 1585 328 63 O'Cahan.

603 1676 152 57 Bien
791 1697 122 59 que
948 1677 55 57 la
1042 1676 192 81 harpe
1285 1698 75 36 ne
1406 1678 96 57 fût
1544 1678 344 60 nullement
1935 1677 338 84 dédaignée
2320 1679 103 60 des
2469 1678 539 83 gentilshommes,

413 1767 113 57 elle
573 1766 194 81 paraît
814 1767 171 58 avoir
1021 1766 253 82 compté
1312 1789 86 38 ses
1434 1770 309 58 meilleurs
1776 1771 301 58 virtuoses
2128 1772 201 80 parmi
2380 1772 84 58 les
2509 1768 497 84 professionnels.

416 1857 92 59 La
542 1857 292 59 situation
896 1858 223 59 sociale
1171 1858 81 59 du
1313 1858 270 83 harpiste
1638 1861 318 60 ambulant
2003 1877 86 42 est
2135 1883 161 38 assez
2338 1862 255 59 difficile
2648 1861 31 58 à
2734 1858 225 63 définir
2994 1886 14 47 ;

413 1969 153 38 nous
602 1970 73 37 ne
727 1970 233 60 voyons
1013 1970 102 60 pas
1150 1965 139 67 trop
1326 1952 47 56 si
1411 1973 118 37 une
1566 1966 134 68 part
1747 1952 74 59 de
1857 1951 236 61 charité
2128 1975 60 37 se
2224 1955 158 58 mêle
2418 1977 122 35 aux
2574 1955 288 80 largesses
2899 1955 111 80 qui

411 2041 85 57 lui
565 2057 137 43 sont
762 2039 192 61 faites.
1011 2043 100 58 On
1181 2044 53 57 le
1289 2045 192 79 reçoit
1547 2065 146 39 avec
1754 2067 118 37 une
1929 2045 377 83 hospitalité,
2345 2068 121 60 que
2527 2048 51 71 je
2639 2043 371 85 qualifierais

415 2133 334 58 volontiers
796 2131 352 61 d'écossaise
1185 2135 47 59 si
1258 2135 63 80 je
1350 2157 73 37 ne
1460 2137 301 80 craignais
1804 2137 72 58 de
1923 2153 370 43 commettre
2339 2139 153 59 ainsi
2544 2139 53 57 le
2643 2139 134 80 plus
2823 2158 188 60 grave

410 2224 103 59 des
547 2225 255 80 impairs
837 2224 522 84 géographiques.
1399 2229 267 57 Comme
1700 2229 46 57 il
1780 2231 196 57 arrive
2011 2228 458 83 généralement
2507 2228 31 60 à
2572 2227 294 84 l'époque
2907 2228 104 60 des

410 2314 175 75 fêtes,
622 2338 69 36 ce
727 2338 74 36 ne
837 2332 137 43 sont
998 2319 156 58 alors
1178 2341 120 60 que
1326 2319 373 60 bombances
1735 2337 58 42 et
1822 2322 266 80 ripailles
2119 2344 12 36 :
2171 2322 145 58 dans
2351 2322 54 57 le
2439 2321 127 59 hall
2602 2322 83 57 du
2721 2321 285 70 château,

410 2407 74 58 de
526 2408 222 82 grands
791 2407 179 61 barils
993 2410 74 58 de
1111 2410 249 85 whisky
1401 2426 135 45 sont
1572 2410 287 63 défoncés
1892 2427 60 44 et
1987 2412 145 60 dans
2168 2413 238 59 chacun
2461 2413 182 59 d'eux
2679 2434 155 59 nage
2886 2434 122 38 une

413 2520 200 61 coupe
649 2521 122 59 que
804 2500 287 59 videront
1128 2524 73 35 au
1242 2524 244 60 passage
1531 2504 84 58 les
1665 2504 213 59 allants
1928 2519 59 43 et
2037 2520 273 45 venants.
2352 2505 117 57 Les
2502 2502 228 61 invités
2766 2519 136 44 sont
2937 2505 71 58 ils

411 2605 141 66 trop
589 2591 371 73 nombreux,
997 2608 58 43 et
1091 2595 54 56 la
1180 2594 312 59 maîtresse
1528 2595 72 58 de
1636 2596 236 59 maison
1909 2595 463 60 s'efFraie-t-elle
2395 2595 236 60 d'avoir
2665 2594 34 59 à
2734 2595 274 60 coucher

414 2698 132 43 tant
581 2684 74 57 de
691 2684 250 74 monde,
978 2706 106 38 son
1122 2688 155 57 mari
1313 2689 56 56 la
1402 2708 231 38 rassure
1653 2712 13 47 ;
1704 2689 43 57 il
1782 2709 59 38 se
1877 2688 227 81 charge
2145 2688 75 59 de
2254 2689 46 58 si
2352 2688 142 58 bien
2538 2689 84 58 les
2658 2689 192 81 griser
2885 2711 123 59 que

411 2775 55 58 la
501 2775 249 80 plupart
787 2775 230 59 d'entre
1064 2798 122 37 eux
1228 2777 349 61 dormiront
1618 2778 146 60 dans
1797 2780 56 58 la
1887 2780 138 58 salle
2061 2778 32 60 à
2128 2799 276 60 manger,
2442 2801 136 38 sous
2612 2780 55 58 la
2702 2779 181 60 table.
2923 2780 84 59 Et

411 2888 76 36 au
538 2867 156 80 petit
735 2867 166 80 jour,
954 2868 246 81 lorsque
1249 2869 84 59 les
1378 2868 296 61 ronfleurs
1719 2886 371 66 reprennent
2136 2872 159 58 leurs
2340 2892 153 50 sens,
2536 2893 77 36 on
2665 2872 135 58 leur
2851 2871 156 61 offre

414 2979 222 36 encore
673 2980 157 60 pour
863 2960 55 57 le
955 2981 164 60 coup
1154 2960 74 58 de
1262 2958 252 75 l'étrier,
1552 2984 81 36 un
1670 2984 157 59 grog
1873 2985 121 37 aux
2033 2961 205 84 épices
2284 2963 107 80 qui
2437 2963 133 59 leur
2603 2961 129 61 fera
2767 2963 243 59 oublier

411 3064 163 44 cette
627 3051 314 58 mauvaise
998 3052 156 59 nuit.
1213 3052 90 59 Le
1360 3052 270 83 harpiste
1689 3076 77 36 ne
1818 3075 127 38 sera
1999 3075 103 61 pas
2157 3055 56 57 le
2272 3053 242 59 dernier
2560 3053 32 60 à
2639 3052 258 84 profiter
2931 3056 75 58 de

410 3141 309 59 l'aubaine
757 3165 11 36 :
830 3164 154 37 nous
1042 3165 237 59 voyons
1332 3146 56 57 la
1437 3147 248 80 plupart
1751 3146 233 60 d'entre
2048 3168 122 37 eux
2226 3168 201 59 passer
2490 3169 162 58 pour
2716 3147 291 82 ivrognes

409 3230 217 61 fieffés.
669 3234 150 57 Sont
870 3235 72 57 ils
992 3257 109 58 par
1147 3252 316 57 aventure,
1517 3259 249 37 comme
1818 3238 284 71 O'Neill,
2154 3236 31 60 à
2238 3259 120 60 peu
2411 3238 136 81 près
2598 3236 404 84 tempérants,

409 3325 160 59 leurs
621 3325 192 59 valets
870 3347 58 37 se
988 3325 300 83 chargent
1346 3328 74 59 de
1478 3328 171 59 boire
1695 3352 159 58 pour
1911 3329 164 60 deux
2111 3354 13 47 ;
2189 3330 164 59 Rose
2415 3332 285 80 Mooney
2762 3353 75 37 en
2890 3335 116 58 sait

411 3417 269 81 quelque
729 3415 184 60 chose
945 3441 12 47 ;
1007 3418 113 57 elle
1169 3440 33 36 a
1247 3441 161 58 pour
1459 3434 276 45 servante
1787 3442 118 37 une
1956 3422 269 80 coquine
2262 3421 72 58 de
2371 3422 108 80 qui
2514 3422 127 58 l'on
2679 3437 152 66 peut
2866 3437 139 46 tout

411 3507 245 58 obtenir
708 3530 75 37 en
839 3509 85 58 lui
975 3525 384 66 promettant
1409 3534 82 35 un
1540 3534 173 36 verre
1771 3512 75 58 de
1902 3512 249 83 whisky
2177 3537 14 47 ;
2250 3512 409 60 l'inconduite
2714 3514 73 59 de
2843 3531 164 44 cette

410 3598 278 61 dernière
722 3601 83 58 les
829 3601 158 81 jette
1022 3601 145 61 dans
1194 3603 82 59 les
1322 3619 322 44 aventures
1689 3605 84 58 les
1818 3606 136 80 plus
1989 3603 353 84 imprévues
2366 3630 14 47 ;
2433 3606 55 57 le
2525 3622 290 45 manteau
2853 3624 60 44 et
2949 3610 56 58 la

409 3690 189 82 harpe
658 3692 72 59 de
767 3695 54 57 la
857 3692 314 61 maîtresse
1229 3709 151 46 vont
1417 3694 320 62 s'échouer
1787 3719 76 37 au
1902 3695 536 62 Mont-de-Piété.
2480 3699 80 58 Et
2597 3720 155 38 nous
2789 3722 216 39 savons
