3124 4447
1549 256 63 70 S.
1683 256 52 68 I.
1807 253 106 69 M.

454 285 104 68 4°

733 410 62 62 (p.
822 407 99 64 66),
942 407 267 64 s'éprendre
1238 409 55 45 de
1376 406 209 48 Carmen
1666 404 113 64 qu'il
1809 402 175 49 entend
2013 418 80 44 par
2121 400 179 62 hasard,
2320 412 47 35 et
2392 419 47 29 se
2461 402 112 47 faire
2601 419 66 29 un
2689 402 94 46 vrai
2812 401 193 62 chagrin

452 484 55 45 de
535 499 52 30 ce
616 499 90 46 que
735 480 139 47 Bizet
901 481 90 46 soit
1031 492 125 35 mort
1183 481 62 62 (p.
1282 478 94 65 13).
1473 477 132 48 C'est
1632 495 66 29 un
1726 477 94 46 vrai
1851 475 148 45 talent
2026 472 199 60 français
2252 472 54 47 de
2342 472 438 65 l'opéra-comique,
2811 489 95 30 non
2935 489 76 44 pas

450 553 240 47 désorienté
709 569 80 44 par
815 552 234 62 Wagner,
1078 553 117 46 mais
1224 552 106 46 bien
1358 567 65 30 un
1453 548 128 49 élève
1611 548 233 47 d'Hector
1873 545 190 48 Berlioz
2143 543 61 61 (p.
2240 543 94 62 13).

595 623 62 49 Et
733 623 209 47 Carmen
1025 623 264 62 représente
1307 638 117 46 pour
1440 621 64 47 lui
1536 621 40 47 la
1594 619 265 49 réalisation
1882 618 57 46 de
1961 633 52 30 ce
2033 632 91 46 que
2146 614 155 47 devait
2329 614 98 47 être
2447 614 42 49 le
2512 617 159 46 drame
2704 613 213 61 musical,
2945 613 64 46 tel

452 697 113 65 qu'il
603 697 158 46 l'avait
788 713 154 44 conçu
970 694 79 49 dès
1087 696 42 47 le
1157 696 145 47 début
1329 696 57 45 de
1421 711 47 29 sa
1509 694 71 46 vie
1616 693 25 47 à
1677 705 172 34 travers
1887 689 65 47 les
1990 688 164 47 études
2195 685 396 65 philosophiques,
2630 687 63 47 tel
2732 685 115 64 qu'il
2887 687 123 45 avait

452 768 158 62 espéré
654 768 43 46 le
739 768 99 46 voir
875 769 151 61 surgir
1064 767 58 47 de
1161 767 43 47 la
1242 765 161 64 plume
1443 767 54 45 de
1538 765 230 64 Wagner.
1810 762 71 48 La
1913 760 94 65 joie
2049 758 175 48 d'avoir
2263 755 127 49 enfin
2431 758 165 47 trouvé
2630 758 31 47 1'
2742 757 164 62 Opéra
2934 758 77 46 des

454 840 186 63 Opéras
720 839 61 62 (p.
819 839 78 62 14)
925 856 59 29 ne
1010 838 189 47 s'éteint
1227 854 77 46 pas
1332 856 9 29 :
1376 854 59 30 en
1471 834 147 62 1880,
1647 835 31 47 il
1704 833 178 48 entend
1958 848 119 46 pour
2098 830 45 46 la
2163 828 258 63 vingtième
2442 829 85 47 fois
2553 828 195 47 l'œuvre
2775 829 238 46 maîtresse

454 915 55 45 de
549 913 139 46 Bizet
782 923 47 33 et
875 910 188 47 disserte
1106 928 112 28 avec
1257 909 286 61 profondeur
1584 919 48 34 et
1669 905 349 48 enthousiasme
2058 919 76 29 sur
2173 912 125 35 cette
2338 900 212 62 musique
2644 901 123 59 bôse,
2799 899 211 60 raffinirt,

454 983 271 49 fatalistisch
808 981 62 63 (p.
906 981 96 63 15),
1030 994 47 33 et
1104 981 103 63 plus
1232 981 97 46 loin
1359 998 9 29 :
1464 979 106 48 Elle
1597 992 66 34 est
1691 979 144 60 riche,
1863 976 87 47 elle
1978 986 68 36 est
2073 971 176 65 précise
2346 971 57 64 Je
2432 988 57 29 ne
2526 971 112 47 dirai
2667 988 78 44 pas
2770 988 90 45 que
2887 981 126 36 cette

454 1059 142 61 petite
634 1055 231 47 brochure
907 1070 119 31 nous
1064 1053 205 47 révélera
1306 1053 43 47 la
1390 1053 124 45 vraie
1553 1051 230 46 direction
1824 1050 56 46 de
1919 1049 42 45 la
1999 1045 169 65 pensée
2197 1042 386 49 Nietzschéenne
2607 1064 13 37 ;
2665 1044 115 44 mais
2812 1041 47 64 je
2896 1042 119 46 crois

452 1126 268 64 cependant
741 1124 172 64 qu'elle
942 1141 120 30 nous
1099 1141 29 47 y
1167 1125 170 58 aidera,
1377 1141 60 28 en
1466 1139 118 29 nous
1611 1121 289 47 découvrant
1925 1136 112 30 avec
2066 1116 182 48 netteté
2275 1133 66 29 un
2369 1113 106 47 côté
2501 1131 127 29 assez
2654 1130 91 44 peu
2771 1129 162 30 connu
2959 1112 55 47 de

455 1219 52 29 ce
546 1199 139 63 génie
727 1199 262 61 fantasque,
1035 1196 116 47 dont
1195 1213 117 30 nous
1357 1213 59 29 11e
1453 1196 234 46 saisissons
1725 1210 77 46 pas
1840 1192 211 64 toujours
2091 1188 276 47 facilement
2407 1200 46 33 et
2491 1202 114 31 avec
2644 1185 270 47 exactitude
2953 1182 63 48 les

454 1271 256 48 hardiesses
735 1281 46 36 et
808 1268 65 49 les
901 1270 304 61 brusqueries.

600 1416 552 52 BUSCHKOTTER
1195 1414 291 65 (Wilhelm).
1636 1412 126 69 Jean
1791 1412 207 66 François
2026 1411 63 47 Le
2116 1409 154 49 Sueur.
2300 1408 316 48 Dissertation
2646 1404 177 65 (Halle,
2868 1418 147 49 1912,

457 1492 129 48 in-8°
614 1493 57 46 de
697 1491 65 47 62
794 1491 110 62 pp.).

600 1588 138 46 Nous
765 1587 195 46 n'avons
987 1586 140 62 guère
1157 1586 56 44 ici
1236 1601 89 46 que
1351 1583 44 47 la
1415 1582 164 47 moitié
1600 1583 55 46 de
1677 1594 123 35 cette
1829 1581 303 47 intéressante
2154 1578 155 49 étude.
2333 1577 106 48 Elle
2466 1577 73 47 fut
2566 1573 186 65 publiée
2780 1591 59 29 en
2868 1573 150 46 entier

457 1663 115 46 dans
598 1661 102 47 l'un
728 1660 79 47 des
835 1657 233 48 Bulletins
1095 1656 289 48 trimestriels
1411 1656 56 45 de
1494 1654 43 47 la
1565 1653 181 50 Société
1774 1652 372 48 Internationale
2174 1652 56 46 de
2258 1649 229 63 Musique
2515 1647 192 65 (1912).

602 1731 208 48 Comme
855 1741 133 34 toute
1034 1729 156 45 bonne
1237 1727 310 60 dissertation,
1593 1724 185 49 celle-ci
1825 1723 200 62 procède
2069 1740 116 29 avec
2225 1740 93 29 une
2366 1719 338 64 bibliographie
2748 1718 138 46 sinon
2927 1714 93 47 très

461 1804 300 59 nombreuse,
798 1802 63 46 du
903 1802 155 44 moins
1086 1799 400 64 judicieusement
1527 1797 184 61 établie,
1750 1808 46 34 et
1834 1813 95 28 une
1970 1793 215 63 quantité
2224 1794 56 45 de
2318 1790 264 49 références
2609 1790 77 63 qui
2727 1788 211 47 révèlent
2977 1787 43 45 la

460 1875 202 47 minutie
688 1872 301 63 scrupuleuse
1017 1872 64 45 du
1108 1870 235 47 candidat.

603 1945 69 49 Le
700 1945 150 47 Sueur
876 1942 8 49 !
927 1942 220 48 N'est-ce
1175 1959 76 45 pas
1278 1959 65 30 un
1373 1958 114 29 nom
1514 1939 102 65 déjà
1642 1939 163 47 tombé
1831 1939 115 46 dans
1983 1936 163 47 l'oubli
2173 1935 14 47 ?
2229 1935 65 48 Et
2332 1934 267 62 cependant
2629 1931 114 49 c'est
2781 1931 26 47 à
2846 1944 174 33 travers

459 2018 218 62 l'époque
705 2014 367 48 mouvementée
1100 2014 57 46 de
1183 2013 44 45 la
1254 2011 308 60 Révolution,
1594 2010 43 47 la
1673 2009 319 63 République,
2028 2006 231 63 l'Empire
2286 2018 90 35 etc.
2404 2004 254 63 Qu'évolue
2685 2020 55 29 ce
2766 2015 169 33 maître
2963 2001 57 46 de

459 2089 210 63 chapelle
699 2088 367 47 consciencieux
1092 2098 47 33 et
1166 2084 326 61 réformateur,
1517 2081 180 48 réservé
1724 2082 116 46 mais
1865 2080 99 61 fier,
1985 2081 81 62 qui
2088 2079 201 47 n'hésite
2315 2094 78 46 pas
2412 2077 25 46 à
2458 2077 152 46 suivre
2637 2075 40 47 le
2707 2086 313 35 mouvement

460 2160 315 63 Républicain
804 2170 47 34 et
889 2157 26 47 à
953 2157 273 47 contribuer
1252 2155 26 47 à
1303 2155 42 47 la
1372 2155 245 47 fondation
1647 2154 63 45 du
1736 2152 357 59 conservatoire,
2124 2151 101 61 puis
2251 2150 25 46 à
2301 2150 192 46 devenir
2585 2146 382 63 Kappelmeister

459 2235 55 46 de
555 2231 316 62 l'Empereur,
912 2241 47 35 et
996 2230 181 46 ensuite
1221 2227 62 46 du
1321 2227 85 60 roi,
1443 2226 194 63 n'ayant
1678 2223 236 49 d'ailleurs
1951 2222 150 64 qu'un
2143 2221 203 65 objectif
2364 2237 9 31 :
2418 2217 191 65 profiter
2651 2218 56 47 de
2747 2235 70 29 ses
2855 2218 168 46 hautes

457 2305 240 47 fonctions
724 2319 117 44 pour
869 2301 181 46 donner
1090 2300 114 45 libre
1232 2315 136 29 cours
1405 2297 25 47 à
1467 2314 84 30 son
1579 2295 190 48 activité
1796 2307 46 35 et
1868 2292 257 62 accomplir
2160 2292 64 47 les
2251 2291 226 47 réformes
2502 2289 113 63 qu'il
2643 2289 182 64 croyait
2853 2288 55 46 de
2935 2305 85 29 son

459 2377 160 47 devoir
647 2376 54 46 de
729 2373 200 47 réaliser.
951 2371 78 48 En
1058 2370 175 60 réalité,
1263 2370 71 46 Le
1360 2370 149 46 Sueur
1536 2370 72 45 fut
1633 2380 186 35 surtout
1844 2385 66 28 un
1937 2366 382 47 administrateur
2342 2385 11 37 ;
2390 2375 46 34 et
2463 2361 114 48 c'est
2604 2378 118 45 pour
2750 2359 100 47 cela
2875 2358 146 64 qu'on

457 2447 193 47 l'oublie
678 2469 10 35 ;
719 2461 190 30 comme
937 2443 249 60 musicien,
1210 2441 30 45 il
1269 2458 60 28 ne
1348 2441 108 47 s'est
1481 2439 141 64 guère
1650 2437 129 48 élevé
1806 2437 241 47 au-dessus
2073 2436 56 45 de
2152 2452 52 29 ce
2230 2452 90 46 que
2347 2434 160 46 furent
2533 2432 25 48 à
2585 2450 91 44 peu
2704 2430 104 64 près
2832 2443 108 34 tous
2961 2430 64 47 les

460 2519 251 47 musiciens
738 2516 376 47 exclusivement
1141 2514 196 59 français
1364 2512 56 47 de
1447 2530 83 29 son
1560 2510 179 63 époque
1768 2527 10 30 :
1814 2510 56 46 de
1898 2508 90 47 très
2014 2508 232 46 honnêtes
2272 2523 127 46 gens,
2430 2505 116 46 dont
2573 2504 43 46 la
2642 2504 218 61 musique
2888 2516 135 34 terne

459 2603 45 34 et
545 2587 269 63 compassée
861 2604 59 28 ne
959 2587 170 45 saurait
1186 2585 225 46 survivre.
1453 2583 213 61 Partout,
1725 2599 58 30 en
1835 2578 130 61 effet,
2025 2578 68 47 Le
2150 2578 149 47 Sueur
2360 2575 131 47 laisse
2549 2574 43 47 le
2646 2575 221 46 souvenir
2906 2573 115 48 d'un

460 2664 195 46 homme
682 2657 346 63 irréprochable
1056 2668 45 36 et
1129 2655 114 47 d'un
1327 2654 169 51 Grand
1524 2653 149 48 talent
1771 2664 45 34 et
1843 2651 113 47 c'est
1983 2668 52 29 ce
2063 2650 78 62 qui
2171 2649 63 47 lui
2263 2648 127 47 valut
2412 2645 362 64 probablement
2800 2645 42 47 la
2863 2645 162 47 faveur

461 2735 55 46 de
544 2745 108 35 tous
677 2731 65 46 les
768 2740 402 54 gouvernements
1193 2751 12 35 ;
1236 2744 118 29 nous
1382 2726 190 61 devons,
1602 2725 55 46 de
1685 2737 136 34 notre
1849 2721 122 61 côté,
2000 2721 65 46 lui
2092 2720 167 47 rendre
2286 2731 125 35 cette
2432 2719 172 63 justice
2623 2734 10 30 :
2665 2716 115 48 c'est
2806 2715 116 63 qu'il
2949 2728 76 36 sut

461 2805 215 64 préparer
704 2803 42 47 le
774 2803 308 47 romantisme
1108 2811 45 36 et
1181 2818 90 44 que
1299 2797 190 49 Berlioz
1514 2810 67 34 est
1607 2797 110 46 sorti
1745 2796 57 46 de
1829 2813 69 29 ses
1924 2795 165 58 mains,
2120 2794 62 61 (p.
2219 2792 77 61 14)
2322 2808 10 30 :
2373 2789 166 48 l'élève
2576 2789 171 61 éclipsa
2787 2789 43 47 le
2859 2789 168 47 maître

461 2893 189 30 comme
690 2872 30 47 il
760 2874 147 47 arrive
948 2872 184 61 parfois,
1172 2871 132 60 mais,
1332 2886 186 31 somme
1556 2879 148 48 toute,
1738 2884 55 29 ne
1834 2862 413 50 demeurèrent-ils
2285 2878 77 45 pas
2397 2862 186 46 chacun
2623 2860 115 47 dans
2773 2860 100 47 leur
2911 2860 114 61 rôle,

460 2947 193 49 celui-ci
682 2961 189 31 comme
898 2944 366 57 fonctionnaire,
1293 2940 194 48 celui-là
1513 2956 190 31 comme
1730 2950 110 52 type
1868 2937 56 46 de
1951 2936 230 46 l'homme
2209 2933 115 47 libre
2351 2932 14 47 ?
2404 2932 78 48 M.
2512 2932 87 47 W.
2630 2930 56 48 B.
2718 2949 60 29 ne
2804 2930 223 66 s'engage

461 3036 78 46 pas
565 3016 235 48 d'ailleurs
826 3016 114 46 dans
967 3015 55 45 de
1049 3013 132 47 telles
1208 3011 371 48 considérations
1603 3029 10 29 :
1655 3010 29 47 il
1722 3011 94 44 suit
1843 3006 505 65 imperturbablement
2375 3003 42 47 la
2444 3005 102 45 voie
2574 3002 116 62 qu'il
2717 3002 109 48 s'est
2851 3003 174 62 tracée,

461 3104 47 35 et
535 3088 156 50 tantôt
719 3105 79 46 par
824 3087 66 47 les
916 3104 199 43 œuvres,
1144 3083 157 49 tantôt
1327 3102 80 45 par
1434 3085 44 47 la
1504 3082 405 61 correspondance
1937 3096 118 30 nous
2082 3077 214 47 entraîne
2322 3092 114 31 avec
2464 3076 65 47 lui
2558 3076 56 45 de
2637 3074 129 65 jalon
2795 3092 59 29 en
2878 3074 149 65 jalon,

460 3180 113 30 avec
601 3178 66 30 un
695 3159 190 64 rythme
913 3168 47 36 et
986 3175 94 29 une
1108 3154 229 65 précision
1365 3157 78 61 qui
1484 3171 119 30 nous
1640 3153 186 47 attache
1865 3149 389 65 singulièrement
2280 3165 61 30 au
2367 3147 141 47 vieux
2548 3145 167 47 maître
2743 3145 117 64 qu'il
2896 3158 132 36 tente

464 3236 56 47 de
548 3245 172 36 mettre
746 3248 58 30 en
833 3228 146 48 relief.

607 3360 377 71 SERVIÈRES
1015 3378 96 65 (J.).
2068 3375 274 49 Freischutz.
1542 3374 352 64 (Fischbacher,
1929 3386 148 49 1913,
2106 3370 166 47 in-12°
2299 3369 56 47 de
2389 3366 91 65 187
2512 3386 76 44 pp.
2619 3368 80 48 Fr.
2731 3368 81 63 2.).

608 3493 138 46 Nous
771 3507 60 30 ne
869 3505 166 32 savons
1072 3504 79 45 pas
1188 3497 302 36 exactement
1517 3501 53 29 ce
1598 3483 79 63 qui
1703 3500 47 29 se
1777 3499 127 45 passe
1932 3481 57 45 de
2016 3496 85 30 nos
2125 3479 128 65 jours
2296 3496 60 29 au
2383 3495 136 30 cours
2564 3477 79 47 des
2680 3477 278 62 répétitions
2983 3492 47 34 et

465 3567 80 46 des
570 3561 421 65 avant-premières
1012 3559 79 47 des
1118 3559 244 61 partitions
1387 3556 66 48 les
1480 3554 101 64 plus
1608 3554 249 47 modernes
1876 3575 13 37 ;
1917 3565 106 35 tout
2049 3570 59 29 au
2134 3551 103 63 plus
2257 3549 226 64 quelques
2510 3549 179 63 paroles
2708 3551 57 45 de
2792 3552 238 47 mauvaise

465 3640 204 45 humeur
696 3634 55 47 de
780 3634 43 46 la
849 3643 101 52 part
977 3632 79 46 des
1081 3642 203 47 auteurs,
1325 3626 387 49 trahissent-elles
1738 3624 146 64 qu'on
1924 3623 78 47 n'a
2040 3640 79 44 pas
2155 3622 149 62 perdu
2338 3620 262 47 l'habitude
2628 3620 57 47 de
2720 3620 153 49 tailler
2898 3633 49 36 et
2974 3623 56 47 de

464 3726 171 47 rogner
669 3707 44 47 la
748 3704 193 50 matière
982 3702 225 48 musicale
1243 3699 96 50 afin
1378 3700 56 47 de
1472 3698 226 63 l'adapter
1735 3716 93 29 aux
1866 3698 251 62 exigences
2160 3695 56 46 de
2254 3711 69 31 ses
2361 3694 309 65 tyranniques
2709 3695 278 47 accessoires
3016 3712 11 32 :
