3124 4447
437 258 108 92 46

1532 266 66 71 S.
1669 266 59 72 I.
1799 266 110 71 M.

435 409 240 66 collègues
701 412 57 48 de
786 412 44 48 la
868 431 84 30 rue
993 415 63 47 du
1084 414 209 63 Louvre,
1323 416 339 49 d'excellentes
1689 435 193 30 excuses
1907 433 10 32 :
1948 416 101 47 leur
2076 417 162 51 travail
2265 418 178 63 s'opère
2472 424 113 47 dans
2624 425 79 47 des
2740 425 271 48 conditions

437 495 57 47 de
520 496 109 47 hâte
668 509 48 35 et
743 497 57 48 de
837 515 283 48 surmenage
1159 501 79 63 qui
1280 500 42 48 le
1362 502 204 46 rendent
1605 502 395 64 singulièrement
2040 499 211 50 fiévreux
2279 515 47 35 et
2364 506 246 50 incertain.
2650 508 62 49 Ils
2737 510 141 47 n'ont
2917 527 93 45 que

435 580 228 64 quelques
691 583 210 47 minutes
940 602 119 44 pour
1086 584 229 49 effectuer
1342 600 76 34 cet
1456 586 197 49 énorme
1681 587 281 48 classement
2001 599 47 35 et
2077 586 138 47 n'ont
2241 605 79 44 pas
2347 588 42 48 le
2427 591 124 48 loisir
2580 595 54 45 de
2661 611 46 30 se
2735 595 138 47 livrer
2900 595 26 47 à
2953 595 57 47 de

437 666 109 47 bien
574 665 199 66 longues
811 668 249 49 réflexions
1086 688 78 30 sur
1204 671 63 48 les
1307 689 137 30 noms
1470 673 78 62 qui
1588 672 103 48 leur
1729 685 185 51 passent
1952 689 108 31 sous
2100 672 65 47 les
2201 690 125 47 yeux
2354 696 14 38 ;
2408 675 64 48 les
2509 695 97 30 sacs
2643 678 364 63 s'accumulent,

434 748 183 50 l'heure
656 770 167 44 presse,
867 752 30 48 il
938 753 99 48 faut
1077 755 250 49 distribuer
1366 758 298 62 rapidement
1702 758 41 47 le
1784 759 208 47 courrier
2032 759 64 45 du
2129 758 109 64 jour
2277 776 118 44 pour
2434 760 111 48 faire
2587 762 128 61 place
2742 764 26 47 à
2794 764 123 48 celui
2945 766 65 46 du

434 833 272 49 lendemain
726 858 12 38 ;
769 837 30 46 il
827 851 67 34 est
922 839 268 62 impossible
1216 840 26 47 à
1268 842 80 47 des
1374 843 218 46 hommes
1619 842 194 65 chargés
1840 842 116 48 d'un
1983 844 180 45 service
2189 844 118 45 aussi
2335 844 200 64 fatigant
2561 858 47 35 et
2634 849 117 46 aussi
2781 848 230 48 énervant

435 919 57 46 de
520 937 59 29 ne
608 938 79 43 pas
713 936 289 35 commettre
1030 924 233 49 d'erreurs
1289 939 46 34 et
1365 927 55 46 de
1460 927 151 47 n'être
1633 929 168 63 jamais
1827 929 218 46 victimes
2073 928 56 46 de
2158 928 297 47 distractions
2482 947 62 29 ou
2571 931 55 45 de
2654 932 246 48 faiblesses.
2930 933 80 47 De

433 1002 44 47 là
504 1021 76 29 ces
605 1006 238 62 surprises,
872 1009 237 62 tragiques
1136 1027 117 44 pour
1280 1011 65 46 les
1372 1029 105 43 uns,
1506 1013 244 61 comiques
1789 1030 118 44 pour
1935 1012 65 47 les
2025 1024 173 50 autres,
2227 1013 98 62 qui,
2367 1014 185 61 chaque
2578 1014 168 61 année,
2773 1016 238 47 affirment

433 1088 420 50 victorieusement
880 1091 276 49 l'existence
1184 1094 143 47 d'une
1357 1096 215 64 injustice
1601 1098 311 46 immanente.

579 1172 93 49 Les
698 1177 282 62 statistiques
1006 1191 107 34 sont
1140 1178 282 50 terrifiantes
1449 1198 11 30 :
1505 1192 61 48 25
1597 1195 312 34 concurrents
1936 1181 205 63 d'opéra,
2173 1197 59 49 31
2266 1183 203 46 femmes
2507 1183 235 61 pianistes,
2772 1197 61 50 37
2865 1185 119 45 chan-

435 1269 168 50 teuses,
635 1258 64 64 38
731 1260 286 63 violonistes,
1059 1275 62 49 45
1154 1279 314 33 concurrents
1507 1265 490 65 d'opéra-comique...
2028 1268 114 46 c'est
2180 1267 26 47 à
2245 1285 114 29 vous
2387 1267 289 64 décourager
2716 1267 268 48 immédiate-

433 1354 136 35 ment
597 1344 55 45 de
682 1345 113 47 faire
825 1347 64 45 du
917 1348 160 46 travail
1106 1349 163 62 soigné
1296 1372 12 36 ;
1349 1350 136 61 alors,
1515 1368 62 29 on
1606 1363 229 36 retrousse
1874 1369 69 30 ses
1981 1354 245 60 manches,
2254 1371 63 29 on
2345 1354 169 46 crache
2553 1353 114 46 dans
2693 1369 68 31 ses
2789 1354 151 46 mains
2967 1364 46 35 et

433 1445 59 29 en
522 1440 143 34 avant
692 1428 42 47 le
762 1432 147 61 grand
939 1449 122 45 coup
1091 1433 55 45 de
1176 1434 133 48 balai.

579 1514 138 47 Nous
753 1515 451 63 n'entreprendrons
1244 1536 78 44 pas
1361 1519 43 47 la
1442 1519 137 47 tâche
1608 1520 257 47 décevante
1905 1522 57 46 de
2002 1521 195 62 relever,
2226 1540 95 29 une
2349 1523 26 46 à
2402 1541 111 42 une,
2556 1523 64 48 les
2701 1522 262 61 malfaçons

435 1597 64 47 du
521 1599 125 64 jury.
689 1599 38 47 Il
757 1601 201 46 faudrait
999 1602 244 61 imprimer
1282 1604 76 60 ici,
1400 1616 107 35 tous
1546 1605 63 46 les
1647 1623 98 42 ans,
1775 1605 41 46 le
1856 1606 158 47 même
2053 1607 164 47 article
2255 1621 47 32 et
2341 1608 231 62 posséder,
2613 1626 119 44 pour
2759 1608 42 46 le
2840 1609 173 62 signer,

435 1681 264 64 l'heroïque
741 1685 263 63 ingénuité,
1044 1685 370 64 l'inguérissable
1457 1688 185 47 ferveur
1685 1689 113 46 dans
1837 1689 242 63 l'illusion,
2107 1703 47 34 et
2196 1691 281 47 l'inlassable
2517 1692 336 62 persévérance
2898 1694 117 45 dans

435 1764 176 49 l'effort
639 1768 168 47 inutile
847 1771 78 61 qui
955 1782 84 34 ont
1067 1770 140 46 établi
1250 1771 35 46 si
1324 1771 286 48 solidement
1651 1773 44 46 la
1733 1773 269 63 réputation
2030 1775 57 46 de
2128 1774 115 48 Don
2274 1776 287 54 Quichotte.
2604 1778 138 46 Nous
2770 1790 216 33 retrouve-

437 1867 110 31 rons
586 1851 95 47 l'an
729 1855 227 59 prochain
1002 1855 65 47 les
1106 1856 259 46 anomalies
1406 1858 80 61 qui
1529 1875 119 29 nous
1689 1870 86 34 ont
1818 1858 277 48 scandalisés
2138 1858 96 48 l'an
2280 1861 186 46 dernier
2495 1884 12 37 ;
2554 1879 121 30 nous
2718 1879 209 45 verrons,
2957 1862 56 45 de

437 1952 238 46 nouveau,
723 1936 41 47 le
811 1939 142 46 choix
1004 1941 196 45 absurde
1248 1942 79 46 des
1371 1959 257 29 morceaux
1674 1943 172 47 fausser
1891 1942 65 48 les
2001 1943 239 62 épreuves,
2293 1944 353 64 l'agencement
2693 1946 321 62 puérilement

434 2020 228 47 vaniteux
701 2020 145 49 d'une
885 2041 116 46 page
1032 2025 55 45 de
1128 2023 179 48 lecture
1335 2025 26 47 à
1387 2043 89 30 vue
1507 2026 319 64 désorganiser
1853 2046 66 28 un
1950 2028 279 47 classement
2256 2030 244 62 artistique
2539 2042 47 34 et
2624 2048 120 29 nous
2783 2047 232 45 pourrons

435 2122 173 30 encore
637 2107 205 47 discuter
867 2107 26 47 à
933 2121 130 49 perte
1092 2109 56 47 de
1176 2128 90 28 vue
1293 2128 78 29 sur
1398 2110 43 47 le
1481 2129 76 30 cas
1581 2126 285 48 surprenant
1893 2113 57 46 de
1979 2130 75 29 ces
2093 2112 151 48 élèves
2271 2114 149 62 qu'un
2460 2116 203 60 premier
2690 2116 104 61 prix
2822 2114 193 62 d'opéra

434 2206 64 30 ou
537 2189 439 66 d'opéra-comique
1016 2194 178 63 signale
1220 2194 26 47 à
1274 2195 272 48 l'attention
1575 2197 55 46 de
1673 2214 82 30 nos
1794 2197 170 63 grands
1991 2198 257 46 directeurs
2274 2216 190 29 comme
2492 2199 79 47 des
2609 2201 180 45 artistes
2815 2198 199 65 n'ayant

434 2272 105 63 plus
577 2276 100 45 rien
705 2275 25 48 à
768 2278 263 60 apprendre
1068 2278 120 48 alors
1227 2298 93 44 que
1359 2279 358 63 l'avant-veille,
1759 2281 334 49 l'insuffisance
2133 2283 56 46 de
2229 2283 101 47 leur
2370 2285 259 62 technique
2669 2284 163 47 vocale
2872 2303 26 28 a
2938 2283 75 48 été

433 2359 357 49 officiellement
829 2363 243 47 constatée
1101 2382 81 44 par
1221 2383 66 28 un
1329 2383 235 30 concours
1606 2367 55 46 de
1705 2368 144 45 chant
1877 2368 62 46 où
1968 2367 52 47 ils
2062 2381 85 33 ont
2185 2368 327 61 péniblement
2552 2369 158 46 cueilli
2738 2387 66 29 un
2833 2370 180 62 maigre

432 2446 210 47 accessit.
674 2445 70 48 Le
773 2446 366 49 Conservatoire
1169 2463 84 48 est,
1283 2468 59 29 en
1383 2450 129 62 effet,
1541 2470 94 28 une
1666 2451 199 48 Faculté
1891 2453 63 47 où
1982 2452 97 47 l'on
2121 2452 232 48 décroche
2380 2453 276 47 facilement
2682 2471 86 29 son
2796 2455 217 47 doctorat

433 2547 63 29 ou
523 2547 48 29 sa
597 2530 182 48 licence
807 2531 42 47 le
872 2533 108 64 jour
1007 2534 159 46 même
1194 2535 61 47 où
1282 2534 96 48 l'on
1409 2537 131 46 vient
1568 2535 255 49 d'échouer
1849 2536 24 47 à
1900 2554 84 30 son
2014 2537 338 48 baccalauréat.

579 2616 294 48 N'insistons
900 2618 123 47 donc
1051 2637 78 44 pas
1155 2637 78 29 sur
1261 2638 75 29 ces
1364 2620 265 64 étrangetés
1656 2623 80 61 qui
1764 2636 110 33 sont
1900 2622 56 46 de
1986 2622 223 47 tradition
2239 2622 113 47 dans
2378 2622 44 46 la
2450 2624 182 46 maison
2655 2634 47 35 et
2723 2636 291 35 contentons

435 2718 120 29 nous
596 2702 56 45 de
697 2702 152 46 saluer
889 2702 322 49 l'avènement
1250 2704 115 47 d'un
1411 2705 265 65 règlement
1716 2725 219 29 nouveau
1974 2706 165 62 appelé
2180 2707 25 46 à
2249 2708 181 45 donner
2469 2707 66 47 les
2573 2708 104 62 plus
2721 2709 294 61 déplorables

435 2784 217 48 résultats
679 2799 47 34 et
752 2787 25 47 à
804 2787 216 47 ébranler
1046 2788 341 49 sérieusement
1413 2791 43 46 le
1484 2791 149 47 crédit
1660 2792 242 61 artistique
1931 2792 54 46 de
2013 2805 136 33 notre
2177 2794 362 61 enseignement
2567 2794 227 48 national.

580 2871 260 48 Obéissant
866 2873 26 46 à
919 2886 126 34 cette
1073 2874 101 47 idée
1204 2875 108 46 bien
1333 2876 372 47 administrative
1728 2876 181 64 qu'une
1929 2876 203 47 réforme
2154 2876 115 47 utile
2297 2895 93 28 aux
2418 2877 164 47 classes
2609 2879 56 46 de
2693 2878 321 49 déclamation

437 2972 60 29 ne
525 2956 100 46 doit
651 2973 78 44 pas
757 2956 134 47 l'être
931 2960 155 45 moins
1111 2976 93 29 aux
1227 2959 164 47 classes
1418 2961 56 45 de
1497 2962 231 61 musique,
1758 2979 65 28 un
1852 2962 231 60 ministre,
2111 2963 93 44 ami
2234 2963 56 45 de
2317 2961 43 46 la
2380 2962 241 64 symétrie,
2645 2966 269 58 proscrirait
2936 2966 79 47 des

437 3038 163 48 études
628 3041 57 45 de
724 3042 146 46 chant
897 3041 43 47 la
966 3044 218 61 musique
1213 3045 228 46 moderne
1481 3062 118 44 pour
1637 3045 261 62 compléter
1926 3045 375 62 équitablement
2340 3046 42 46 le
2429 3046 160 47 décret
2628 3050 79 59 qui
2747 3048 156 48 écarte
2950 3050 65 47 du

436 3142 233 30 concours
696 3126 57 47 de
793 3126 206 64 tragédie
1026 3127 43 46 la
1096 3128 264 47 littérature
1401 3129 352 47 boulevardière
1793 3132 404 60 contemporaine.
2229 3132 135 46 Vous
2403 3132 203 47 devinez
2632 3133 265 48 l'antienne
2937 3152 78 30 sur

437 3208 65 48 les
541 3212 251 61 exigences
819 3212 56 45 de
914 3210 44 48 la
984 3212 232 61 scolarité,
1256 3231 115 29 vous
1397 3216 277 46 connaissez
1711 3215 65 46 les
1802 3227 275 51 arguments
2115 3232 57 29 en
2213 3215 161 47 faveur
2402 3217 64 45 du
2493 3218 146 46 chant
2678 3218 243 64 classique.
2952 3220 64 48 Ils

435 3306 108 35 sont
570 3295 57 47 de
653 3313 114 44 pure
806 3296 165 48 forme.
1002 3295 77 49 En
1120 3296 162 48 réalité
1309 3298 30 46 il
1367 3297 122 49 n'est
1527 3317 79 44 pas
1632 3311 137 35 exact
1796 3299 151 63 qu'un
1987 3300 149 62 gosier
2163 3317 174 44 rompu
2375 3318 93 29 aux
2495 3303 239 62 pratiques
2760 3304 257 62 gluckistes

435 3380 90 46 soit
550 3379 132 48 armé
709 3380 433 47 convenablement
1181 3400 118 43 pour
1326 3382 226 47 affronter
1580 3395 155 35 toutes
1773 3383 65 48 les
1865 3383 249 48 difficultés
2142 3384 146 47 d'une
2316 3386 198 47 carrière
2550 3386 200 65 lyrique.
2781 3389 44 48 Si
2853 3389 44 48 la
2923 3390 100 48 clef

437 3464 63 46 du
527 3463 108 63 père
665 3464 211 47 Haendel
918 3464 113 48 était
1058 3484 66 28 un
1164 3480 346 48 passe-partout
1548 3480 203 36 ouvrant
1777 3480 156 35 toutes
1971 3468 64 48 les
2060 3486 203 30 serrures
2302 3471 250 47 musicales
2579 3473 55 46 de
2674 3472 247 65 l'histoire,
2952 3493 62 30 on

435 3551 210 59 pourrait
671 3551 235 46 admettre
933 3568 54 29 ce
1013 3564 283 50 surprenant
1322 3553 157 47 ukase.
1512 3551 130 49 Mais
1670 3570 118 30 nous
1813 3570 207 30 sommes
2046 3553 99 47 loin
2173 3554 57 47 de
2256 3568 209 49 compte,
2495 3568 189 37 surtout
2710 3561 35 46 si
2774 3559 100 48 l'on
2904 3573 113 35 veut

437 3634 108 46 bien
585 3651 275 47 remarquer
887 3634 43 47 la
956 3635 208 48 candeur
1192 3636 63 47 du
1294 3636 314 49 réformateur
1635 3655 119 44 pour
1794 3639 78 62 qui
1902 3638 43 46 le
1971 3638 279 48 classicisme
2279 3639 115 47 d'un
2435 3643 323 61 compositeur
2796 3644 222 50 s'affirme

436 3736 81 45 par
544 3718 42 47 la
612 3719 126 48 seule
766 3721 285 60 production
1081 3721 55 47 de
1163 3739 84 31 son
1274 3734 105 36 acte
1407 3724 56 46 de
1499 3722 151 50 décès.
