4196 5753
578 5459 82 50 40

575 451 320 59 BOUCHE
975 451 139 59 Non
1151 452 64 72 je
1258 468 78 39 ne
1378 466 161 41 veux
1579 449 133 56 rien
1757 447 151 58 dire.
1966 447 113 58 J'ai
2120 447 118 56 mis
2282 446 222 74 depuis
2546 446 353 72 longtemps
2943 442 154 56 dans
3139 444 63 56 la
3241 442 167 56 boile
3451 442 33 54 ä
3522 441 323 72 chapeaux

977 559 67 39 ce
1088 559 121 56 que
1242 539 222 74 j'avais
1507 540 35 56 ä
1585 539 137 56 dire

579 634 161 57 COU
985 632 163 57 Tout
1187 632 59 56 le
1287 629 233 59 monde
1561 634 59 52 te
1662 629 268 72 connait,
1974 629 383 57 installation
2401 627 78 57 de
2519 625 293 58 bonheur
2853 625 289 73 conjugal

574 727 154 56 NEZ
977 723 162 58 Tout
1180 725 57 54 le
1280 720 233 59 monde
1556 727 57 51 te
1654 720 269 73 connait,
1966 722 159 72 tapis
2169 720 108 56 des
2319 718 170 60 idees
2531 717 291 74 perdues,
2866 713 464 59 cristallisation

577 816 156 56 COU
983 813 160 58 Tout
1183 815 59 54 le
1283 811 234 58 monde
1559 816 58 53 te
1659 810 269 71 connait,
1971 811 274 56 formule
2275 810 77 57 de
2389 810 300 71 chanson,
2731 805 444 74 marche-pied
3205 805 330 72 d'algebre,
3579 822 266 38 numero

980 905 393 69 d'insomnie,
1415 903 374 73 mecanique
1830 905 36 54 ä
1908 901 186 75 triple
2135 920 162 56 peau

575 996 320 58 BOUCHE
977 996 161 56 Tout
1197 998 59 54 le
1317 993 234 59 monde
1618 1011 78 39 ne
1756 1011 103 39 me
1922 994 250 56 connait
2230 1011 132 56 pas.
2441 994 70 56 Je
2553 993 127 55 suis
2724 991 173 57 seule
2939 989 156 58 dans
3137 1006 185 39 mons
3366 989 274 56 armoire
3683 993 59 50 et
3786 989 59 54 la

975 1089 171 71 glace
1207 1091 90 54 est
1358 1086 144 59 vide
1554 1087 256 72 lorsque
1844 1087 64 73 je
1949 1103 103 39 me
2091 1084 276 73 regarde.
2448 1084 219 58 J'aime
2704 1082 169 56 aussi
2914 1082 90 56 les
3048 1081 257 56 oiseaux
3346 1098 120 39 aux
3508 1079 183 58 bouts
3735 1077 110 56 des

977 1179 320 71 cigai'ettes
1361 1177 322 56 allumees.
1764 1175 119 56 Les
1925 1174 173 57 chats
2138 1179 139 52 tous
2326 1175 92 56 les
2467 1174 298 56 animaux
2817 1177 58 51 et
2914 1175 140 53 tous
3097 1172 89 54 les
3230 1174 315 69 vegetaux.
3627 1169 219 57 J'aime

977 1270 89 54 les
1129 1269 173 55 chats
1363 1269 89 55 les
1515 1267 256 57 oiseaux
1832 1267 90 56 les
1984 1265 298 58 animaux
2343 1270 58 51 et
2458 1267 92 54 les
2602 1269 297 67 vegetaux
2941 1262 112 74 qui
3095 1265 139 53 sont
3276 1262 61 54 la
3378 1260 347 73 protection
3771 1258 75 58 de

978 1360 436 58 Clitemnestre
1458 1358 155 58 dans
1656 1358 59 56 la
1757 1375 170 54 cour,
1972 1358 88 56 les
2104 1357 188 74 draps
2325 1355 84 58 du
2452 1357 86 71 lit,
2582 1357 88 54 les
2712 1372 178 41 vases
2934 1358 58 53 et
3032 1353 90 56 les
3164 1352 285 74 prairies.
3528 1350 219 57 J'aime
3788 1352 58 55 le

870 1480 20 15 -
977 1451 147 56 foin.
1205 1451 219 56 J'aime
1464 1451 60 55 le
1556 1451 193 73 jeune
1789 1448 261 58 liomme
2094 1450 109 74 qui
2243 1467 104 39 me
2389 1448 108 56 fait
2540 1446 77 58 de
2662 1446 50 58 si
2753 1445 251 57 tendres
3034 1443 418 59 declarations
3495 1446 59 53 et
3595 1441 152 58 dont
3786 1443 60 54 la

975 1541 291 73 meninge
1309 1545 91 52 est
1441 1540 287 59 dechiree
1771 1558 79 41 au
1893 1540 181 59 soleil

575 1629 99 75 (D
718 1631 223 59 ANS
985 1633 49 56 E
1056 1631 24 74 )

577 1721 112 74 (du
731 1724 325 56 monsieur
1099 1724 108 75 qui
1248 1724 213 58 tombe
1503 1722 78 58 de
1622 1724 377 56 l'entonnoir
2040 1722 86 58 du
2167 1721 263 76 plafond
2472 1741 108 37 sur
2621 1724 61 54 la
2726 1719 190 75 table)

1402 1863 91 88 A
1618 1863 136 91 W
1879 1863 176 91 VR
2313 1860 176 94 LO
2621 1860 95 91 O
2848 1860 84 91 G

1510 1995 91 91 T
1767 2005 88 88 A
1994 1998 285 92 ISH
2509 1998 173 116 1J
2729 1998 98 88 K
2953 1998 84 88 D

1510 2134 224 98 XR
1872 2137 105 88 W
2082 2137 61 92 S
2397 2134 187 98 XL

1507 2256 98 88 N
1771 2256 301 88 PVD
2187 2290 92 91 v
2391 2252 88 92 T
2614 2252 88 92 G
2851 2256 190 88 BA

1402 2408 81 88 E
1642 2405 78 95 C
1825 2408 81 88 F
1971 2405 98 118 Q
2184 2408 295 92 UXY
2611 2412 84 88 H
2851 2405 71 91 Z

1513 2540 295 95 ET
1974 2540 200 98 AO
2306 2544 41 91 I
2502 2544 200 91 LV

2669 2653 25 35 V

575 2722 322 57 BOUCHE
977 2725 89 55 les
1107 2741 177 40 reves
1326 2723 491 59 raffraichissent
1857 2726 59 56 le
1957 2724 368 74 crepuscule
2369 2722 77 58 de
2488 2723 135 57 cuir
2662 2721 194 57 tendu
2899 2720 177 74 (sort)

576 2813 181 57 OEIL
977 2815 500 72 Imaginez-vous
1521 2815 151 58 eher
1712 2816 127 56 ami
1874 2816 64 73 je
1980 2834 77 38 ne
2099 2815 209 57 Faime
2350 2815 144 73 plus

578 2904 342 57 OREILLE
976 2906 158 56 mais
1180 2904 76 58 de
1299 2907 109 74 qui
1450 2909 443 72 paiicz-vous?

576 2995 181 56 OEIL
977 2997 67 56 Je
1087 2998 176 71 parle
1304 2996 77 57 de
1424 2999 155 56 cellc
1622 3017 122 57 que
1779 2999 110 73 j'ai
1929 3000 201 55 aimee
2170 2998 329 73 beaueoup

576 3086 341 57 OREILLE
973 3088 126 56 Moi
1119 3088 164 56 aussi
1300 3088 109 75 j'ai
1433 3088 201 74 perdu
1657 3108 122 38 une
1802 3091 275 57 illusion.
2147 3090 87 56 Le
2257 3088 221 58 cheval
2507 3087 204 59 favori
2731 3086 77 58 de
2830 3104 149 39 mon
3006 3086 206 57 ecurie
3242 3102 33 39 a
3296 3083 201 75 perdu
3522 3102 95 39 ses
3644 3085 199 56 forces

578 3177 180 56 OEIL
978 3178 95 57 Eh
1115 3180 141 55 bleu
1303 3197 149 39 mon
1496 3180 152 58 eher
1689 3201 81 36 on
1812 3182 439 58 renouvellera
2293 3197 67 39 sa
2402 3180 100 58 vie

580 3267 342 57 OREILLE
980 3268 167 58 Vous
1192 3275 123 52 ctes
1358 3288 177 40 amer
1577 3269 176 74 (sort)

574 3356 321 60 BOUCHE
934 3416 11 6 .
977 3357 222 77 (entre)

580 3449 180 57 OEIL
983 3451 432 58 ClÜemncsire
1475 3472 157 39 vous
1696 3459 124 53 etes
1883 3456 182 56 belle.
2145 3456 68 55 Je
2253 3471 157 40 vous
2454 3453 166 57 aime
2662 3470 76 38 en
2783 3453 189 55 elarte
3018 3450 77 57 de
3137 3449 457 75 scaphandrier
3633 3481 73 8 —
3749 3467 95 39 ses

976 3544 229 72 algues.
1289 3544 143 56 Mon
1477 3561 151 58 sang
1667 3547 283 57 iremble.
2032 3547 124 58 Vos
2216 3564 163 57 yeux
2441 3550 139 53 sont
2640 3545 195 55 bleus.
2918 3544 325 72 Pourquoi
3284 3542 560 57 n'entendez-vous

977 3651 129 56 pas,
1170 3634 448 74 Clilemncslrc,
1681 3638 58 55 le
1798 3638 124 56 rire
1982 3638 341 72 tranquille
2384 3637 77 56 de
2522 3654 133 39 mes
2717 3636 257 55 cellules
3037 3635 111 73 qui
3208 3652 156 39 vous
3409 3632 332 73 attendent,
3784 3635 62 55 la

975 3726 284 55 violence
1321 3724 77 57 de
1447 3744 149 41 mon
1642 3728 247 58 haieine
1931 3734 57 51 et
2028 3730 90 55 les
2161 3728 231 58 douces
2435 3727 378 75 possibilites
2859 3726 347 56 enfantines
3251 3743 121 55 que
3413 3726 231 55 lesort
3686 3743 158 39 nous

972 3835 156 38 resci
1147 3817 113 55 ve?
1303 3848 69 8 —
1403 3817 489 61 Altendez-vous
1933 3823 314 70 peut-etre
2276 3819 271 57 d'autres
2590 3817 376 58 revelations
3010 3816 516 57 sensationnelles
3558 3834 107 38 sur
3693 3835 151 38 mon

977 3910 493 71 icmperameni?

574 3997 321 58 BOUCHE
975 3996 180 74 (sort)

575 4087 182 57 OEIL
977 4087 263 75 (tombe)

572 4179 153 58 NEZ
974 4180 197 73 grand

574 4268 156 57 COU
974 4273 120 55 fixe

571 4360 154 57 NEZ
973 4364 173 54 cruel

574 4450 157 58 COU
973 4454 170 72 large

572 4542 153 58 NEZ
973 4546 151 72 petit

575 4632 156 57 COU
975 4638 179 53 court

571 4724 154 57 NEZ
973 4726 142 72 aigu

577 4814 156 58 COU
979 4818 189 57 faible

571 4906 152 57 NEZ
970 4910 383 73 magnifique

574 4997 155 58 COU
969 5001 147 72 long

570 5088 153 57 NEZ
972 5092 179 56 etroit

574 5178 158 58 COU
974 5183 122 55 fort

569 5270 156 59 NEZ
973 5273 269 57 sensible
