2402 4066
1202 263 113 65 64

304 407 155 58 Rien
492 406 188 76 qu'au
711 407 334 61 frou-frou
1076 410 74 61 de
1180 430 104 42 ma
1307 415 155 60 robe
1499 418 155 59 dans
1680 418 237 61 l'herbe

302 501 47 59 Il
377 501 318 61 frémirait
722 504 307 71 d'amour,
1066 526 111 40 son
1216 527 172 42 cœur
1424 515 293 74 superbe,

302 599 74 57 Et
405 617 164 58 pour
600 620 152 40 mon
779 603 133 57 seul
941 604 211 59 baiser
1184 607 155 60 dont
1373 609 48 58 il
1453 609 117 59 fait
1602 612 39 56 fi

306 694 49 58 Il
382 694 307 60 foulerait
722 697 83 58 du
832 698 151 77 pied
1015 717 114 42 son
1162 703 259 60 crucifix
1444 706 10 53 !
1505 726 32 33 »

306 1020 88 58 La
423 1021 239 60 révolte
694 1041 158 41 nous
894 1025 129 76 prit
1054 1026 75 58 de
1163 1045 100 42 ces
1298 1031 252 75 paroles
1586 1049 12 39 :

306 1136 33 39 «
389 1119 142 72 Zoé,
563 1119 90 58 lui
685 1120 224 76 dis-je,
948 1124 242 77 malgré
1213 1129 146 57 tous
1392 1126 90 61 les
1518 1130 165 60 rôles

308 1214 133 70 Que
464 1220 63 54 ta
556 1215 229 61 beauté
813 1219 282 61 maudite
1130 1239 36 41 a
1193 1241 86 57 pu
1310 1224 184 76 jouer

309 1313 68 55 Et
408 1310 146 60 bien
587 1312 152 77 qu'il
770 1318 58 55 te
860 1315 197 77 plaise
1086 1317 74 58 de
1194 1319 268 61 bafouer

306 1409 112 58 Les
446 1408 232 60 larmes
713 1411 105 58 des
852 1417 271 72 épouses
1155 1420 58 54 et
1247 1417 107 59 des
1390 1423 223 61 mères.

310 1505 48 59 Il
388 1506 95 57 fut
506 1505 251 76 jamais,
789 1511 173 56 entre
997 1510 183 58 cieux
1216 1516 58 56 et
1298 1519 220 67 terres,

309 1603 84 57 De
423 1603 141 76 plus
589 1604 88 57 vil
702 1606 148 57 rêve
884 1624 118 59 que
1043 1625 68 42 ce
1138 1610 271 74 rêve-là;

310 1700 112 68 Va,
454 1717 160 42 nous
648 1707 58 53 te
742 1702 244 59 défions
1014 1705 11 55 !
1059 1740 75 7 —
1162 1705 130 60 Elle
1322 1708 129 60 s'en
1489 1710 147 59 alla.

310 2026 86 55 La
436 2027 138 56 nuit

310 2119 126 78 (j'ai
468 2138 71 41 su
572 2138 100 42 ces
705 2123 221 59 choses
962 2124 147 59 bien
1156 2127 207 79 après)

306 2217 85 57 La
422 2217 138 59 nuit
589 2220 276 57 tombait
890 2221 107 57 des
1031 2222 183 57 cieux
1261 2227 57 55 et
1350 2227 285 59 sourdait
1671 2230 107 58 des
1821 2235 252 72 cyprès;

309 2315 85 57 La
419 2315 172 75 pluie
619 2319 36 53 à
685 2315 255 60 lourdes
967 2324 247 68 gouttes
1241 2339 116 57 par
1395 2321 61 59 la
1489 2330 172 54 sente

305 2410 305 59 Semblait
650 2411 293 60 marcher
969 2413 155 59 dans
1151 2415 264 61 l'ombre
1459 2419 458 78 hallucinante;

304 2507 61 58 Si
394 2507 147 58 bien
572 2507 235 76 qu'aux
845 2526 198 59 coups
1078 2511 280 78 frappés,
1393 2519 37 54 à
1470 2516 62 58 la
1561 2518 150 59 voix
1745 2521 172 76 grêle

305 2603 117 70 Qui
450 2603 313 76 l'appelle,

304 2701 355 71 Martinien,
697 2702 361 77 agenouillé
1094 2705 155 60 dans
1270 2706 261 62 l'ombre

379 2832 78 9 —
487 2799 125 57 Son
652 2817 172 40 cœur
869 2800 253 59 battant
1158 2803 89 59 les
1293 2809 300 58 secondes
1635 2828 150 42 sans
1826 2817 261 59 nombre
2120 2853 77 8 —

301 2895 201 59 Sentit
534 2894 62 59 la
621 2899 169 55 mort
816 2895 55 60 le
901 2897 195 59 frôler
1128 2899 74 59 de
1250 2921 113 39 son
1398 2904 145 61 aile.

304 2992 119 58 Eut
452 3010 157 57 peur
638 2994 57 58 et
729 2993 130 59 cria
890 3011 240 43 comme
1161 3017 85 38 un
1282 3001 260 59 matelot
1575 3006 108 74 qui
1730 3008 253 60 sombre
2022 3031 11 37 :

302 3110 33 34 «
381 3091 81 56 Ta
487 3090 143 57 voix
682 3107 118 59 que
840 3109 97 40 me
969 3093 348 60 veut-elle?

306 3185 195 58 Satan
527 3186 107 76 qui
662 3204 107 39 vas
816 3186 229 60 rôdant
1083 3190 155 58 dans
1270 3193 88 57 les
1395 3196 317 61 ténèbres.
1763 3220 32 36 »

304 3285 70 55 Et
403 3281 200 78 reprit
629 3288 35 52 à
692 3284 149 57 voix
864 3284 189 60 haute
1086 3287 89 58 les
1209 3306 296 56 psaumes
1544 3294 327 64 funèbres.
