2402 4066
1204 492 75 60 85

257 677 173 47 ganno
462 668 217 44 causant
717 678 122 36 avec
868 665 49 49 le
951 665 204 50 célèbre
1187 682 27 28 «
1251 663 273 49 Monsieur
1558 675 63 35 en
1649 661 141 49 habit
1821 661 118 49 noir
1973 680 26 23 »
2032 661 152 50 d'Hen-

260 735 155 48 riette
444 735 292 51 Maréchal.
782 736 137 50 C'est
960 739 63 47 de
1068 740 82 46 cet
1191 738 161 61 esprit
1413 734 168 63 qu'est
1626 733 121 49 faite
1788 734 49 48 la
1891 734 209 62 saynète
2152 735 62 48 de

257 810 69 48 M.
367 807 284 51 Goncourt.

323 879 74 49 La
433 881 200 48 donnée
669 882 114 47 n'en
826 885 78 46 est
934 896 92 47 pas
1064 882 171 47 moins
1281 879 306 62 ingénieuse
1634 891 99 49 que
1774 880 48 47 le
1861 880 239 58 dialogue
2128 880 86 62 qui

257 951 115 50 l'est
402 954 376 49 extrêmement
810 956 49 47 et
886 955 85 61 qui
1007 954 237 48 semblait
1272 952 141 50 l'être
1445 956 114 56 trop
1586 965 131 48 pour
1750 965 67 34 un
1853 952 171 61 public
2058 954 154 47 effare

261 1027 51 46 et
334 1026 144 48 ahuri
505 1040 188 35 encore
735 1028 62 47 de
837 1026 281 49 l'aventure
1159 1027 62 46 de
1256 1023 395 50 Mademoiselle
1682 1022 155 50 Julie.
1874 1023 79 50 On
1978 1025 233 48 aimerait

259 1097 172 61 parler
445 1100 63 47 de
541 1101 136 47 cette
699 1100 167 61 pièce,
901 1100 171 59 quand
1103 1112 59 35 ce
1185 1111 64 34 ne
1282 1098 155 47 serait
1460 1110 99 48 que
1581 1110 133 47 pour
1733 1111 33 46 y
1785 1096 145 48 louer
1962 1096 56 48 M
2021 1097 60 32 lle
2100 1097 112 47 Nau

261 1172 87 60 qui
368 1169 61 50 l'a
447 1171 118 48 bien
595 1172 176 61 jouée.
787 1171 274 48 D'ailleurs
1078 1171 94 48 elle
1187 1173 78 45 est
1286 1172 346 46 intéressante
1660 1168 49 47 et
1732 1169 95 47 elle
1849 1169 123 60 plaît
1994 1183 62 33 en
2080 1169 107 61 prin-

261 1243 112 60 cipe
412 1243 306 62 puisqu'elle
765 1247 79 44 est
895 1243 244 47 suédoise
1191 1243 51 47 et
1290 1256 96 47 que
1433 1241 214 48 l'auteur
1681 1239 72 49 M.
1800 1241 293 61 Strindlerg
2132 1244 79 46 est

260 1328 67 33 un
353 1317 216 58 révolté,
604 1331 65 33 un
697 1317 129 48 exilé
856 1315 289 49 volontaire
1178 1315 50 47 et
1259 1328 67 34 un
1360 1314 241 60 étranger
1633 1314 27 47 à
1698 1314 86 61 qui
1813 1313 99 47 l'on
1944 1314 123 59 doit,
2104 1314 25 47 à
2152 1328 59 34 ce

257 1388 134 57 titre,
424 1389 91 46 des
547 1388 272 61 politesses
844 1389 61 46 de
938 1387 313 48 bienvenue.

318 1459 83 62 J'y
440 1462 296 47 reviendrai
778 1462 172 59 quand
993 1473 61 34 on
1083 1462 381 58 représentera,
1499 1472 60 34 ce
1588 1460 85 60 qui
1700 1472 64 33 ne
1798 1463 121 57 peut
1948 1473 263 47 manquer

259 1531 244 50 d'arriver
533 1533 74 48 tôt
638 1548 65 33 ou
734 1534 130 60 tard,
899 1533 76 47 les
1014 1531 176 63 pièces
1228 1531 118 63 qu'à
1378 1531 69 47 dû
1480 1530 186 48 laisser
1696 1544 61 34 en
1789 1531 344 61 portefeuille,
2168 1533 41 45 si

257 1618 65 34 on
354 1618 62 33 en
447 1605 129 47 croit
603 1619 94 34 son
737 1605 249 47 historien
1014 1604 148 48 Jules
1187 1604 278 58 Laforgue,
1496 1604 48 47 le
1578 1603 164 60 jeune
1773 1605 219 58 Hamlet,
2028 1606 179 60 prince

256 1677 64 47 de
353 1676 312 61 Danemark,
702 1676 88 62 qui
815 1677 279 47 s'habillait
1122 1679 113 45 tout
1270 1677 62 47 de
1364 1677 135 59 noir,
1530 1675 189 62 portait
1747 1690 62 33 au
1840 1677 190 47 chaton
2053 1679 62 45 de
2150 1691 57 35 sa

256 1749 168 58 bague
449 1764 68 33 un
539 1749 257 48 funéraire
824 1750 244 48 scarabée
1101 1750 263 61 égyptien,
1394 1747 215 49 habitait
1634 1763 99 33 une
1755 1750 156 58 petite
1939 1750 265 58 chambre,

256 1834 123 36 avec
411 1822 205 48 cabinet
644 1823 63 47 de
746 1822 202 47 toilette
998 1823 113 46 tout
1163 1835 62 34 en
1270 1821 124 48 haut
1433 1822 68 47 du
1546 1820 173 48 Palais
1761 1822 50 46 et
1845 1836 32 46 y
1916 1822 169 47 faisait
2112 1823 92 47 des

256 1907 134 46 vers,
424 1909 63 34 en
519 1896 278 60 regardant
833 1896 75 47 les
942 1896 213 47 oiseaux
1190 1896 312 61 migrateurs
1529 1909 181 47 passer
1742 1909 62 33 en
1835 1896 247 58 triangles
2113 1910 91 48 par

257 1964 47 49 le
344 1966 96 49 ciel
468 1968 103 58 gris
603 1970 286 47 au-dessus
922 1968 62 47 de
1014 1967 50 47 la
1091 1967 130 48 Mer.

1500 2094 178 49 HENRI
1714 2110 63 31 DE
1808 2096 265 47 REGNIER.
