2402 4066
507 1133 400 121 NOTES
989 1133 947 121 DRAMATIQUES

260 1613 62 45 Le
361 1610 129 47 Père
526 1609 256 61 prodigue
788 1642 10 23 ,
838 1609 58 45 de
947 1609 72 47 M.
1050 1609 283 45 Alexandre
1376 1608 191 46 Dumas
1607 1609 94 45 fils.
1737 1637 61 6 —
1833 1611 63 46 Le
1937 1614 214 60 Ménage

259 1677 269 63 Brésile,
563 1680 60 44 de
659 1679 68 47 M.
758 1680 214 46 Romain
1002 1677 208 63 Coolus.
1235 1707 62 5 —
1327 1677 40 45 A
1398 1677 89 47 bas
1516 1677 43 47 le
1591 1680 222 60 Progrés
1821 1717 10 21 ,
1857 1682 60 46 de
1954 1685 65 46 M.
2052 1685 91 46 Ed.

318 1754 60 44 de
409 1748 274 62 Goncourt.
713 1776 61 7 —
797 1748 385 49 Mademoiselle
1208 1748 141 47 Julie
1358 1784 10 23 ,
1398 1750 61 45 de
1501 1748 67 47 M.
1598 1748 331 62 Strindberg.

318 1929 177 55 Quand
532 1940 62 33 on
636 1928 179 58 apprit,
843 1926 95 46 l'an
969 1928 219 52 dernier,
1221 1939 97 46 que
1350 1926 70 46 M.
1453 1926 287 47 Alexandre
1771 1929 188 47 Dumas
1990 1934 164 46 venait

258 2001 60 45 de
350 1998 240 48 terminer
622 1999 130 44 deux
777 1996 187 61 pièces,
980 1996 121 59 qu'il
1130 2010 61 32 en
1220 1998 231 44 destinait
1482 1995 129 47 l'une
1634 2012 62 31 ou
1718 1996 173 50 l'autre
1916 2014 61 32 au
1999 2003 124 45 Théâ-

254 2069 354 58 tre-Français,
640 2069 124 44 mais
806 2080 114 45 que,
956 2066 165 59 quelle
1157 2079 94 46 que
1281 2066 76 46 fût
1387 2066 121 46 celle
1541 2067 89 45 des
1660 2067 128 46 deux
1816 2069 119 59 qu'il
1966 2085 30 45 y
2028 2072 93 46 don-

255 2141 100 53 nât,
382 2140 93 44 elle
506 2137 333 59 s'appellerait
861 2137 47 45 la
938 2136 163 46 Route
1124 2135 61 45 de
1213 2135 200 58 Thèbes,
1428 2136 35 46 il
1489 2150 28 46 y
1541 2140 82 42 eut
1642 2150 63 32 un
1726 2151 96 46 peu
1845 2140 60 46 de
1926 2142 224 59 surprise

258 2213 26 44 à
316 2207 334 60 s'apercevoir
677 2220 95 44 que
797 2206 71 46 M.
903 2206 185 46 Dumas
1122 2206 146 46 vivait
1299 2219 183 33 encore
1508 2207 49 45 et
1597 2206 120 58 qu'il
1755 2210 293 57 produisait.
2084 2211 66 48 Ce

255 2279 126 47 n'est
411 2292 88 46 pas
538 2291 95 44 que
674 2277 72 46 M.
777 2277 189 46 Dumas
1006 2277 96 46 soit
1131 2276 182 45 oublié.
1350 2276 105 45 Son
1483 2278 239 45 souvenir
1751 2282 76 42 est
1858 2282 101 44 très
1991 2295 61 33 en
2079 2283 50 46 fa-

255 2365 124 33 veur
411 2351 123 44 dans
565 2348 47 46 le
644 2347 189 59 public;
870 2361 62 30 on
965 2351 95 42 sait
1084 2347 165 46 même
1290 2346 121 59 qu'il
1450 2347 156 47 influa
1642 2362 86 32 sur
1756 2349 74 46 les
1859 2363 188 35 mœurs
2086 2354 66 45 du

255 2423 183 56 temps,
467 2418 118 60 qu'il
614 2432 32 44 y
669 2417 229 45 détruisit
928 2417 89 45 des
1047 2417 261 58 préjugés,
1342 2431 27 44 y
1394 2417 238 48 démonta
1663 2419 89 46 des
1795 2423 355 58 conventions,

255 2506 30 47 y
302 2489 170 48 établit
491 2489 89 46 des
612 2489 293 52 coutumes;
941 2488 141 56 mais,
1115 2500 125 45 pour
1272 2487 74 44 les
1376 2487 192 58 lettrés,
1594 2489 34 44 il
1658 2492 77 43 est
1754 2490 40 45 si
1815 2490 105 47 loin
1949 2494 125 46 dans
2104 2495 47 46 le

255 2561 149 60 passé
445 2558 150 61 qu'on
625 2558 359 57 s'imaginerait
1009 2555 120 61 qu'il
1159 2559 76 43 est
1262 2556 119 46 hors
1414 2558 65 44 du
1510 2560 223 56 présent.
1761 2560 40 46 Il
1823 2564 77 43 est
1922 2563 61 45 de
2006 2567 145 44 notre

252 2634 166 54 temps
461 2630 125 44 mais
633 2627 36 46 il
707 2626 125 47 n'est
870 2629 111 57 plus
1022 2627 60 46 de
1121 2629 146 43 notre
1309 2626 215 61 époque.
1555 2627 93 47 Ses
1691 2631 261 47 dernières
1981 2634 169 58 pièces

255 2700 194 47 avaient
465 2697 105 46 l'air
586 2699 60 44 de
665 2697 219 60 reprises
899 2713 10 40 ;
927 2697 311 59 ses'reprises
1258 2700 198 43 sentent
1473 2697 373 50 l'exhumation.
1864 2701 53 47 M
1962 2704 190 45 Dumas

256 2786 27 33 a
313 2785 61 32 en
407 2770 116 45 effet
555 2770 105 44 tout
689 2781 57 33 ce
774 2768 124 46 dont
924 2766 303 48 bénéficient
1262 2781 126 33 ceux
1421 2770 82 58 qui
1528 2782 62 32 ne
1616 2774 116 43 sont
1751 2774 131 57 plus.
1909 2774 66 45 Sa
1997 2777 124 45 noto-

252 2841 125 47 riété
415 2840 283 45 ressemble
739 2841 27 42 à
806 2838 61 46 de
896 2837 49 46 1a.
975 2837 179 57 gloire.
1187 2837 139 46 Pour
1352 2837 74 47 les
1454 2852 124 43 gens
1611 2841 107 46 cela
1759 2841 290 61 s'équivaut.
2084 2843 68 49 Sa.

254 2909 297 50 renommée
580 2908 163 60 paraît
766 2907 201 61 profiter
998 2908 61 45 de
1091 2909 130 45 cette
1254 2911 135 42 sorte
1421 2907 350 61 d'indulgence
1797 2912 150 58 qu'on
1975 2927 26 32 a
2024 2928 126 45 pour

252 2982 154 48 celles
439 2982 84 59 qui
552 2992 61 33 ne
637 2978 220 60 peuvent
889 2978 111 58 plus
1031 2977 287 47 s'accroître
1360 2978 65 44 du
1465 2978 85 46 fait
1583 2981 61 44 de
1684 2981 114 47 leur
1829 2996 317 43 possesseur.

255 3052 77 48 On
371 3052 72 44 les
485 3049 151 46 laisse
683 3047 372 57 stationnaires,
1089 3061 60 31 en
1188 3047 239 59 suspend,
1460 3049 125 45 dans
1628 3063 98 33 une
1757 3054 138 43 sorte
1926 3054 61 46 de
2022 3054 129 47 délai

252 3122 152 58 légal.

313 3193 173 47 L'idée
513 3204 95 46 que
636 3189 71 47 M.
739 3189 189 47 Dumas
961 3189 156 47 existe
1144 3188 124 47 n'est
1299 3202 88 44 pas
1431 3188 253 48 d'ailleurs
1726 3193 329 58 désagréable
2076 3212 10 40 ;
2114 3198 36 45 il

251 3264 73 47 fut
354 3276 65 33 un
444 3261 205 46 homme
682 3260 59 46 de
771 3259 155 47 talent
951 3260 49 46 et
1028 3259 36 45 il
1094 3261 80 43 eut
1206 3271 142 32 assez
1380 3257 202 61 d'esprit
1604 3274 127 46 pour
1761 3261 125 48 faire
1917 3269 234 56 accepter

255 3349 91 35 son
373 3332 154 49 talent
557 3335 26 43 à
623 3345 125 33 ceux
781 3331 82 60 qui
894 3344 53 33 se
986 3329 192 48 fussent
1209 3330 263 47 contentés
1505 3331 59 46 de
1599 3345 92 34 son
1723 3335 170 58 esprit.
1929 3335 68 48 Le
2029 3339 121 44 dra-
