2311 3736
607 202 57 26 UN
701 201 148 25 GRAND
881 199 269 27 VIOLONISTE
1184 199 56 25 DE
1273 183 203 42 L'ANCIEN
1512 188 168 35 RÉGIME

146 203 15 39 5
171 193 23 36 8
200 206 21 33 4

202 298 126 41 Voici
346 310 157 27 encore
523 311 60 26 un
606 296 146 52 Largo
776 296 53 39 de
852 294 200 52 Baptiste
1077 291 56 55 (1)
1159 294 73 51 qui
1274 306 44 26 se
1357 297 204 48 présente
1604 306 104 26 avec
1745 307 61 25 un
1846 292 299 42 indiscutable

146 367 136 40 faciès
308 366 153 40 italien
480 381 7 24 :

202 934 118 41 Mais
340 936 36 39 si
396 934 249 40 l'influence
667 934 212 40 italienne
903 947 45 26 se
983 933 142 40 révèle
1145 933 112 40 dans
1288 933 61 40 les
1373 932 113 41 deux
1510 933 132 40 livres
1675 933 54 39 de
1754 931 192 42 Sonates
1972 933 53 40 de
2058 935 69 38 vio-

149 1004 73 40 lon
245 1004 53 39 de
334 1002 199 52 Baptiste
567 1000 79 53 (2),
671 1002 29 39 il
724 1004 191 49 importe
943 1002 54 39 de
1028 1014 258 39 remarquer
1322 1000 162 52 qu'elle
1515 1001 216 41 s'atténue
1768 1016 59 25 un
1851 1016 85 37 peu
1964 1002 111 40 dans
2111 1002 39 39 le

150 1086 19 25 2
174 1077 16 17 e
212 1072 124 47 livre,
362 1077 56 33 où
439 1071 38 39 la
505 1070 314 50 terminologie
840 1070 233 52 employée
1103 1079 65 31 est
1204 1078 327 32 constamment
1566 1068 219 51 française
1816 1079 41 31 et
1881 1076 56 34 où
1961 1069 189 42 l'auteur

150 1141 167 38 revient
350 1153 83 26 aux
463 1140 123 39 titres
625 1140 299 50 pittoresques
964 1140 35 37 si
1032 1138 126 39 chers
1193 1142 22 35 à
1240 1146 126 32 notre
1406 1138 251 51 esthétique
1675 1150 7 24 :
1724 1136 143 55 Gigue
1908 1153 51 24 en
1998 1153 72 25 cor
2102 1140 50 38 de

150 1206 167 52 chasse{
328 1206 55 53 3),
404 1207 196 39 Boutade
621 1205 75 51 (4'),
723 1215 80 31 etc.
829 1205 319 53 L'inspiration
1176 1206 58 40 du
1261 1207 216 39 musicien
1508 1220 213 26 conserve
1746 1206 58 40 du
1843 1215 114 31 reste
1980 1207 38 39 le
2052 1207 99 51 plus

151 1284 187 32 souvent
359 1290 60 25 un
444 1277 64 38 air
538 1275 53 39 de
620 1274 182 40 franche
825 1276 162 49 gaieté,
1014 1287 86 27 une
1124 1283 131 31 tenue
1277 1274 253 50 guillerette
1551 1276 74 50 qui
1647 1274 169 41 semble
1837 1275 169 39 relever
2029 1275 54 39 de
2112 1275 39 40 la

150 1345 200 40 chanson
372 1344 248 51 populaire,
647 1357 57 26 ou
740 1343 104 40 bien
868 1356 86 27 une
977 1343 203 52 ampleur
1208 1356 135 37 grave
1368 1348 268 47 apparentée
1660 1357 104 26 avec
1803 1343 38 40 la
1870 1344 185 51 majesté
2077 1344 77 39 des

151 1414 320 51 compositions
495 1412 58 40 du
581 1411 130 40 siècle
740 1413 250 50 précédent.
1034 1409 116 42 Sous
1178 1425 47 25 ce
1255 1411 165 40 double
1455 1420 165 43 aspect,
1648 1412 39 39 la
1721 1413 208 51 musique
1950 1413 54 39 de
2028 1421 126 31 notre

148 1481 239 40 violoniste
404 1479 206 40 s'affirme
631 1479 103 40 bien
751 1478 233 52 française,
1005 1488 41 31 et
1067 1479 381 40 nousdonnerons
1472 1480 63 39 les
1551 1479 112 40 deux
1681 1480 224 51 exemples
1930 1482 220 46 suivants,

154 1552 75 50 qui
252 1561 114 27 nous
401 1550 252 50 paraissent
689 1548 384 51 caractéristiques
1110 1552 21 35 à
1166 1556 65 31 cet
1264 1548 162 50 égard:
1463 1546 204 49 d'abord,
1690 1548 41 39 la
1756 1557 102 31 note
1886 1550 115 45 vive,
2032 1554 99 47 pétu-

153 1618 135 47 lante,
325 1616 150 51 alerte,
519 1624 245 32 nettement
797 1620 210 48 marquée
1037 1616 113 39 dans
1187 1615 108 40 XAU
1299 1615 122 54 aigre
1454 1615 187 41 Détaché
1670 1616 54 40 de
1747 1616 40 39 la
1823 1615 214 41 Courante
2080 1618 75 50 qui

154 1684 163 42 débute
338 1686 113 38 ainsi
472 1696 8 27 :

157 2175 100 52 puis
278 2174 38 39 la
341 2182 103 31 note
463 2172 328 52 mélancolique
814 2181 40 32 et
873 2173 140 39 douce
1046 2173 34 38 si
1101 2173 181 51 typique
1306 2172 53 40 de
1378 2185 19 25 «
1419 2172 110 40 l'Air
1553 2186 19 24 »
1600 2173 194 51 français
1815 2187 7 26 :

212 3105 48 42 (1)
282 3116 17 21 2
306 3110 13 17 e
341 3105 100 40 livre,
476 3106 136 33 Sonate
637 3107 59 39 VI,
727 3107 134 41 Largo,
913 3115 30 21 r'
956 3104 6 7 *

212 3154 47 42 (2)
279 3155 175 43 Marpurg
470 3164 147 25 raconte
637 3158 152 40 qu'Anet
813 3167 44 22 ne
875 3156 112 42 jouait
1011 3167 157 32 presque
1187 3168 70 31 que
1279 3158 61 34 des
1364 3168 141 23 œuvres
1529 3158 42 33 de
1594 3159 132 32 Corelli
1752 3159 9 43 (
1767 3160 194 32 Nachricht
1979 3172 65 20 von
2069 3162 78 37 fran-

167 3205 179 30 zôsischen
385 3205 210 32 Violinisten
602 3231 7 12 ,
646 3217 34 29 p.
713 3205 100 44 468).
837 3206 211 41 Cependant
1070 3208 120 32 l'abbé
1209 3208 137 33 Pluche
1370 3215 171 33 rapporte
1566 3208 88 41 qu'il
1679 3210 217 33 manifestait
1920 3222 46 20 un
1996 3210 170 33 véritable

167 3254 228 32 éclectisme:
418 3267 14 16 «
472 3255 48 31 Ce
542 3255 140 32 fameux
719 3255 121 33 artiste
876 3257 198 31 n'examine
1106 3257 103 40 point
1232 3258 42 32 de
1296 3260 120 39 quelle
1432 3257 124 33 nation
1580 3258 35 32 ni
1646 3259 42 32 de
1707 3263 119 37 quelle
1856 3261 96 32 main
1974 3260 96 33 vient
2097 3270 68 22 une

170 3303 101 41 pièce
287 3316 9 25 ;
320 3303 54 32 s'il
392 3306 31 29 la
446 3311 127 25 trouve
590 3306 107 30 noble
716 3312 32 25 et
767 3305 202 42 gracieuse,
986 3306 22 31 il
1029 3309 32 29 la
1072 3308 125 40 joue...
1223 3320 14 16 »
1263 3312 5 11 '
1265 3338 5 11 v
1278 3309 148 38 Pluche,
1448 3307 175 44 Spectacle
1642 3310 39 30 de
1711 3309 32 32 la
1763 3311 151 40 Nature,
1927 3319 23 23 t.
1973 3310 77 39 VII,
2074 3311 90 42 103.)

212 3352 49 44 (3)
287 3363 16 21 2
310 3360 11 15 e
340 3353 102 38 livre,
464 3353 135 33 Sonate
619 3354 43 31 X.

213 3401 51 42 (4)
285 3412 16 21 2
308 3409 11 15 e
341 3403 100 40 livre,
465 3403 153 33 Sonates
637 3403 48 31 111
703 3412 32 24 et
752 3404 80 32 VII.

213 3451 48 42 (5)
284 3462 16 21 2
307 3457 13 16 e
343 3453 99 40 livre,
466 3452 136 33 Sonate
627 3453 57 38 IV,
712 3453 190 33 Courante.

211 3500 48 42 (6)
286 3513 9 19 i
305 3506 27 17 er
353 3501 100 41 livre,
479 3502 135 33 Sonate
633 3502 62 38 VI,
719 3502 155 43 premier
893 3513 242 30 mouvement,
1155 3506 159 41 Adagio.
