2311 3736
753 192 193 29 LETTRES
982 186 205 38 INÉDITES
1222 200 55 25 DE
1310 201 241 28 MUSICIENS

2075 197 78 42 567

149 283 93 39 bien
276 282 98 54 plus
414 283 145 42 besoin
579 286 102 41 d'un
705 288 203 56 chapeau,
938 307 72 25 car
1044 293 37 39 le
1103 294 111 40 mien
1234 295 105 41 n'est
1358 305 78 46 pas
1460 301 207 51 mettable,
1691 306 113 37 étant
1825 308 120 36 troué
1967 305 51 39 de
2058 311 93 34 tous

150 351 57 39 les
230 354 108 36 cotés
360 367 11 23 :
391 358 37 33 et
445 360 166 34 surtout
633 357 108 39 dans
767 358 39 39 la
828 359 144 40 saison
991 364 54 36 où
1065 377 108 25 nous
1212 379 195 35 sommes,
1428 365 83 42 l'on
1522 376 58 33 est
1599 370 95 40 bien
1718 372 86 40 aise
1827 374 49 38 de
1896 388 44 25 se
1963 374 184 51 couvrir,

143 420 369 53 principalement,
538 422 239 48 Monsieur,
807 435 82 45 par
912 436 176 47 rapport
1122 433 24 36 à
1187 431 40 40 la
1249 433 102 40 voix
1371 435 75 54 qui
1463 451 20 24 s
1501 438 200 40 enrhume
1736 443 91 48 fort
1867 442 217 41 aisément.
2097 443 56 51 Je

141 502 131 24 serais
291 487 90 52 fort
402 489 169 41 charmé
593 507 129 34 aussi,
743 494 238 52 Monsieur,
1007 499 28 37 d
1051 513 122 25 avoir
1188 515 81 24 une
1286 502 163 48 bourse,
1474 520 71 24 car
1561 508 41 50 je
1620 522 26 24 n
1666 508 109 40 aime
1796 510 122 54 point
1926 518 146 47 porter
2095 513 57 39 les

142 555 181 41 cheveux
344 572 51 24 en
427 558 104 40 abbé
536 591 10 12 ,
571 560 88 40 ce/a
679 560 114 42 m'es/
816 566 23 36 à
863 564 172 55 charge.
1059 566 51 40 Si
1130 583 103 24 vous
1252 570 195 54 pouviez,
1454 571 237 52 Monsieur,
1712 578 188 53 me/a/re
1923 580 121 40 avozV
2062 581 88 40 cela

137 633 102 46 poui
280 626 185 48 demain,
612 644 62 24 me
693 631 131 51 feriez
844 632 215 57 beaucoup
1083 636 49 39 de
1145 651 116 39 joye,
1289 649 37 29 e£
1348 640 87 39 cela
1454 656 39 24 ni
1512 643 339 43 occasionnerait
1873 650 79 37 àni
1970 647 181 42 habiller

144 694 168 39 demain
331 704 113 45 pour
466 697 108 40 aller
602 699 83 39 àla
717 715 144 26 messe.
888 701 122 41 Pour
1033 718 43 25 ce
1094 720 71 38 qui
1199 712 57 33 est
1284 708 56 38 du
1364 708 135 54 linge,
1531 711 48 53 je
1601 727 24 24 n
1633 713 7 10 '
1646 713 44 39 ai
1709 717 49 36 ni
1778 715 177 41 chemise
1977 718 170 52 garnie,

144 778 45 24 ni
229 764 190 49 manche,
436 780 49 38 je
507 767 88 39 n'ai
630 783 78 38 que
730 770 71 39 des
834 770 199 41 chemises
1076 774 50 38 de
1149 774 107 40 nuit.
1286 775 48 39 Si
1363 775 160 54 j'avais
1552 781 231 41 seulement
1806 785 111 39 deux
1938 786 141 53 paires
2101 789 50 38 de

147 831 210 51 manches,
395 835 90 39 cela
520 850 64 25 me
623 838 193 53 suffirait
868 846 36 33 et
934 855 49 37 je
1013 856 133 25 serais
1180 844 90 50 fort
1303 853 271 47 proprement
1609 849 172 41 habillé.
1842 852 112 41 Vous
1993 863 157 45 pouvez

148 915 233 35 examiner,
422 902 243 49 Monsieur,
709 907 38 39 si
786 908 108 39 dans
933 924 42 24 ce
1014 925 77 38 que
1117 911 50 53 je
1202 913 208 40 demande
1447 915 34 40 il
1505 931 31 38 y
1576 932 24 24 a
1635 918 56 39 du
1713 921 206 53 superflu.
1963 922 115 41 Mais
2109 925 41 51 je

146 984 101 25 vous
266 977 97 46 plie
386 985 49 25 en
457 977 145 47 grâce,
637 974 240 52 Monsieur,
909 978 50 38 de
983 993 50 24 ne
1060 986 125 47 point
1226 982 166 40 oublier
1427 983 36 40 le
1501 984 201 54 chapeau.

205 1037 42 43 Je
275 1053 102 36 suis,
404 1039 238 52 Monsieur,
677 1044 50 39 de
759 1050 90 35 tout
879 1061 98 24 mon
1011 1063 128 35 cœur,

1104 1117 124 40 Votre
1257 1125 82 34 très
1377 1120 168 42 humble
1567 1125 219 49 serviteur,

1617 1193 250 50 CARDINET,

1165 1257 49 38 de
1235 1254 262 45 l'Académie
1538 1262 144 51 royale
1703 1264 50 39 de
1774 1265 202 55 musique.

183 1374 102 33 Voici
310 1375 92 33 deux
424 1385 119 25 autres
563 1379 215 34 documents
798 1383 61 40 qui
884 1386 265 40 compléteront
1169 1390 31 29 le
1223 1390 153 38 portrait
1395 1392 43 31 de
1464 1391 172 35 Cardinet
1658 1406 7 20 :

753 1470 39 40 A
838 1472 241 54 Versailles,
1103 1491 42 25 ce
1169 1492 50 39 iy
1245 1479 215 41 décembre
1489 1497 124 41 /750.

178 1556 55 50 Je
261 1572 125 39 joins
411 1574 71 36 ici,
508 1559 240 55 Monsieur,
774 1564 58 40 les
852 1565 146 41 ordres
1021 1568 57 39 du
1112 1568 109 53 Poy,
1249 1574 256 38 nécessaires
1540 1582 114 46 pour
1660 1577 123 53 faire
1820 1581 232 49 transférer
2074 1582 72 39 des

136 1625 169 50 prisons
334 1627 50 39 de
407 1627 40 39 la
489 1630 99 40 ville
623 1630 227 42 d'Orléans
881 1649 50 24 en
967 1635 124 41 celles
1132 1638 51 39 de
1204 1636 162 43 l'Hôtel
1387 1642 50 38 de
1458 1641 125 50 Ville,
1609 1644 37 39 le
1674 1659 33 25 s.
1749 1644 222 51 Cardinet,
2003 1656 142 33 acteur

137 1692 201 42 chantant
360 1696 50 39 de
429 1697 13 38 l
460 1696 232 42 Académie
713 1701 145 52 royale
880 1703 50 38 de
950 1719 203 40 musique.
1188 1706 112 41 Vous
1317 1716 181 46 pourrez
1522 1711 182 54 charger
1725 1714 50 38 de
1804 1715 90 39 leur
1922 1717 221 40 exécution

136 1762 54 38 tel
212 1764 160 52 officiel
405 1766 72 38 des
498 1768 157 51 gcudes
677 1784 38 23 ai
730 1769 85 39 chei
827 1786 20 23 s
876 1772 50 38 de
948 1772 14 39 l
978 1771 131 42 Hôtel
1130 1775 50 38 de
1223 1775 109 40 Ville
1354 1792 77 37 que
1454 1793 101 26 vous
1584 1795 181 40 jugerez
1800 1786 24 36 d
1844 1792 174 46 propos.
2052 1786 92 49 Jai

137 1830 227 42 Vhonneur
383 1833 128 41 d'être
534 1838 83 37 très
628 1837 323 54 parfaitement,
975 1840 241 52 Monsieur,
1253 1851 116 34 votre
1407 1849 80 37 très
1528 1848 168 41 humble
1735 1857 38 33 et
1814 1854 81 38 très
1929 1853 213 42 obéissant

134 1900 218 42 serviteur.

1515 1980 317 44 D'ARGENSON.

176 2080 117 33 Toute
316 2081 122 33 bonne
462 2085 163 32 comédie
644 2096 43 22 ne
706 2086 75 33 doit
798 2091 66 29 elle
884 2100 63 29 pas
967 2101 36 21 se
1021 2091 170 33 terminer
1204 2104 64 29 par
1291 2105 45 21 un
1374 2102 77 26 acte
1489 2097 44 31 de
1557 2099 182 32 clémence
1762 2100 12 31 ?

175 2130 102 32 Voici
305 2143 68 21 une
393 2133 184 34 troisième
599 2136 115 40 pièce,
743 2138 75 41 qui,
840 2149 139 22 comme
999 2142 240 41 autographe,
1260 2152 53 24 est
1336 2147 31 29 la
1391 2148 82 37 plus
1496 2145 219 42 importante
1738 2159 8 22 :

884 2254 87 40 DE
1000 2255 129 41 PAR
1160 2256 78 40 LE
1263 2258 122 40 ROY

183 2361 38 40 Il
244 2376 80 26 EST
349 2371 213 33 ORDONNÉ
583 2380 54 24 au
658 2366 166 53 geôlier
862 2368 71 38 des
966 2368 174 54 prisons
1181 2371 49 38 de
1270 2371 162 40 l'Hôtel
1449 2373 51 39 de
1531 2373 122 50 Ville,
1677 2378 52 36 où
1759 2383 59 33 est
1843 2379 293 42 actuellement

127 2430 147 39 détenu
304 2431 35 39 le
360 2446 34 25 s.
453 2431 224 54 Cardinet,
700 2441 141 33 acteur
872 2436 200 41 chantant
1122 2439 49 38 de
1207 2437 261 43 l'Académie
1500 2442 145 52 royale
1684 2444 49 39 de
1770 2446 206 54 musique,
2017 2449 50 38 de
2100 2450 36 38 le

126 2505 144 33 mettre
293 2514 48 24 en
388 2500 146 41 liberté
553 2517 11 33 ;
593 2517 110 40 quoy
732 2503 175 52 faisant
936 2505 32 40 il
997 2521 49 24 en
1081 2521 94 26 sera
1214 2507 96 40 bien
1348 2515 37 33 et
1416 2510 280 42 valablement
1728 2513 226 55 déchargé.
1978 2516 101 41 Fait
2110 2521 23 35 à

134 2566 240 50 Versailles,
403 2569 35 40 le
465 2569 51 40 26
527 2571 177 53 janvier
730 2587 128 41 ijji-

908 2662 181 43 LOUIS
1119 2663 294 56 {contresigné
1432 2680 12 25 :
1481 2667 335 45 D'ARGENSON).

165 2768 68 33 Sur
256 2773 31 29 le
311 2771 180 33 chanteur
515 2772 188 40 Cardinet,
722 2785 92 21 nous
844 2785 111 21 avons
978 2775 176 41 recueilli,
1179 2787 67 22 aux
1269 2778 163 33 archives
1458 2780 42 31 de
1523 2780 159 41 l'Opéra,
1726 2785 49 30 les
1816 2785 313 43 renseignements

121 2819 159 33 suivants
305 2830 6 22 :

164 2869 183 39 Cardinet,
374 2882 70 30 que
478 2882 37 21 sa
536 2872 56 33 vie
615 2872 157 42 dissipée
808 2874 224 43 contraignit
1056 2878 17 30 à
1096 2877 137 40 quitter
1251 2877 146 41 l'Opéra
1427 2889 42 21 au
1496 2880 87 32 bout
1607 2881 42 33 de
1675 2885 178 39 quelques
1878 2885 91 33 mois
1992 2886 43 33 de
2057 2898 54 22 ser-

120 2928 87 29 vice,
230 2929 42 21 ne
296 2919 116 43 figure
432 2933 61 19 sur
535 2924 49 30 les
608 2922 107 33 livres
738 2924 82 41 qu'à
840 2924 113 40 partir
975 2924 44 32 du
1049 2925 89 32 mois
1164 2926 122 33 d'août
1313 2938 89 31 1750
1427 2928 35 41 (il
1487 2930 115 32 aurait
1629 2931 134 34 débuté
1783 2944 42 22 en
1847 2934 129 42 juillet)
2011 2938 115 39 parmi

120 2969 47 30 les
190 2968 291 35 hautes-contre.
509 2972 52 31 Au
580 2973 90 32 mois
695 2973 43 32 de
764 2975 191 31 décembre
980 2968 125 59 1750,1
1126 2968 21 59 e
1168 2968 188 59 comptable
1380 2978 49 31 lui
1453 2980 153 32 retenait
1632 2983 31 30 le
1688 2982 89 33 mois
1798 2985 206 41 précédent,
2020 2998 107 29 parce

118 3018 82 40 qu'il
226 3019 130 33 n'avait
380 3020 104 41 point
508 3023 117 31 rendu
647 3033 70 22 une
743 3035 132 21 avance
919 3025 83 31 faite
1040 3026 319 34 antérieurement.
1397 3029 50 31 En
1486 3032 196 31 novembre
1709 3040 32 25 et
1782 3034 191 33 décembre
2022 3048 102 31 1750,

120 3067 182 40 Caidinet,
320 3071 127 32 absent
471 3083 85 20 seins
586 3083 124 31 congc,
734 3084 36 21 se
795 3083 68 23 met
891 3074 88 32 dans
997 3077 32 30 le
1045 3086 58 21 cas
1123 3086 20 21 ci
1160 3079 73 30 être
1265 3080 233 38 emprisonné
1515 3083 49 37 (!).
1593 3081 92 33 C'est
1723 3093 39 22 ce
1787 3095 62 29 qui
1874 3087 50 29 lui
1947 3085 116 34 arrive
2081 3098 43 22 en

118 3117 135 40 janvier
288 3131 106 30 1751.
416 3121 47 31 Ce
491 3122 161 37 mois-là,
668 3123 22 31 il
713 3134 42 21 ne
779 3124 134 32 toucha
931 3135 71 31 que
1030 3136 35 20 11
1104 3126 105 32 livres
1232 3137 12 31 3
1272 3130 71 29 sols
1364 3138 16 21 2
1406 3128 154 41 deniers,
1585 3142 92 29 pour
1697 3135 49 29 les
1769 3132 58 33 dix
1849 3135 164 33 derniers
2027 3136 98 42 jours

118 3166 44 31 du
184 3168 90 31 mois
298 3170 132 33 durant
451 3173 158 40 lesquels
628 3173 22 30 il
673 3173 94 32 avait
791 3174 93 41 joué.
904 3174 49 31 En
979 3174 69 32 mai
1077 3185 103 33 1751,
1204 3176 23 31 il
1253 3184 51 25 est
1328 3177 67 33 mis
1418 3180 17 30 à
1454 3178 174 34 l'amende
1654 3182 42 31 de
1714 3192 17 33 3
1755 3182 107 34 livres
1883 3196 15 19 «
1913 3196 93 29 pour
2025 3187 99 33 avoir

119 3219 152 39 manqué
289 3221 17 30 à
330 3220 146 41 l'Opéra
517 3224 33 30 le
574 3223 127 41 mardy
726 3234 34 20 11
797 3234 94 21 mars
922 3234 61 31 175
997 3236 9 19 1
1039 3236 13 17 »
1080 3228 64 36 ;le
1162 3225 172 33 vendredi
1365 3239 27 20 11
1422 3229 88 40 juin,
1534 3234 167 29 nouvelle
1738 3234 151 33 amende
1913 3246 92 29 pour
2028 3248 72 21 man-

117 3276 168 29 quement
310 3279 41 21 au
374 3270 137 33 service
529 3272 198 40 (absence).
750 3273 170 32 Cardinet
939 3274 161 33 touchait
1125 3284 41 34 33
1195 3276 107 33 livres
1322 3278 20 31 6
1359 3281 72 29 sols
1448 3279 19 31 8
1492 3280 142 33 deniers
1654 3292 64 29 par
1740 3283 101 32 mois.

160 3316 46 32 Le
231 3330 20 29 4
269 3319 90 41 juin,
385 3320 22 31 il
433 3329 51 24 est
507 3323 224 40 supposable
750 3323 87 41 qu'il
871 3324 159 40 dépensa
1061 3335 42 22 en
1128 3337 133 29 nopees
1302 3335 34 25 et
1370 3329 124 32 festins
1533 3333 47 30 les
1602 3342 44 33 30
1667 3331 105 33 livres
1797 3345 47 29 qu
1864 3333 21 31 il
1922 3335 115 32 s'était
2061 3336 60 34 fait

118 3375 150 24 avancer
290 3372 176 38 quelques
492 3371 98 40 jours
614 3381 224 32 auparavant
858 3384 64 29 par
941 3377 32 29 le
995 3374 148 33 caissier
1180 3376 42 32 de
1245 3377 157 41 l'Opéra.

160 3416 27 30 A
209 3417 114 39 partir
353 3418 44 32 de
419 3427 92 25 cette
532 3423 155 39 époque,
713 3423 23 30 il
759 3433 43 22 ne
821 3422 117 43 figure
961 3427 81 37 plus
1081 3435 62 22 sur
1174 3428 50 30 les
1260 3427 98 33 listes
1387 3428 299 45 d'émargement.
1717 3432 148 33 Comme
1886 3434 188 40 chanteur,
2096 3437 23 32 il

120 3466 171 40 n'occupa
313 3469 126 40 jamais
459 3469 136 42 qu'une
618 3475 101 37 place
743 3475 69 30 très
841 3474 220 33 secondaire.
1139 3476 149 33 Comme
1308 3488 44 21 on
1377 3481 32 30 le
1427 3479 88 40 voit,
1540 3483 50 29 les
1611 3492 134 23 mœurs
1763 3483 208 33 d'autrefois
1986 3485 133 35 étaient

121 3516 79 37 plus
226 3516 106 33 dures
359 3530 45 29 qu
423 3520 229 41 aujourd'hui
675 3533 93 29 pour
791 3526 49 29 les
863 3523 142 33 artistes
1021 3526 6 31 !
