2311 3736
146 196 78 38 612

489 203 76 27 LES
600 201 209 28 ORIGINES
844 201 55 26 DE
935 201 50 24 LA
1016 199 202 32 MUSIQUE
1253 199 50 25 ET
1337 199 51 25 LE
1421 199 188 25 TRAVAIL
1643 199 153 28 SOCIAL

146 305 233 38 naissance
402 315 7 32 ;
433 299 103 39 c'est
564 296 158 41 l'effort
741 296 234 40 lui-même
996 297 74 50 qui
1094 308 54 27 en
1182 296 217 39 constitue
1423 294 39 40 la
1494 294 136 51 règle.
1651 293 61 41 La
1736 298 206 50 musique
1966 309 54 27 ne
2050 303 92 33 sort

145 371 98 52 plus
279 369 53 39 de
364 367 146 40 loisirs
534 366 195 39 heureux
750 380 7 33 ;
781 364 83 40 elle
887 372 65 32 est
976 362 89 42 fille
1087 363 56 41 du
1171 364 156 39 travail
1348 372 40 30 et
1420 364 53 39 de
1496 364 41 40 la
1571 365 215 39 nécessité
1806 366 7 36 !

201 436 81 55 J'ai
324 442 187 33 souvent
532 437 199 36 constaté
755 430 57 54 (et
854 432 169 40 chacun
1059 432 53 40 de
1145 444 113 28 nous
1301 446 21 25 a
1362 446 58 38 pu
1446 431 210 41 observer
1677 446 75 26 sur
1772 432 255 52 soi-même)
2058 446 85 39 que

143 505 221 40 l'exercice
409 502 220 52 physique
677 501 219 52 prolongé
946 508 40 32 et
1030 501 127 51 quasi
1200 501 307 51 automatique
1542 508 65 32 est
1665 515 60 26 un
1765 501 231 40 stimulant
2032 515 112 38 pour

144 573 9 41 1
174 571 280 50 intelligence
472 578 41 32 et
537 583 100 38 que,
662 583 53 26 en
736 567 245 42 absorbant
1001 576 40 32 et
1065 582 54 26 en
1152 568 285 40 divertissant
1458 569 205 40 l'activité
1688 569 259 46 matérielle,
1971 569 28 40 il
2021 569 96 40 l'em-

144 640 137 53 pêche
321 639 53 40 de
395 637 198 42 troubler
605 636 155 43 l'autre
783 638 173 39 activité
978 645 40 32 et
1048 644 88 32 met
1174 645 110 31 cette
1307 637 200 40 dernière
1532 642 21 35 à
1573 637 126 41 l'abri
1724 637 78 40 des
1835 637 308 41 sollicitations

146 707 225 53 multiples
414 715 40 32 et
498 707 77 40 des
611 706 283 41 distractions
938 707 74 50 qui
1047 706 211 39 viennent
1296 705 58 40 du
1393 705 163 41 dehors
1581 717 9 34 ;
1632 706 28 39 il
1701 706 60 40 lui
1802 706 123 49 rend,
1982 719 53 26 en
2084 721 58 25 un

143 787 106 39 mot,
270 792 80 26 son
376 779 269 39 autonomie.
668 775 62 41 Le
750 775 156 41 travail
928 780 21 34 à
983 783 310 32 mouvements
1313 774 286 53 périodiques
1620 774 121 40 est-il
1766 788 85 26 une
1876 774 222 40 servitude
2127 779 16 35 ?

145 846 71 42 On
238 848 198 51 pourrait
471 846 120 40 aussi
618 844 103 41 bien
755 845 93 39 dire
872 841 104 55 qu'il
1015 852 67 32 est
1112 858 59 25 un
1207 842 430 51 affranchissement,
1668 856 130 39 parce
1838 841 106 54 qu'il
1981 856 162 39 occupe

145 924 41 32 et
209 928 153 27 amuse
383 915 61 40 les
468 927 116 30 sens,
604 914 62 39 les
701 912 211 53 empêche
932 912 53 40 de
1016 925 113 27 nous
1151 912 219 49 déranger
1410 920 40 31 et
1486 911 106 40 rend
1617 915 22 35 à
1661 910 39 40 la
1724 915 162 47 pensée
1910 919 120 33 toute
2063 925 79 27 son

144 983 354 53 indépendance.
537 981 63 41 Le
621 990 147 32 retour
790 982 54 39 de
868 980 197 52 rythmes
1083 978 310 42 indéfiniment
1425 983 169 48 répétés
1618 978 244 42 ressemble
1901 984 20 35 à
1943 993 46 27 ce
2007 980 136 40 cercle

143 1054 227 49 magique,
393 1048 388 50 infranchissable,
801 1055 56 34 où
881 1049 62 40 les
965 1048 296 41 enchanteurs
1293 1048 78 40 des
1392 1056 151 32 contes
1567 1048 53 40 de
1642 1047 91 41 fées
1759 1049 384 51 emprisonnaient

146 1121 117 40 leurs
299 1121 202 39 ennemis
523 1130 8 37 ;
567 1132 52 26 en
659 1119 226 50 imposant
918 1131 86 26 une
1061 1117 139 39 limite
1233 1121 22 34 à
1296 1115 249 41 l'influence
1592 1116 58 40 du
1686 1117 222 51 physique
1929 1125 40 31 et
2011 1130 54 26 en
2103 1117 39 38 la

145 1195 231 34 ramenant
400 1188 200 51 toujours
643 1199 74 28 sur
752 1185 268 47 elle-même,
1045 1185 29 40 il
1114 1185 40 39 la
1192 1184 142 41 réduit
1380 1199 53 25 au
1465 1186 235 38 minimum
1734 1193 40 32 et
1807 1183 138 42 libère
1985 1185 139 40 l'intel-

143 1257 184 51 ligence.
356 1254 48 42 Si
428 1257 187 38 certains
646 1255 235 49 villageois
906 1262 99 32 sont
1030 1252 207 53 capables
1261 1253 53 40 de
1348 1254 181 48 rêverie,
1555 1251 104 42 c'est
1682 1252 230 53 beaucoup
1950 1253 117 52 plus,
2106 1254 38 51 je

145 1326 128 47 crois,
300 1321 225 55 lorsqu'ils
563 1322 171 41 battent
773 1323 53 39 de
849 1322 117 41 leurs
1005 1322 141 40 fléaux
1174 1320 122 41 l'aire
1336 1329 206 33 couverte
1574 1319 154 55 d'épis,
1770 1335 84 38 que
1890 1322 112 40 dans
2027 1319 116 44 leurs

148 1401 221 34 moments
407 1392 229 40 d'oisiveté
677 1391 234 52 complète.

200 1460 136 41 Autre
359 1462 124 51 point
500 1460 52 40 de
572 1473 84 26 vue
675 1470 7 27 :
703 1458 190 41 affirmer
907 1472 85 38 que
1012 1458 39 40 le
1066 1458 256 40 travailleur
1338 1457 189 52 primitif
1541 1467 65 31 est
1620 1458 184 52 capable
1821 1458 53 41 de
1887 1459 143 50 régler
2050 1468 72 32 tou-

146 1530 120 52 jours
284 1530 40 39 le
343 1529 173 52 rythme
536 1528 185 40 musical
748 1541 74 27 sur
842 1527 111 42 celui
987 1527 76 39 des
1087 1535 309 32 mouvements
1435 1531 217 47 exécutés,
1693 1525 104 42 c'est
1820 1528 60 39 lui
1917 1531 145 48 prêter
2084 1542 59 26 un

146 1611 104 28 sens
266 1599 230 51 artistique
521 1610 122 26 assez
661 1601 181 45 avancé,
870 1597 74 51 qui
962 1603 63 33 est
1049 1594 275 52 l'exception,
1347 1603 40 31 et
1405 1608 88 27 non
1514 1594 38 40 la
1571 1594 134 50 règle.
1720 1593 82 55 J'ai
1819 1609 56 25 vu
1890 1594 78 40 des
1990 1596 153 51 jeunes

147 1677 109 38 gens
280 1669 86 35 très
391 1663 103 40 bien
516 1663 144 39 élevés
680 1663 162 39 danser
880 1662 477 53 imperturbablement
1393 1667 21 35 à
1466 1676 18 36 3
1523 1670 142 44 temps
1689 1676 75 27 sur
1796 1663 78 40 des
1898 1663 87 40 airs
2009 1663 134 51 qu'on

150 1733 90 40 leur
266 1733 135 52 jouait
423 1737 21 34 à
463 1747 24 35 4
506 1740 158 44 temps.
690 1730 105 41 Cela
817 1744 54 27 ne
895 1731 62 39 les
980 1733 151 49 gênait
1153 1744 54 27 en
1232 1732 107 39 rien.
1368 1731 56 40 Ils
1448 1730 223 41 n'avaient
1707 1733 44 37 ni
1770 1731 168 51 oreille,
1975 1732 43 38 ni
2042 1745 101 26 sens

151 1801 200 40 musical.
378 1799 191 41 Peut-on
595 1803 143 47 prêter
760 1798 348 41 uniformément
1126 1814 80 25 aux
1224 1798 208 53 primitifs
1453 1812 86 28 une
1563 1799 197 52 aptitude
1785 1804 21 35 à
1827 1799 315 42 l'observation

148 1869 55 41 du
230 1869 171 51 rythme
425 1881 85 38 que
532 1866 121 41 n'ont
677 1880 78 39 pas
779 1866 231 53 beaucoup
1033 1868 53 39 de
1110 1881 81 27 nos
1216 1869 359 50 contemporains
1594 1871 15 36 ?

203 1936 71 40 Ma
301 1936 188 40 seconde
511 1935 220 52 objection
754 1944 64 31 est
841 1936 175 39 d'ordre
1038 1936 261 51 historique.

206 2003 71 41 On
301 2018 20 25 a
345 2003 166 53 parfois
534 2003 212 52 reproché
767 2008 21 35 à
811 2017 104 26 ceux
938 2005 71 50 qui
1039 2004 197 40 étudient
1263 2004 62 39 les
1361 2013 403 31 commencements
1797 2005 52 40 de
1873 2003 97 43 l'art
2007 2006 53 39 de
2088 2020 52 26 ne

150 2086 78 39 pas
249 2072 248 50 distinguer
521 2084 102 27 avec
640 2084 121 27 assez
786 2072 52 39 de
858 2074 221 49 précision
1103 2072 63 39 les
1192 2074 184 38 sociétés
1397 2074 247 50 primitives
1668 2072 52 40 de
1744 2073 132 39 celles
1909 2075 74 50 qui
2018 2088 55 26 ne
2103 2074 38 40 le

149 2149 99 32 sont
271 2141 115 51 plus,
410 2149 93 31 tout
527 2153 53 26 en
601 2144 119 36 étant
741 2144 256 46 étrangères
1023 2144 21 35 à
1066 2149 126 31 notre
1214 2140 282 47 civilisation,
1523 2150 41 30 et
1587 2140 53 40 de
1664 2149 155 31 mettre
1839 2154 76 27 sur
1934 2142 38 39 la
1999 2146 144 36 même

147 2209 124 50 ligne
293 2208 77 40 des
393 2221 193 39 groupes
611 2213 86 35 très
717 2206 242 50 différents,
989 2221 53 26 en
1069 2208 212 52 adoptant
1305 2222 86 26 une
1413 2206 316 43 classification
1751 2208 295 53 superficielle
2067 2213 76 49 qui

148 2277 169 39 devrait
339 2280 90 36 être
452 2276 272 40 résolument
760 2276 157 52 rejetée
941 2276 149 52 quand
1126 2290 56 26 on
1201 2285 104 31 veut
1329 2276 176 40 aboutir
1526 2281 21 35 à
1572 2290 86 27 une
1679 2278 196 40 doctrine
1909 2279 212 50 sociologi-

148 2358 97 40 que.
275 2344 31 40 Il
331 2358 69 26 me
424 2343 169 41 semble
624 2358 84 38 que
739 2344 39 40 le
800 2344 106 40 livre
930 2345 56 40 du
1011 2344 255 52 professeur
1289 2345 174 40 Bûcher
1485 2343 242 55 n'échappe
1752 2360 78 38 pas
1853 2349 292 38 entièrement

146 2418 21 35 à
190 2428 58 25 un
271 2413 211 52 reproche
506 2413 54 39 de
583 2425 45 27 ce
651 2425 151 37 genre.
830 2412 121 40 Tous
975 2413 62 39 les
1058 2413 155 40 chants
1237 2412 105 53 qu'il
1376 2415 227 50 reproduit
1637 2423 99 31 sont
1761 2413 102 42 bien
1886 2415 78 40 des
1988 2416 157 40 chants

146 2482 54 39 de
229 2481 156 40 travail
410 2483 193 38 associés
643 2485 21 34 à
705 2481 189 40 certains
929 2490 310 32 mouvements
1273 2482 225 51 corporels
1520 2494 8 37 ;
1555 2485 113 38 mais
1689 2496 112 39 pour
1832 2497 83 38 que
1951 2498 46 26 sa
2022 2485 123 40 thèse

146 2549 65 41 fût
233 2550 271 48 démontrée,
531 2549 28 39 il
583 2547 191 42 faudrait
797 2547 184 42 d'abord
1007 2563 85 38 que
1116 2563 70 27 ces
1216 2551 155 39 chants
1402 2553 332 50 appartinssent
1757 2552 345 41 exclusivement
2122 2557 21 35 à

145 2618 76 39 des
245 2618 204 39 hommes
473 2615 226 54 primitifs,
724 2631 156 26 encore
905 2632 54 26 au
983 2620 191 50 premier
1196 2619 135 50 degré
1364 2619 52 39 de
1435 2619 38 39 la
1496 2620 282 51 civilisation,
1805 2629 41 31 et
1879 2629 267 44 permettant

147 2686 52 40 de
249 2687 129 39 saisir
420 2699 171 27 comme
634 2700 53 25 au
745 2685 163 50 griffon
959 2686 53 40 de
1054 2686 38 40 la
1136 2700 155 27 source
1333 2687 37 39 le
1421 2688 56 52 jet
1524 2689 142 39 initial
1710 2689 54 40 de
1801 2689 38 39 la
1880 2690 264 51 production

149 2754 225 40 musicale.
419 2753 152 51 Isoler,
597 2767 111 39 pour
739 2754 63 39 les
825 2754 185 51 étudier,
1037 2755 75 39 des
1151 2756 303 50 phénomènes
1478 2756 53 40 de
1551 2770 46 26 ce
1632 2770 151 36 genre,
1810 2766 64 32 est
1912 2757 103 41 bien
2037 2757 92 40 diffi-

148 2822 95 51 cile,
266 2824 129 38 sinon
414 2822 263 52 impossible
699 2833 9 38 ;
731 2823 112 39 mais
861 2822 188 40 l'auteur
1068 2823 118 40 nel'a
1203 2837 78 38 pas
1304 2829 169 47 essayé.
1496 2824 122 40 Dans
1636 2824 180 54 Rythme
1839 2832 35 33 et
1894 2826 155 40 travail
2055 2856 7 15 ,
2084 2827 61 39 les

148 2890 262 41 documents
441 2892 228 38 musicaux
694 2899 99 31 sont
813 2895 194 47 groupés
1027 2890 173 53 d'après
1225 2892 38 40 le
1284 2893 111 51 sujet
1417 2893 77 39 des
1511 2893 157 40 chants
1686 2907 55 27 ou
1766 2895 38 39 le
1825 2907 136 37 genre
1983 2893 139 42 d'exer-

148 2961 87 38 cice
258 2959 107 40 dont
393 2959 53 39 ils
471 2960 249 51 paraissent
738 2958 323 52 inséparables,
1080 2968 40 32 et
1143 2973 89 27 non
1256 2960 172 53 d'après
1462 2961 38 40 le
1520 2961 135 51 degré
1677 2962 53 40 cle
1751 2963 170 40 culture
1940 2964 77 39 des
2041 2977 78 38 peu-

148 3027 110 53 ples,
275 3040 47 27 ce
342 3029 74 49 qui
441 3040 54 27 ne
518 3027 133 39 laisse
674 3040 79 39 pas
776 3027 53 39 de
848 3026 109 41 faire
974 3042 59 25 un
1058 3027 281 54 assemblage
1355 3044 58 25 un
1435 3043 84 38 peu
1540 3029 169 41 confus.
1736 3030 142 51 Voici,
1905 3045 113 38 pour
2040 3034 105 38 citer

148 3111 60 25 un
230 3095 213 52 exemple,
469 3095 161 40 l'ordre
667 3095 77 40 des
762 3095 223 40 chansons
1009 3101 152 35 notées
1198 3099 74 50 qui
1296 3096 192 42 forment
1508 3096 275 55 l'appendice
1803 3113 8 26 :
1853 3104 38 35 i°
1913 3100 131 41 chant
2067 3101 78 40 des

146 3163 176 40 Indiens
337 3161 263 54 (Amérique
644 3174 9 38 ;
679 3179 20 24 2
705 3168 17 17 0
746 3163 132 41 chant
912 3164 57 40 du
988 3163 197 54 Bengale
1210 3181 8 31 -,
1247 3181 16 35 3
1272 3173 15 18 0
1307 3166 131 40 chant
1468 3165 164 41 chinois
1651 3181 9 34 ;
1685 3182 23 35 4
1713 3172 17 17 0
1759 3168 131 40 chant
1909 3169 78 39 des
2009 3168 108 53 Poly-

148 3231 192 48 nésiens;
370 3245 14 36 5
393 3236 17 17 0
442 3231 132 40 chant
607 3231 52 40 de
679 3231 159 40 Samoa
861 3246 9 34 ;
903 3236 43 36 6°
969 3233 132 40 chant
1135 3233 78 40 des
1250 3234 241 54 Egyptiens
1515 3233 62 52 (13
1601 3235 162 52 pièces)
1792 3250 9 34 ;
1844 3251 20 34 7
1871 3241 17 16 0
1910 3237 132 39 chant
2076 3238 71 38 des

147 3299 255 53 gondoliers
424 3301 51 36 de
503 3299 160 39 Venise.
689 3298 85 41 Les
798 3300 156 41 chants
974 3299 76 54 (ou
1070 3303 85 38 cris
1171 3310 40 32 et
1229 3302 173 52 appels)
1421 3302 134 52 qu'on
1571 3304 161 40 entend
1747 3304 111 40 dans
1879 3305 62 40 les
1954 3318 101 28 rues
2068 3306 77 40 des

150 3368 192 49 grandes
364 3367 127 40 villes
515 3372 304 47 européennes
854 3377 99 31 sont
977 3371 281 39 mentionnés
1296 3375 21 35 à
1342 3374 95 37 côté
1466 3372 53 39 de
1541 3386 106 26 ceux
1682 3373 77 39 des
1788 3379 159 44 nègres
1983 3371 138 42 d'Afri-

151 3448 100 38 que,
265 3436 76 39 des
362 3434 135 42 Grecs
518 3437 221 50 antiques,
764 3436 78 40 des
867 3436 177 41 Indiens
1068 3438 52 39 de
1142 3438 273 53 l'Amérique
1432 3440 56 40 du
1510 3438 138 51 Nord,
1665 3454 57 26 ou
1738 3441 76 39 des
1837 3441 235 51 villageois
2093 3442 52 39 de

151 3503 40 39 la
216 3502 195 42 Bohême
433 3512 41 33 et
496 3504 76 41 des
596 3502 134 42 bords
753 3504 58 41 du
834 3503 133 42 Rhin.
996 3504 112 42 Rien
1132 3520 54 26 ne
1221 3505 216 43 m'assure
1463 3522 84 37 que
1575 3517 145 32 toutes
1754 3523 71 26 ces
1848 3511 144 48 pièces
2028 3511 118 38 aient
