2311 3736
184 193 74 46 580

1029 194 289 34 GALLI-MARIÉ

177 296 225 48 L'amour,
429 297 152 40 enfant
615 299 51 38 de
690 298 213 41 Bohème,
938 296 151 43 n'était
1112 313 79 37 pas
1220 299 110 40 celui
1352 311 99 39 que,
1479 297 170 53 jusqu'à
1675 312 46 26 ce
1743 299 112 51 jour,
1881 302 115 37 avait
2020 312 145 27 connu

178 374 40 30 et
254 366 313 39 recommandé
591 366 38 39 la
665 367 174 39 maison
875 367 52 38 de
957 366 245 40 Boïeldieu.
1226 365 86 40 Ces
1354 371 307 46 répugnances
1695 368 238 49 premières
1964 376 75 30 ont
2072 366 95 39 leur

177 445 156 26 excuse
365 433 58 39 du
444 435 147 38 moins
625 434 111 39 dans
753 434 38 39 la
816 435 223 50 prudence
1055 435 76 39 des
1156 440 140 33 mères
1320 435 53 39 de
1397 433 179 40 famille.
1604 434 37 39 A
1662 435 95 38 voir
1780 436 164 37 mourir
1968 434 192 39 Carmen

177 501 111 38 ainsi
312 499 158 52 qu'elle
494 510 157 41 meurt,
678 515 56 26 on
766 510 103 43 peut
893 505 88 36 être
1020 506 116 35 tenté
1159 502 51 39 de
1233 503 120 38 vivre
1376 514 172 27 comme
1571 501 80 40 elle
1674 515 21 25 a
1715 506 122 35 vécu.
1867 501 125 40 Cette
2015 513 152 28 œuvre

174 567 275 40 décidément
484 577 64 31 est
590 569 52 39 de
684 570 250 50 pernicieux
980 569 182 40 conseil.
1192 568 111 41 Sans
1328 569 148 48 doute,
1514 577 109 32 cette
1647 569 204 52 pruderie
1894 569 25 39 d
1940 578 134 31 antan
2103 567 64 40 fut

176 648 112 39 pour
310 636 192 51 quelque
537 637 132 39 chose
691 637 111 39 dans
825 637 292 40 l'incertitude
1153 637 57 39 du
1235 638 191 50 premier
1444 637 179 40 accueil.
1644 636 118 41 C'est
1783 637 39 39 là
1847 635 209 42 toutefois
2081 649 85 27 une

177 708 188 46 épreuve
388 705 73 50 qui
482 704 148 40 attend
654 718 190 38 presque
869 713 99 31 tous
997 704 61 40 les
1082 718 219 37 ouvrages
1334 704 260 40 d'initiative
1629 706 246 46 téméraire,
1901 704 53 40 de
1978 708 162 36 rénova-

179 773 92 38 tion
287 771 170 40 hardie.
480 771 68 41 En
571 787 58 25 un
653 774 162 38 sentier
839 777 21 35 à
884 775 128 49 peine
1032 772 123 53 frayé
1186 781 40 31 et
1249 772 318 52 brusquement
1597 781 168 38 ouvert,
1791 772 38 40 le
1851 772 150 52 public
2024 772 141 39 hésite

180 840 199 51 toujours
400 844 20 34 à
454 838 249 53 s'engager.
729 840 158 40 Robert
910 841 36 39 le
960 840 170 47 Diable,
1157 849 130 31 avant
1310 840 224 52 d'appeler
1562 849 93 31 tout
1671 840 128 42 Paris
1820 844 19 36 à
1866 840 39 40 la
1933 848 234 43 trompette

177 907 77 39 des
280 906 242 42 Chevaliers
543 908 50 39 de
630 923 68 24 ma
718 908 135 54 patrie
873 908 62 52 (21
974 921 101 27 nov.
1108 906 136 54 1831),
1271 910 182 38 redouta
1484 908 132 40 d'être
1649 909 250 39 condamné
1929 917 40 31 et
2004 908 163 39 damné

176 988 174 26 comme
383 975 201 41 Bertram
605 976 249 40 lui-même.
893 976 132 40 Faust
1047 976 146 40 devait
1230 977 268 51 surprendre
1534 991 58 25 un
1616 990 100 38 peu,
1755 985 131 31 avant
1921 975 211 41 d'enthou-

176 1045 187 37 siasmer
402 1044 61 39 les
497 1044 131 40 salles
652 1043 120 41 enfin
804 1045 249 51 conquises.
1081 1043 126 40 Ainsi
1232 1044 51 40 de
1308 1044 199 41 Carmen.
1532 1044 116 40 Mais
1678 1044 62 40 les
1764 1044 277 40 lendemains
2062 1053 100 31 sont

177 1108 131 42 d'une
346 1110 277 53 magnifique
661 1112 228 40 revanche.

227 1177 116 41 Avec
363 1179 182 39 Carmen
571 1193 56 26 on
657 1189 103 43 peut
791 1181 95 38 dire
903 1194 85 38 que
1012 1180 161 52 l'opéra
1199 1182 203 50 comique
1425 1181 170 40 évolue.
1621 1180 230 41 Toutefois
1876 1180 120 40 Bizet
2016 1189 65 31 est
2103 1195 60 26 un

173 1245 209 51 Français
405 1247 53 40 de
480 1261 113 34 race,
618 1263 57 24 un
706 1247 218 41 Parisien.
945 1247 67 40 En
1049 1263 45 25 sa
1120 1253 160 47 pensée
1301 1249 62 40 les
1387 1249 119 40 idées
1542 1262 45 26 se
1618 1250 160 39 mirent
1811 1250 110 38 ainsi
1943 1262 85 37 que
2051 1249 113 39 dans

172 1313 39 40 le
250 1315 146 38 cristal
438 1315 131 40 d'une
612 1329 155 26 source
810 1318 177 49 apaisée
1024 1325 41 30 et
1107 1317 196 51 limpide.
1327 1317 169 53 Jusque
1534 1317 112 40 dans
1679 1330 69 27 ses
1788 1317 188 40 audaces
1994 1317 28 38 il
2044 1331 21 25 a
2103 1317 58 40 du

172 1387 123 45 goût,
318 1383 51 39 de
406 1383 39 39 la
468 1397 193 26 mesure.
694 1383 124 40 Cette
856 1386 219 50 musique
1098 1393 63 31 est
1184 1385 255 40 ensoleillée
1470 1398 171 27 comme
1664 1400 58 25 un
1755 1385 120 54 patio
1902 1385 52 40 de
1975 1383 181 42 Séville.

172 1448 95 41 Elle
304 1450 222 41 réchauffe
550 1460 40 31 et
611 1451 82 40 elle
726 1452 184 39 éclaire.
931 1451 223 41 Combien
1179 1452 192 51 français
1394 1461 64 32 est
1481 1454 120 39 aussi
1625 1453 38 40 le
1686 1452 113 41 beau
1834 1453 136 40 talent
1992 1453 54 39 de
2069 1453 77 40 l'in-

171 1524 186 45 terprète
396 1520 189 39 aussitôt
632 1533 195 38 apparue
854 1520 5 37 !
899 1519 125 40 Cette
1065 1519 83 41 fois
1187 1534 172 37 encore,
1387 1521 182 40 l'œuvre
1600 1530 41 30 et
1678 1520 186 41 l'artiste
1896 1520 267 41 semblaient

172 1599 19 25 s
211 1586 199 40 attendre
433 1600 8 33 ;
467 1601 59 25 un
566 1591 144 35 même
743 1587 169 50 souffle,
945 1602 114 26 venu
1091 1588 53 40 de
1185 1594 87 34 très
1307 1589 122 50 haut,
1450 1588 170 41 semble
1659 1589 62 39 les
1757 1590 122 38 avoir
1914 1593 243 47 pénétrées.

172 1651 288 42 Galli-Marié
482 1663 64 31 est
587 1655 114 40 donc
737 1655 194 40 Carmen
969 1657 157 51 jusque
1162 1656 111 41 dans
1308 1658 61 38 les
1403 1658 223 39 dernières
1649 1655 134 41 fibres
1807 1658 51 38 de
1889 1670 46 26 sa
1960 1656 122 40 chair
2109 1658 53 38 de

171 1721 136 52 péché
329 1727 41 34 et
391 1722 53 39 de
466 1722 275 41 damnation.
764 1722 260 41 Observons
1049 1723 207 41 toutefois
1280 1723 159 51 qu'elle
1455 1720 221 42 n'abaisse
1700 1736 78 38 pas
1799 1722 38 39 le
1860 1735 297 38 personnage,

169 1788 83 40 elle
286 1789 38 39 le
358 1790 178 50 grandit
563 1790 142 52 plutôt
761 1790 125 40 Cette
918 1792 260 50 pécheresse
1199 1791 73 41 bat
1302 1792 39 38 le
1369 1795 112 47 pavé
1512 1790 53 40 de
1589 1791 39 39 la
1654 1804 75 26 rue
1754 1790 52 39 de
1830 1803 70 27 ses
1926 1792 228 49 escarpins

171 1856 101 40 bien
315 1867 229 37 sonnants,
576 1858 82 39 elle
696 1872 45 26 se
783 1872 106 36 gare
927 1860 56 38 du
1018 1861 215 39 ruisseau.
1260 1859 95 39 Elle
1394 1858 189 40 décoche
1606 1858 76 39 des
1712 1858 216 47 œillades,
1954 1858 82 39 elle
2069 1858 68 40 fas-

171 1926 109 47 cine,
316 1926 112 38 mais
460 1925 133 41 laisse
630 1939 157 27 encore
824 1927 189 51 quelque
1050 1941 156 38 espace
1239 1927 53 39 de
1321 1940 46 26 sa
1392 1940 220 38 personne
1648 1928 214 38 aisément
1895 1927 261 51 prodiguée,

171 2006 54 26 au
244 1994 247 50 vainqueur
511 2007 55 26 ou
586 1995 143 38 mieux
759 2009 53 25 au
835 1995 173 49 vaincu,
1035 1995 160 51 qu'elle
1213 2009 45 26 se
1279 2002 171 44 promet
1474 1995 52 39 de
1548 1994 199 40 dévorer.
1776 1994 61 40 Ce
1858 1995 110 39 n'est
1994 1995 163 51 qu'une

171 2074 185 33 nuance,
392 2062 111 38 mais
542 2061 332 52 d'importance,
904 2070 41 31 et
977 2064 74 50 qui
1091 2077 80 37 par
1200 2063 203 39 malheur
1424 2070 65 31 est
1532 2062 280 51 quelquefois
1832 2061 190 40 oubliée.
2043 2061 91 40 L'ef-

169 2126 209 41 fronterie
405 2128 54 40 de
495 2128 39 40 la
558 2128 212 41 véritable
799 2129 193 40 Carmen
1012 2144 54 25 ne
1089 2129 63 41 fut
1183 2132 158 51 jamais
1371 2131 57 38 du
1451 2131 197 50 cynisme
1673 2145 8 33 ;
1707 2138 40 31 et
1770 2138 110 31 cette
1903 2130 251 51 impudeur,

169 2208 80 38 par
285 2196 89 39 cela
412 2199 145 36 même
581 2196 158 51 qu'elle
763 2198 91 39 doit
898 2198 156 40 laisser
1077 2199 192 52 quelque
1291 2199 133 39 chose
1447 2202 21 34 à
1493 2198 184 50 cueillir,
1704 2197 98 40 n'en
1828 2211 94 26 sera
1946 2211 84 38 que
2055 2198 99 51 plus

171 2263 253 40 séduisante
445 2274 40 29 et
516 2264 99 51 plus
640 2265 275 40 redoutable.

223 2330 77 40 Tel
325 2331 62 40 fut
410 2340 63 31 cet
497 2334 154 50 exquis
672 2331 321 43 chef-d'œuvre
1015 2335 53 39 de
1101 2333 284 42 Galli-Marié
1407 2335 198 41 devenue
1641 2333 208 48 Carmen,
1868 2347 84 38 que
1985 2335 39 38 la
2049 2334 81 39 han-

170 2401 80 38 tise
284 2399 57 40 du
376 2401 223 48 souvenir,
641 2399 265 42 l'obsession
941 2402 51 39 de
1032 2411 111 31 cette
1184 2402 257 53 perfection,
1482 2404 179 39 doivent
1700 2402 255 52 longtemps
1997 2416 158 26 encore

167 2480 179 27 excuser
368 2467 62 40 les
454 2472 212 43 réserves,
689 2473 221 47 peut-être
950 2470 62 39 les
1046 2472 241 50 injustices,
1314 2471 53 39 de
1401 2471 169 40 ceux-là
1592 2484 157 26 encore
1788 2472 253 38 survivants
2076 2472 74 50 qui

165 2534 145 41 furent
334 2537 176 38 conviés
535 2550 82 25 aux
640 2535 138 41 belles
811 2536 109 42 fêtes
952 2538 54 39 de
1038 2538 126 52 jadis.
1191 2537 277 53 Longtemps
1501 2539 39 39 la
1574 2538 192 40 Carmen
1807 2540 74 50 qui
1906 2539 110 39 n'est
2053 2538 98 51 plus

167 2601 89 40 fera
283 2611 86 31 tort
403 2607 21 35 à
466 2612 143 31 toutes
640 2604 129 40 celles
797 2607 73 49 qui
894 2615 343 43 entreprennent
1253 2607 53 39 de
1330 2607 60 40 lui
1414 2608 220 39 succéder.
1659 2606 32 40 Il
1709 2606 155 40 faudra
1885 2607 129 46 donc,
2042 2620 111 38 pour

169 2684 83 38 que
278 2679 143 31 toutes
451 2671 155 40 choses
630 2672 315 42 redeviennent
978 2674 264 52 équitables,
1269 2673 135 53 qu'un
1429 2676 121 49 léger
1571 2675 117 39 voile
1719 2673 167 42 d'oubli
1910 2674 244 52 enveloppe

169 2752 46 26 ce
251 2748 210 30 revenant
482 2738 190 41 obstiné.

226 2806 69 41 Un
319 2808 90 39 soir
425 2807 159 51 qu'elle
606 2809 137 51 jouait
769 2808 183 41 Carmen
960 2844 7 16 ,
995 2809 280 42 Galli-Marié
1291 2825 53 26 en
1362 2813 120 38 vient
1503 2815 21 36 à
1547 2811 38 39 la
1611 2816 129 35 scène
1763 2813 290 48 angoissante
2079 2812 75 50 qui

171 2875 59 39 lui
251 2883 87 31 met
361 2876 276 51 rapidement
657 2885 122 32 entre
797 2877 61 40 les
873 2878 148 51 doigts
1044 2879 62 40 les
1129 2888 155 42 cartes,
1308 2878 273 41 confidentes
1597 2879 53 40 de
1674 2893 69 26 ses
1772 2881 211 50 caprices,
2009 2879 145 40 oracle

167 2943 52 39 de
240 2956 68 27 ses
333 2957 179 26 amours
529 2944 103 40 etde
655 2957 69 27 ses
742 2945 225 48 haines,et
985 2948 116 39 voilà
1127 2961 84 38 que
1228 2949 62 39 les
1308 2956 139 32 cartes
1470 2954 228 33 ramènent
1715 2947 107 40 celle
1839 2954 56 33 où
1916 2948 238 39 s'annonce

166 3011 38 39 la
231 3020 129 32 mort.
383 3011 69 41 Un
487 3013 168 39 instant
679 3011 280 43 Galli-Marié
991 3029 54 26 en
1086 3024 66 32 est
1191 3015 213 42 troublée.
1438 3015 69 41 Au
1539 3020 143 36 même
1717 3017 112 51 jour,
1855 3015 122 40 Bizet
2010 3015 146 40 devait

165 3081 183 38 mourir.
383 3078 125 41 Cette
542 3081 213 40 anecdote
789 3091 64 32 est
874 3091 95 44 trop
1006 3086 273 50 pittoresque
1315 3098 112 38 pour
1449 3089 91 35 être
1570 3083 283 42 absolument
1878 3085 132 38 vraie.
2037 3082 115 40 Mais

165 3161 26 25 11
210 3147 124 39 est-il
358 3161 79 38 pas
461 3147 224 52 équitable
705 3150 135 51 qu'un
860 3165 85 38 peu
979 3152 53 39 de
1054 3157 192 47 mystère
1282 3152 120 40 flotte
1427 3153 201 39 alentour
1645 3152 53 40 de
1718 3166 46 26 ce
1784 3156 156 36 maître
1965 3153 34 38 si
2024 3150 103 40 brus-

164 3224 209 41 quement
396 3216 211 51 disparu?
637 3216 47 41 Si
717 3218 62 40 les
805 3222 178 38 anciens
1007 3223 249 38 assuraient
1277 3219 129 54 qu'ils
1430 3230 100 32 sont
1561 3223 138 38 aimés
1729 3221 75 39 des
1828 3220 129 40 dieux
1980 3218 168 42 ceux-là

166 3285 73 50 qui
264 3293 199 31 meurent
486 3284 111 40 dans
619 3285 39 39 la
684 3286 109 40 fleur
816 3288 52 40 de
901 3289 40 39 la
966 3290 219 52 jeunesse,
1210 3304 54 26 ne
1286 3290 189 40 laissant
1499 3302 86 39 que
1610 3290 77 38 des
1702 3297 184 41 regrets
1910 3297 41 31 et
1980 3299 170 29 comme

167 3351 38 40 le
228 3352 117 40 deuil
369 3352 75 40 des
473 3352 132 40 fleurs
632 3353 95 53 déjà
764 3359 243 48 épanouies
1042 3371 55 27 en
1127 3357 94 41 leur
1256 3358 191 51 chemin,
1472 3357 122 41 Bizet
1625 3357 65 41 fut
1721 3357 128 49 donc,
1875 3369 171 27 comme
2076 3367 78 39 pas

166 3434 58 24 un
261 3429 138 38 autre,
422 3436 58 24 un
505 3420 137 41 favori
663 3422 52 40 de
739 3421 223 56 l'Olympe
991 3435 41 31 et
1070 3427 77 39 des
1171 3425 167 42 Muses.
1365 3425 126 42 Nous
1515 3439 53 27 ne
1588 3427 207 39 saurions
1830 3425 92 40 dire
1948 3422 65 42 s'il
2038 3424 114 39 avait

165 3488 96 51 déjà
292 3490 156 50 rempli
473 3498 119 32 toute
626 3503 44 27 sa
706 3491 196 42 destinée
934 3507 9 35 ;
971 3497 73 48 qui
1081 3495 113 39 donc
1217 3504 103 41 peut
1340 3497 159 48 jamais
1532 3496 149 39 savoir
1699 3507 46 26 ce
1767 3506 87 39 que
1874 3506 112 27 nous
2018 3491 136 51 garde
