2311 3736
715 178 266 44 L'ORATORIO
1016 195 19 24 <(
1071 196 220 28 CHRISTUS
1326 195 21 28 »
1383 198 54 25 DE
1471 198 120 27 LISZT

2081 191 76 45 607

162 291 179 42 France,
390 287 39 40 la
475 286 249 55 Tétralogie
747 289 54 40 de
830 289 205 52 Wagner
1056 299 40 33 et
1135 295 39 49 (6
1207 294 115 39 mois
1343 303 132 32 avant
1498 294 146 54 Paris)
1686 296 181 42 Armide
1891 313 9 34 ;
1943 311 103 27 avec
2089 311 70 27 ces

162 357 191 54 grandes
388 369 191 34 œuvres,
620 357 30 38 il
684 371 22 25 a
731 362 151 35 monté
988 360 111 39 dans
1123 360 189 52 l'espace
1335 362 53 40 de
1409 365 106 39 trois
1548 379 80 26 ans
1745 367 61 40 les
1849 366 239 41 Girondins
2107 367 53 40 de

161 426 219 47 Leborne,
407 425 12 40 1
437 423 221 54 Etranger
679 425 53 40 de
755 425 52 42 V.
833 426 26 40 d
880 425 124 54 Indy,
1040 436 55 39 et,
1134 433 284 49 récemment,
1460 432 187 41 VArmor
1675 435 54 40 de
1766 434 152 55 Sylvio
1957 436 199 41 Lazzari.

214 540 54 36 En
296 537 216 37 l'honneur
542 536 48 37 de
614 537 216 37 Corneille.
922 533 64 41 Le
1007 533 186 42 Journal
1216 551 21 25 a
1263 541 267 39 récemment
1549 540 147 42 donné
1714 557 59 26 un
1795 545 143 49 grand
1962 545 127 40 dîner
2102 551 57 34 où

163 604 62 40 les
244 602 325 51 compositeurs
593 609 77 32 ont
692 606 68 36 été
781 603 162 39 invités
978 607 21 35 à
1021 604 212 50 désigner
1251 620 59 26 un
1335 607 76 40 des
1435 608 117 41 leurs
1575 623 113 38 pour
1710 613 136 39 écrire
1877 627 86 26 une
1987 622 172 32 cantate

162 673 195 39 destinée
394 674 21 35 à
438 669 195 41 célébrer
655 670 39 40 le
722 671 216 51 prochain
967 674 305 40 anniversaire
1314 675 52 40 de
1408 675 239 44 Corneille.
1689 679 61 41 M.
1790 680 189 41 Camille
2012 681 147 43 Saint-

164 740 139 41 Saëns
329 753 20 25 a
369 742 67 36 été
458 738 187 50 désigné
678 743 21 35 à
727 739 293 42 l'unanimité.

380 1036 292 43 L'ORATORIO
713 1037 195 42 Christus
932 1052 56 25 DE
1010 1036 135 41 LISZT
1182 1035 39 55 (I
1221 1035 40 55 re
1303 1052 158 25 PARTIE
1484 1037 90 40 :La
1594 1038 109 41 Nuit
1719 1039 50 40 de
1789 1039 143 54 Noël).

212 1171 229 42 Novateur
455 1170 145 50 hardi,
621 1169 71 40 Fr.
713 1168 121 41 Liszt
870 1168 64 41 fut
958 1183 54 26 au
1031 1171 192 50 premier
1246 1168 102 41 chef
1378 1183 59 26 un
1461 1173 215 47 créateur,
1703 1176 198 37 créateur
1933 1175 197 51 puissam-

160 1248 118 34 ment
300 1238 174 48 fécond,
520 1251 158 28 encore
716 1237 164 54 qu'une
922 1244 87 35 très
1042 1238 200 50 légitime
1278 1238 269 41 admiration
1586 1253 53 27 ne
1678 1241 129 40 doive
1839 1243 235 51 empêcher
2105 1244 53 40 de

160 1312 275 38 reconnaître
450 1308 62 40 les
529 1307 177 41 défauts
724 1309 74 50 qui
823 1321 70 26 me
917 1305 221 42 semblent
1157 1310 90 37 être
1266 1320 105 28 ceux
1392 1309 53 40 de
1480 1323 81 27 son
1582 1312 130 49 génie
1738 1322 8 27 :
1769 1311 37 51 je
1839 1324 111 27 veux
1983 1312 94 40 dire
2099 1328 59 25 un

157 1384 107 46 goût
286 1376 202 49 excessif,
510 1376 167 53 parfois
703 1376 258 47 stérilisant,
981 1376 53 40 de
1054 1376 39 39 la
1124 1377 252 51 virtuosité,
1401 1392 87 26 une
1512 1388 97 44 trop
1630 1380 170 50 grande
1829 1380 329 52 complaisance

158 1452 23 36 à
200 1446 222 42 accueillir
454 1446 126 40 telles
605 1445 170 53 quelles
798 1445 64 39 les
885 1445 121 40 idées
1023 1446 75 51 qui
1123 1458 45 27 se
1191 1448 302 49 présentaient
1513 1453 21 35 à
1558 1462 80 27 son
1659 1450 153 51 esprit,
1835 1448 197 41 confiant
2053 1451 105 51 qu'il

159 1518 102 39 était
280 1516 112 39 dans
416 1514 63 40 les
503 1515 320 51 prestigieuses
849 1527 255 28 ressources
1139 1514 53 40 de
1228 1528 47 26 sa
1296 1517 136 39 main.
1457 1516 170 54 Jusque
1664 1517 111 40 dans
1818 1531 70 26 ces
1930 1518 226 41 dernières

160 1589 177 42 années,
365 1587 21 36 à
428 1582 145 48 Paris,
606 1583 144 40 c'était
769 1596 87 27 une
896 1583 184 52 opinion
1113 1596 192 39 presque
1340 1585 334 49 généralement
1716 1585 170 40 admise
1929 1599 85 38 que
2035 1585 122 43 Liszt

159 1653 300 52 compositeur
478 1652 148 41 devait
647 1651 265 52 disparaître
931 1652 193 40 derrière
1144 1651 121 41 Liszt
1286 1653 213 41 virtuose.
1526 1652 86 42 Les
1639 1654 335 41 merveilleuses
2004 1660 126 36 exécu-

158 1726 114 38 tions
287 1723 58 40 du
365 1719 433 56 Faust-Symphonie,
823 1721 53 40 de
895 1718 224 57 Mazeppa,
1144 1721 58 40 du
1233 1719 125 40 Tasse
1364 1752 9 16 ,
1411 1721 77 40 des
1514 1721 207 39 Préludes
1729 1752 7 18 ,
1775 1723 75 50 qui
1889 1731 155 32 eurent
2068 1723 87 40 lieu

158 1808 80 25 aux
257 1799 200 33 concerts
479 1789 302 48 Lamoureux,
826 1794 228 48 percèrent
1091 1789 62 40 les
1186 1788 182 41 brumes
1409 1791 73 50 qui
1520 1790 214 40 voilaient
1766 1788 273 43 bétonnante
2061 1805 72 38 per-

159 1861 219 41 sonnalité
397 1860 59 40 du
470 1858 161 40 Maître
654 1858 54 40 de
730 1858 218 41 Weimar.
975 1858 71 40 Un
1088 1871 85 39 peu
1201 1859 170 51 surpris
1391 1866 41 32 et
1452 1858 262 41 déconcerté
1736 1859 164 40 devant
1939 1869 110 31 cette
2081 1875 50 37 ap-

155 1931 189 52 parition
367 1928 275 43 inattendue,
666 1927 39 40 le
727 1927 141 51 grand
894 1926 150 53 public
1066 1927 143 40 hésite
1232 1940 159 27 encore
1415 1931 21 35 à
1458 1940 250 39 prononcer
1740 1928 39 39 le
1804 1937 91 31 mot
1923 1929 52 39 cle
2008 1930 147 49 génie,

157 2000 109 39 mais
280 1998 29 40 il
330 1996 180 42 s'arrête
532 1998 180 39 curieux
732 2004 41 32 et
797 1997 203 50 conquis,
1042 2009 104 27 avec
1181 2011 60 25 un
1270 1997 158 39 intérêt
1460 2000 193 36 extrême
1682 2004 40 32 et
1747 2010 85 27 une
1861 1997 148 40 vieille
2034 2011 91 39 sym-

157 2067 161 52 pathie,
344 2067 162 39 devant
520 2065 63 40 les
600 2064 248 52 fragments
869 2065 53 40 de
963 2064 182 40 l'oeuvre
1178 2066 219 38 immense
1421 2079 75 38 qui
1536 2065 61 40 lui
1639 2073 66 32 est
1727 2066 206 49 révélée.]
2145 2064 4 55 ;

208 2136 62 40 De
289 2144 144 32 toutes
456 2135 63 40 les
543 2147 174 27 œuvres
738 2134 52 40 de
812 2133 121 40 Liszt
953 2133 245 41 entendues
1215 2135 131 50 jusqu
1365 2135 68 41 ici,
1461 2133 38 40 la
1522 2132 108 41 Nuit
1652 2134 50 39 de
1721 2133 113 41 Noël
1841 2165 7 17 ,
1874 2139 204 36 exécutée
2100 2150 55 25 au

156 2205 343 40 Conservatoire
522 2204 40 39 le
589 2218 40 25 11
654 2211 41 32 et
719 2203 38 40 le
783 2206 45 37 18
851 2202 238 41 décembre
1108 2202 192 48 dernier,
1322 2211 65 32 est
1410 2203 107 39 celle
1541 2215 86 39 que
1643 2201 71 54 j'ai
1734 2203 39 40 le
1790 2204 146 39 mieux
1960 2208 162 46 goûtée
2142 2216 8 37 ;

155 2274 80 40 elle
259 2274 84 39 m'a
364 2287 111 38 paru
493 2274 259 51 supérieure
773 2280 93 32 tant
880 2286 80 38 par
979 2270 304 51 l'originalité,
1306 2271 41 40 la
1361 2271 155 40 valeur
1537 2279 41 32 et
1595 2271 40 40 la
1660 2272 203 39 sincérité
1883 2272 53 40 de
1957 2286 81 26 son
2061 2274 70 39 ins-

157 2344 205 51 piration,
388 2355 85 39 que
494 2356 81 38 par
597 2341 40 40 la
674 2340 275 53 profondeur
978 2339 245 41 d'émotion
1247 2342 75 50 qui
1350 2339 92 41 s'en
1463 2340 188 50 dégage.
1674 2339 98 41 Elle
1791 2342 240 50 comprend
2056 2342 100 52 cinq

160 2425 248 27 morceaux.

209 2486 51 40 A.
359 2485 225 54 Prologue
591 2516 9 18 ,
626 2485 242 40 orchestre.
1908 2516 10 5 ~

207 2555 49 41 B.
356 2553 227 41 Pastorale
605 2562 40 32 et
668 2552 333 40 Annonciation
1025 2552 71 39 des
1129 2551 167 54 Anges.

209 2622 49 41 C.
357 2622 151 40 Stabat
536 2620 142 41 Mater
699 2620 190 56 speciosa
899 2653 7 18 ,
940 2622 180 51 hymne.

205 2691 52 40 D.
350 2691 58 39 Le
432 2690 125 40 chant
580 2691 67 39 des
671 2690 171 54 bergers
857 2689 88 40 àla
969 2688 142 40 crèche
1117 2719 9 18 ,
1154 2690 240 39 orchestre.

207 2759 51 40 E.
350 2759 78 40 Les
451 2759 103 40 trois
568 2759 134 39 saints
722 2758 108 40 Rois
837 2789 8 17 ,
872 2759 193 39 marche.

207 2827 61 41 Le
290 2827 226 51 Prologue
534 2843 22 24 a
589 2841 112 39 pour
724 2827 246 53 épigraphe
993 2841 59 25 un
1074 2836 146 31 verset
1240 2826 159 40 d'lsaïe
1422 2838 7 27 :
1455 2839 19 25 «
1496 2826 157 49 Cieux,
1677 2841 195 39 envoyez
1904 2827 98 40 d'en
2045 2827 109 40 haut

153 2904 119 32 votre
294 2901 141 46 rosée,
451 2906 41 31 et
513 2910 85 39 que
621 2897 63 40 les
707 2901 137 36 nuées
868 2895 169 40 fassent
1054 2895 242 40 descendre
1318 2895 39 40 la
1382 2896 154 51 justice
1566 2909 174 26 comme
1762 2909 87 27 une
1888 2897 121 51 pluie
2032 2911 8 33 ;
2067 2909 85 39 que

155 2965 37 39 la
230 2974 111 31 terre
364 2966 173 40 s'ouvre
558 2974 40 32 et
633 2965 162 52 qu'elle
817 2978 153 37 germe
1010 2965 39 38 le
1082 2962 219 42 Sauveur.
1322 2977 19 23 »

205 3033 276 41 L'orchestre
517 3036 196 51 exprime
736 3034 54 40 de
832 3039 88 35 très
950 3041 217 44 prenante
1208 3031 128 50 façon
1357 3031 197 41 l'attente
1581 3036 223 49 mystique
1848 3033 53 40 de
1923 3033 39 40 la
1997 3041 157 32 nature

153 3102 108 39 dans
280 3102 38 40 le
354 3104 139 39 calme
516 3103 197 40 recueilli
746 3102 54 40 de
830 3102 40 40 la
896 3102 96 39 nuit
1030 3107 57 34 oû
1110 3109 183 44 passent
1317 3100 216 52 quelques
1569 3100 189 42 frissons
1792 3102 52 39 de
1888 3102 266 52 séraphique

155 3170 253 50 allégresse.
434 3170 154 42 L'idée
618 3172 53 39 de
693 3170 182 55 Justice,
893 3168 307 42 l'affirmation
1217 3169 53 39 de
1293 3169 38 39 la
1351 3169 149 40 divine
1523 3171 205 48 mission,
1755 3179 101 31 sont
1895 3168 258 43 sobrement

155 3240 111 38 mais
289 3239 236 41 fortement
546 3240 237 52 indiquées
807 3253 54 27 en
883 3239 216 53 quelques
1125 3251 201 27 mesures
1362 3238 210 40 chantées
1608 3253 79 37 par
1710 3239 63 40 les
1795 3241 173 38 cuivres
1993 3253 78 26 sur
2093 3254 60 26 un

153 3306 129 40 mode
308 3306 262 54 liturgique.

204 3372 60 42 Le
288 3374 226 52 Prologue
536 3377 221 40 enchaîne
780 3389 105 28 avec
919 3376 40 39 la
980 3375 232 40 Pastorale
1247 3375 78 40 des
1348 3374 185 52 bergers
1568 3389 19 24 «
1627 3377 74 51 qui
1726 3377 228 50 passaient
1977 3375 39 39 la
2058 3377 96 38 nuit

151 3440 110 41 dans
284 3443 66 40 les
375 3444 202 53 champs,
603 3445 187 41 veillant
812 3454 100 32 tour
932 3449 21 36 à
981 3454 99 31 tour
1101 3448 21 36 à
1144 3444 38 40 la
1221 3445 138 50 garde
1379 3445 52 40 de
1456 3444 118 41 leurs
1593 3453 247 43 troupeaux
1870 3450 38 33 s>.

208 3509 125 42 Cette
350 3527 115 37 page
486 3523 65 30 est
582 3515 103 40 d'un
709 3515 181 40 charme
912 3519 252 48 pénétrant,
1197 3523 40 31 et
1262 3513 205 41 combien
1492 3513 282 52 personnelle
1799 3513 6 38 !
1842 3510 160 53 Quelle
2025 3526 133 27 suave
