2311 3736
736 191 145 28 COURS
918 194 58 26 DU
1012 186 201 36 COLLÈGE
1248 195 56 25 DE
1342 194 169 26 FRANCE

2141 231 0 0 595

138 300 109 28 vous
268 287 205 52 rappeler
491 288 40 41 la
553 289 259 43 distinction
835 307 85 38 que
941 294 39 52 je
999 293 155 41 faisais
1178 303 95 32 tout
1307 299 21 35 à
1362 295 12 39 1
1393 295 172 49 heure),
1602 296 113 39 mais
1733 307 89 28 non
1844 307 79 40 pas
1958 294 107 40 celle
2090 294 58 40 du

139 356 175 52 rythme
338 367 7 27 :
367 356 109 42 elles
499 372 114 27 nous
637 360 148 40 disent
810 360 100 41 bien
934 365 223 50 pourquoi
1181 377 58 26 on
1263 372 65 31 est
1348 365 143 38 arrivé
1515 368 21 35 à
1557 365 207 39 instituer
1783 379 59 25 un
1860 372 289 33 mouvement

139 429 185 47 marqué
344 440 80 36 par
446 424 339 55 l'équidistance
800 429 53 40 de
872 433 191 38 certains
1087 440 173 31 accents
1284 443 7 37 ;
1319 434 113 37 mais
1455 433 107 39 elles
1585 446 55 26 ne
1662 447 114 26 nous
1793 434 258 51 expliquent
2070 445 79 40 pas

139 495 86 39 ceci
251 509 8 25 :
280 496 223 50 pourquoi
522 510 28 38 y
569 497 119 38 a-t-il
725 497 76 40 des
824 499 203 40 trochées
1044 504 15 35 ?
1086 501 222 50 pourquoi
1348 501 77 39 des
1461 500 172 41 iambes
1651 505 15 36 ?
1707 502 78 40 des
1820 502 195 52 dactyles
2032 506 16 35 ?
2072 502 77 39 des

140 572 236 42 anapestes
396 567 16 36 ?
442 563 77 40 des
542 565 224 51 ioniques,
802 575 81 31 etc.
901 571 16 34 ?

197 630 80 48 Or,
322 632 39 39 la
405 631 171 41 théorie
613 647 87 38 que
728 635 38 51 je
787 636 97 39 vais
911 640 199 36 résumer
1129 638 183 50 prétend
1351 651 114 27 nous
1503 638 230 53 expliquer
1754 647 95 33 tout
1872 640 92 40 cela
1989 654 8 34 ;
2039 648 110 32 cette

139 701 169 41 théorie
328 709 65 32 est
418 704 322 39 extrêmement
763 703 133 40 claire
926 713 40 31 et
989 718 159 39 repose
1171 719 76 27 sur
1268 720 60 26 un
1352 706 341 41 enchaînement
1716 708 54 39 de
1793 707 102 41 faits
1919 716 42 32 et
1981 708 168 40 d'idées

138 778 93 32 tout
264 774 21 35 à
318 768 80 42 fait
441 770 159 40 solide.
646 770 114 42 Sans
804 774 216 51 anticiper
1062 787 76 27 sur
1176 787 94 27 mes
1307 775 301 47 conclusions,
1662 776 38 52 je
1734 777 100 51 puis
1870 777 94 39 dire
2018 776 131 52 qu'en

140 838 162 40 faisant
339 840 133 39 sortir
499 839 38 40 le
580 840 175 52 rythme
793 842 58 39 du
886 842 158 40 travail
1087 842 53 40 de
1176 842 227 49 l'homme,
1436 851 110 32 cette
1580 844 169 39 théorie
1781 843 176 42 confère
1994 849 21 35 à
2054 843 95 41 l'art

141 907 185 40 musical
346 922 59 25 un
439 922 205 27 nouveau
670 911 100 38 titre
802 910 54 39 de
879 909 224 42 noblesse.

1125 1109 38 41 II

197 1242 211 41 L'auteur
426 1256 22 26 a
482 1243 148 40 étudié
654 1243 61 39 les
749 1243 81 40 lois
854 1243 58 40 du
936 1241 158 41 travail
1119 1243 111 40 dans
1268 1252 99 31 tous
1391 1243 62 40 les
1477 1256 110 40 pays
1619 1252 41 31 et
1682 1257 58 26 un
1764 1256 83 39 peu
1874 1247 19 35 à
1923 1251 143 32 toutes
2090 1243 62 40 les

141 1317 197 48 époques
362 1325 9 34 ;
397 1313 114 38 mais
553 1312 29 39 il
620 1313 157 38 insiste
801 1325 76 27 sur
905 1312 38 39 le
967 1312 158 40 travail
1150 1313 53 39 de
1245 1311 213 42 l'homme
1495 1311 202 54 primitif,
1736 1312 58 40 du
1839 1323 210 39 sauvage,
2080 1326 73 25 car

141 1381 103 41 c'est
265 1381 60 39 lui
348 1381 94 39 seul
470 1382 74 51 qui
578 1394 115 27 nous
712 1390 172 43 permet
916 1381 53 40 de
992 1394 116 27 nous
1131 1379 110 42 faire
1265 1395 85 26 une
1373 1382 97 39 idée
1489 1382 54 39 de
1566 1381 38 40 la
1626 1380 129 51 façon
1778 1381 108 40 dont
1909 1381 62 39 les
1996 1381 156 39 choses

142 1458 76 32 ont
239 1464 59 37 pu
324 1463 46 26 se
390 1463 156 38 passer
576 1454 21 35 à
621 1449 205 51 l'origine
849 1450 54 40 de
926 1450 40 39 la
992 1450 285 40 civilisation.
1304 1450 121 40 Pour
1444 1463 188 39 exposer
1660 1463 47 26 sa
1732 1449 123 40 thèse
1880 1457 132 32 avant
2035 1449 53 39 de
2113 1449 37 39 la

141 1518 207 49 discuter,
390 1518 38 52 je
444 1520 95 38 vais
563 1518 39 40 le
638 1520 147 38 suivre
808 1517 168 42 d'aussi
1000 1524 100 46 près
1121 1532 86 39 que
1227 1519 199 51 possible
1449 1519 112 39 dans
1585 1518 62 40 les
1672 1526 223 32 moments
1919 1516 235 42 successifs

143 1588 52 40 de
216 1600 46 27 sa
287 1587 374 41 démonstration.

198 1655 42 53 a)
261 1654 196 42 Aristote
480 1657 118 39 avait
621 1656 96 52 déjà
753 1655 193 42 formulé
981 1671 60 26 un
1065 1658 215 50 principe,
1306 1657 103 39 c'est
1442 1669 85 39 que
1557 1655 38 40 le
1639 1655 174 52 rythme
1836 1663 65 31 est
1924 1654 173 40 naturel
2132 1658 21 36 à

141 1725 213 40 l'homme
377 1736 8 36 ;
410 1729 22 35 à
456 1738 47 27 ce
541 1726 200 52 principe
760 1725 29 40 il
813 1725 94 40 faut
931 1739 56 26 en
1004 1726 172 52 ajouter
1197 1740 59 25 un
1282 1734 140 39 autre,
1448 1725 103 39 c'est
1585 1738 84 38 que
1709 1724 38 40 le
1783 1736 199 36 sauvage
2022 1737 21 25 a
2069 1736 85 26 une

143 1794 216 41 tendance
382 1792 233 53 beaucoup
644 1794 101 52 plus
765 1794 171 50 grande
953 1807 87 40 que
1063 1794 213 40 l'homme
1300 1794 169 39 civilisé
1508 1807 82 26 aux
1631 1800 312 32 mouvements
1967 1791 162 52 rythmi-

143 1875 127 40 ques,
296 1875 112 40 pour
441 1863 114 40 deux
579 1864 176 38 raisons
779 1878 7 25 :
824 1863 40 39 la
889 1864 233 51 première,
1142 1861 104 42 c'est
1268 1861 107 52 qu'il
1396 1870 65 32 est
1482 1876 60 25 nu
1566 1875 56 26 ou
1647 1865 21 35 à
1695 1874 84 39 peu
1798 1865 118 47 près,
1942 1859 213 40 affranchi

142 1932 77 40 des
239 1936 247 36 vêtements
507 1932 92 51 qui,
641 1931 105 40 chez
784 1930 212 41 l'homme
1033 1929 184 50 civilisé,
1242 1933 185 47 gênent,
1465 1929 258 52 paralysent
1762 1926 284 54 quelquefois
2093 1927 62 40 les

143 2008 327 33 mouvements.
495 1998 64 42 La
585 1999 191 41 seconde
800 2000 167 49 raison,
991 1997 103 42 c'est
1118 2012 86 39 que
1223 1998 39 40 le
1286 2011 197 37 sauvage
1518 1997 111 41 n'est
1653 2011 78 38 pas
1754 1997 162 40 cultivé
1938 2005 8 39 ;
1990 2010 64 34 or,
2099 2010 56 27 on

143 2084 21 26 a
192 2073 236 49 remarqué
452 2082 86 39 que
558 2068 63 40 les
640 2067 125 41 effets
800 2068 373 52 physiologiques
1194 2068 57 40 du
1274 2067 174 52 rythme
1477 2075 100 31 sont
1618 2079 55 27 en
1693 2066 151 39 raison
1884 2066 178 39 inverse
2102 2065 53 40 de

143 2139 36 40 la
205 2139 169 40 culture
413 2137 330 50 intellectuelle,
782 2150 130 38 parce
936 2150 85 39 que
1058 2136 63 40 les
1160 2134 125 42 effets
1325 2136 53 39 de
1421 2136 40 39 la
1486 2136 224 50 musique,
1738 2148 77 26 sur
1837 2149 59 25 un
1938 2134 113 52 sujet
2077 2136 77 49 qui

143 2207 111 41 n'est
277 2221 80 38 pas
395 2221 59 26 un
477 2205 288 49 intellectuel,
795 2219 53 27 ne
870 2213 284 33 rencontrent
1187 2218 170 27 aucune
1381 2205 241 39 résistance
1644 2202 124 54 (c'est
1800 2201 349 53 probablement

143 2290 113 39 pour
297 2276 91 40 cela
426 2273 358 54 qu'aujourd'hui
810 2274 62 39 les
908 2273 352 53 physiologistes
1286 2274 75 51 qui
1383 2272 93 40 font
1515 2272 114 40 dans
1650 2272 95 39 leur
1770 2270 279 41 laboratoire
2077 2271 78 39 des

145 2355 181 31 travaux
352 2358 76 27 sur
450 2342 97 41 l'art
570 2343 187 40 musical
783 2344 165 39 aiment
973 2346 22 35 à
1020 2346 158 48 opérer
1198 2355 76 27 sur
1295 2341 78 40 des
1397 2341 219 51 illettrés).

201 2412 41 54 b)
266 2413 128 40 Voilà
417 2428 60 25 un
499 2414 195 51 premier
715 2411 95 41 fait.
835 2411 143 41 D'une
1000 2410 131 51 façon
1155 2410 225 51 générale,
1425 2410 39 39 le
1500 2423 197 37 sauvage
1724 2423 22 26 a
1768 2423 87 26 une
1889 2409 266 39 inclination

145 2482 281 54 particulière
445 2496 56 25 au
520 2481 190 52 rythme.
738 2480 32 40 Il
794 2494 55 26 ne
869 2479 94 41 faut
979 2480 114 40 donc
1107 2493 78 38 pas
1213 2478 224 41 s'étonner
1460 2492 86 39 que
1569 2479 112 40 dans
1706 2479 39 39 la
1763 2475 59 42 fin
1846 2478 58 39 du
1928 2493 106 24 xvm
2040 2482 14 17 e
2072 2479 62 38 siè-

145 2552 76 45 cle,
241 2565 53 26 en
315 2551 176 53 parlant
513 2550 79 40 des
617 2555 162 45 nègres
800 2550 54 39 de
877 2548 233 52 l'Afrique,
1147 2563 60 25 un
1231 2561 246 39 voyageur,
1503 2547 213 46 Meiners,
1737 2548 60 38 ait
1820 2548 104 38 écrit
1949 2548 86 37 ceci
2060 2561 7 24 :

202 2633 19 25 «
240 2619 61 41 La
328 2620 194 49 marche,
559 2619 39 39 la
623 2619 155 47 danse,
813 2618 39 40 le
875 2618 85 51 jeu,
984 2618 39 39 le
1046 2617 148 50 chant,
1218 2617 38 39 le
1277 2617 172 47 travail,
1477 2625 94 31 tout
1595 2630 46 26 se
1660 2615 78 41 fait
1762 2616 103 39 chez
1884 2629 80 26 eux
1982 2628 54 26 en
2061 2628 62 26 me-

145 2700 22 28 «
200 2703 115 26 sure.
341 2687 87 41 Les
463 2693 160 45 nègres
646 2687 62 40 les
731 2687 101 53 plus
856 2686 199 52 stupides
1092 2686 237 40 observent
1356 2686 38 40 la
1438 2698 178 27 mesure
1639 2684 232 52 beaucoup
1896 2685 148 38 mieux
2069 2697 84 37 que

146 2769 22 28 «
200 2772 82 27 nos
306 2758 169 40 soldats
499 2766 40 31 et
559 2755 233 54 beaucoup
826 2758 146 38 mieux
999 2769 85 39 que
1116 2768 83 27 nos
1235 2755 240 40 musiciens
1509 2757 281 37 eux-mêmes
1814 2757 129 47 après
1966 2766 58 25 un
2049 2752 104 49 long

146 2840 19 25 «
195 2828 190 39 exercice
407 2826 192 40 réfléchi.
627 2839 19 24 »

201 2894 39 53 b)
261 2894 117 40 Mais
400 2894 63 40 les
486 2894 240 40 nécessités
750 2893 52 40 de
826 2893 38 39 la
885 2894 84 46 vie,
1070 2891 183 41 d'abord
1279 2893 53 38 de
1352 2891 38 40 la
1415 2892 68 38 vie
1505 2889 306 50 individuelle,
1830 2889 173 38 ensuite
2035 2888 53 39 de
2112 2888 38 39 la

145 2966 69 38 vie
236 2963 163 41 sociale
427 2987 68 17 —.
517 2971 108 32 vont
656 2961 217 41 favoriser
889 2970 41 31 et
950 2960 108 41 faire
1082 2960 193 49 aboutir,
1301 2961 100 51 plus
1425 2972 158 27 encore
1607 2971 84 40 que
1715 2958 39 39 le
1776 2957 166 47 climat,
1968 2971 59 26 un
2048 2970 78 38 pen-

147 3033 130 40 chant
319 3030 231 42 instinctif.
586 3031 33 40 Il
653 3030 92 41 faut
780 3028 186 42 d'abord
1007 3034 170 36 écarter
1209 3044 59 25 un
1293 3028 200 53 préjugé.
1536 3025 72 42 On
1630 3041 21 25 a
1677 3027 62 40 dit
1772 3039 84 39 que
1893 3028 38 37 le
1955 3039 197 36 sauvage

148 3103 150 38 aimait
317 3100 409 53 particulièrement
749 3100 217 39 l'oisiveté
984 3108 8 40 ;
1019 3107 41 31 et
1080 3098 158 52 depuis
1262 3096 168 47 Tacite,
1457 3109 57 27 on
1540 3100 146 48 répète
1707 3108 123 27 assez
1855 3103 188 32 souvent
2068 3107 85 39 que

148 3183 19 25 ((
193 3171 265 49 sauvagerie
480 3178 41 32 et
540 3182 181 39 paresse
741 3176 101 33 sont
860 3180 271 40 synonymes
1148 3180 37 26 ».
1204 3165 71 41 On
1296 3164 102 42 s'est
1418 3168 145 37 même
1583 3169 174 48 appuyé
1781 3177 74 27 sur
1874 3177 48 26 ce
1940 3162 78 41 fait
2042 3176 112 39 pour

147 3239 228 52 expliquer
399 3239 38 39 le
461 3237 297 52 brigandage,
799 3237 12 40 1
831 3236 250 50 esclavage,
1103 3235 38 40 la
1167 3243 128 32 vente
1315 3234 77 40 des
1416 3232 207 52 fiancées,
1646 3232 246 41 l'habitude
1912 3232 242 52 d'imposer

150 3322 81 25 aux
259 3307 188 40 femmes
488 3307 78 40 des
602 3315 184 32 travaux
808 3304 203 53 pénibles
1034 3313 41 31 et
1104 3304 77 39 des
1224 3303 187 51 charges
1445 3304 261 39 excessives.
1745 3301 119 41 C'est
1888 3302 39 40 là
1961 3314 87 27 une
2069 3314 85 26 vue

151 3375 293 53 superficielle
465 3387 8 38 ;
498 3376 83 40 elle
606 3384 64 31 est
684 3379 145 36 même
851 3373 365 47 contradictoire;
1243 3372 67 40 s'il
1332 3387 28 37 y
1383 3387 21 24 a
1439 3374 143 50 parmi
1606 3372 63 40 les
1693 3370 209 54 primitifs
1927 3371 76 38 des
2027 3369 94 40 hom-

151 3458 91 27 mes
272 3448 74 48 qui
378 3447 150 39 vivent
551 3445 53 39 de
630 3444 183 52 pillage,
852 3442 90 40 cela
983 3455 197 39 suppose
1214 3439 105 54 qu'il
1357 3456 25 37 y
1421 3455 55 26 en
1504 3455 22 26 a
1550 3440 195 41 d'autres
1782 3442 73 50 qui
1896 3440 166 38 aiment
2090 3438 62 40 les

151 3514 216 40 richesses
390 3522 41 32 et
470 3516 90 50 qui,
588 3528 78 38 par
696 3517 292 47 conséquent,
1029 3524 46 28 se
1114 3510 200 42 donnent
1355 3526 60 25 un
1448 3512 166 39 certain
1639 3510 87 40 mal
1750 3522 113 40 pour
1883 3509 62 39 les
1985 3509 163 39 réunir.
