<?xml version="1.0" encoding="UTF-8"?>
<alto xmlns:xsi="http://www.w3.org/2001/XMLSchema-instance" xmlns="http://www.loc.gov/standards/alto/ns-v2#" xsi:schemaLocation="http://www.loc.gov/standards/alto/ns-v2# http://www.loc.gov/standards/alto/alto-v2.0.xsd" xmlns:xlink="http://www.w3.org/1999/xlink">
	<Description>
		<MeasurementUnit>mm10</MeasurementUnit>
		<sourceImageInformation>
			<fileName>//fileserver7/IN2-2/Princeton/bmtnabj/1905/12/01_01/00000624.tif</fileName>
		</sourceImageInformation>
		<OCRProcessing ID="OCRPROCESSING_1">
			<preProcessingStep>
				<processingSoftware>
					<softwareCreator>CCS Content Conversion Specialists GmbH, Germany</softwareCreator>
					<softwareName>CCS docWorks</softwareName>
					<softwareVersion>6.7-1.20</softwareVersion>
				</processingSoftware>
			</preProcessingStep>
			<ocrProcessingStep>
				<processingSoftware>
					<softwareCreator>ABBYY (BIT Software), Russia</softwareCreator>
					<softwareName>FineReader</softwareName>
					<softwareVersion>10.0</softwareVersion>
				</processingSoftware>
			</ocrProcessingStep>
		</OCRProcessing>
		<OCRProcessing ID="OCRPROCESSING_2">
			<preProcessingStep>
				<processingSoftware>
					<softwareCreator>CCS Content Conversion Specialists GmbH, Germany</softwareCreator>
					<softwareName>CCS docWorks</softwareName>
					<softwareVersion>6.7-1.20</softwareVersion>
				</processingSoftware>
			</preProcessingStep>
			<ocrProcessingStep>
				<processingSoftware>
					<softwareCreator>ABBYY (BIT Software), Russia</softwareCreator>
					<softwareName>NA</softwareName>
				</processingSoftware>
			</ocrProcessingStep>
		</OCRProcessing>
	</Description>
	<Styles>
		<TextStyle ID="TXT_0" FONTSIZE="15" FONTFAMILY="Times New Roman"/>
		<TextStyle ID="TXT_1" FONTSIZE="12" FONTFAMILY="Times New Roman"/>
		<TextStyle ID="TXT_2" FONTSIZE="14" FONTFAMILY="Times New Roman"/>
		<TextStyle ID="TXT_3" FONTSIZE="14" FONTFAMILY="Times New Roman" FONTSTYLE="italics"/>
		<TextStyle ID="TXT_4" FONTSIZE="18" FONTFAMILY="Times New Roman" FONTSTYLE="bold"/>
		<ParagraphStyle ID="PAR_LEFT" ALIGN="Left"/>
		<ParagraphStyle ID="PAR_CENTER" ALIGN="Center"/>
		<ParagraphStyle ID="PAR_BLOCK" ALIGN="Block"/>
		<ParagraphStyle ID="PAR_RIGHT" ALIGN="Right"/>
	</Styles>
	<Layout>
		<Page ID="P48" PHYSICAL_IMG_NR="48" HEIGHT="3736" WIDTH="2311" PRINTED_IMG_NR="608" PC="0.947">
			<TopMargin ID="P48_TM00001" HPOS="0" VPOS="0" WIDTH="2311" HEIGHT="252">
				<TextBlock ID="P48_TB00001" HPOS="179" VPOS="203" WIDTH="77" HEIGHT="47" STYLEREFS="TXT_0 PAR_LEFT">
					<TextLine ID="P48_TL00001" HPOS="179" VPOS="203" WIDTH="77" HEIGHT="47">
						<String ID="P48_ST00001" HPOS="179" VPOS="203" WIDTH="77" HEIGHT="47" CONTENT="608" WC="1.00" CC="000"/>
					</TextLine>
				</TextBlock>
				<TextBlock ID="P48_TB00002" HPOS="522" VPOS="206" WIDTH="1296" HEIGHT="35" STYLEREFS="TXT_1 PAR_CENTER">
					<TextLine ID="P48_TL00002" HPOS="522" VPOS="207" WIDTH="1296" HEIGHT="34">
						<String ID="P48_ST00002" HPOS="522" VPOS="212" WIDTH="75" HEIGHT="26" CONTENT="LES" WC="0.96" CC="470"/>
						<SP ID="P48_SP00001" HPOS="597" VPOS="238" WIDTH="38"/>
						<String ID="P48_ST00003" HPOS="635" VPOS="211" WIDTH="208" HEIGHT="27" CONTENT="ORIGINES" WC="0.99" CC="07106630"/>
						<SP ID="P48_SP00002" HPOS="843" VPOS="238" WIDTH="37"/>
						<String ID="P48_ST00004" HPOS="880" VPOS="211" WIDTH="51" HEIGHT="26" CONTENT="DE" WC="0.29" CC="76"/>
						<SP ID="P48_SP00003" HPOS="931" VPOS="238" WIDTH="36"/>
						<String ID="P48_ST00005" HPOS="967" VPOS="211" WIDTH="49" HEIGHT="26" CONTENT="LA" WC="0.38" CC="56"/>
						<SP ID="P48_SP00004" HPOS="1016" VPOS="238" WIDTH="33"/>
						<String ID="P48_ST00006" HPOS="1049" VPOS="209" WIDTH="198" HEIGHT="32" CONTENT="MUSIQUE" WC="0.99" CC="5201333"/>
						<SP ID="P48_SP00005" HPOS="1247" VPOS="241" WIDTH="34"/>
						<String ID="P48_ST00007" HPOS="1281" VPOS="210" WIDTH="50" HEIGHT="25" CONTENT="ET" WC="0.71" CC="13"/>
						<SP ID="P48_SP00006" HPOS="1331" VPOS="241" WIDTH="33"/>
						<String ID="P48_ST00008" HPOS="1364" VPOS="209" WIDTH="51" HEIGHT="26" CONTENT="LE" WC="0.64" CC="51"/>
						<SP ID="P48_SP00007" HPOS="1415" VPOS="241" WIDTH="33"/>
						<String ID="P48_ST00009" HPOS="1448" VPOS="209" WIDTH="186" HEIGHT="27" CONTENT="TRAVAIL" WC="0.99" CC="4005050"/>
						<SP ID="P48_SP00008" HPOS="1634" VPOS="241" WIDTH="32"/>
						<String ID="P48_ST00010" HPOS="1666" VPOS="207" WIDTH="152" HEIGHT="28" CONTENT="SOCIAL" WC="0.99" CC="640000"/>
					</TextLine>
				</TextBlock>
			</TopMargin>
			<LeftMargin ID="P48_LM00001" HPOS="0" VPOS="252" WIDTH="173" HEIGHT="3289"/>
			<RightMargin ID="P48_RM00001" HPOS="2158" VPOS="252" WIDTH="153" HEIGHT="3289"/>
			<BottomMargin ID="P48_BM00001" HPOS="0" VPOS="3541" WIDTH="2311" HEIGHT="195"/>
			<PrintSpace ID="P48_PS00001" HPOS="173" VPOS="252" WIDTH="1985" HEIGHT="3289">
				<TextBlock ID="P48_TB00003" HPOS="173" VPOS="305" WIDTH="1985" HEIGHT="2229" STYLEREFS="TXT_2 PAR_BLOCK">
					<TextLine ID="P48_TL00003" HPOS="179" VPOS="305" WIDTH="1979" HEIGHT="54">
						<String ID="P48_ST00011" HPOS="179" VPOS="312" WIDTH="204" HEIGHT="41" CONTENT="fantaisie" WC="0.99" CC="205604030"/>
						<SP ID="P48_SP00009" HPOS="383" VPOS="353" WIDTH="19"/>
						<String ID="P48_ST00012" HPOS="402" VPOS="310" WIDTH="112" HEIGHT="40" CONTENT="dans" WC="0.99" CC="0050"/>
						<SP ID="P48_SP00010" HPOS="514" VPOS="353" WIDTH="33"/>
						<String ID="P48_ST00013" HPOS="547" VPOS="310" WIDTH="39" HEIGHT="40" CONTENT="le" WC="0.75" CC="50"/>
						<SP ID="P48_SP00011" HPOS="586" VPOS="353" WIDTH="31"/>
						<String ID="P48_ST00014" HPOS="617" VPOS="309" WIDTH="211" HEIGHT="50" CONTENT="dialogue" WC="0.99" CC="00000750"/>
						<SP ID="P48_SP00012" HPOS="828" VPOS="359" WIDTH="28"/>
						<String ID="P48_ST00015" HPOS="856" VPOS="308" WIDTH="53" HEIGHT="40" CONTENT="de" WC="1.00" CC="00"/>
						<SP ID="P48_SP00013" HPOS="909" VPOS="359" WIDTH="34"/>
						<String ID="P48_ST00016" HPOS="943" VPOS="320" WIDTH="69" HEIGHT="27" CONTENT="ces" WC="1.00" CC="000"/>
						<SP ID="P48_SP00014" HPOS="1012" VPOS="359" WIDTH="23"/>
						<String ID="P48_ST00017" HPOS="1035" VPOS="310" WIDTH="162" HEIGHT="49" CONTENT="pâtres," WC="0.99" CC="0560004"/>
						<SP ID="P48_SP00015" HPOS="1197" VPOS="359" WIDTH="40"/>
						<String ID="P48_ST00018" HPOS="1237" VPOS="308" WIDTH="74" HEIGHT="50" CONTENT="qui" WC="0.99" CC="003"/>
						<SP ID="P48_SP00016" HPOS="1311" VPOS="359" WIDTH="36"/>
						<String ID="P48_ST00019" HPOS="1347" VPOS="311" WIDTH="224" HEIGHT="35" CONTENT="sûrement" WC="0.99" CC="05000035"/>
						<SP ID="P48_SP00017" HPOS="1571" VPOS="359" WIDTH="40"/>
						<String ID="P48_ST00020" HPOS="1611" VPOS="313" WIDTH="75" HEIGHT="32" CONTENT="ont" WC="0.98" CC="060"/>
						<SP ID="P48_SP00018" HPOS="1686" VPOS="359" WIDTH="31"/>
						<String ID="P48_ST00021" HPOS="1717" VPOS="305" WIDTH="110" HEIGHT="39" CONTENT="dans" WC="0.99" CC="0050"/>
						<SP ID="P48_SP00019" HPOS="1827" VPOS="359" WIDTH="30"/>
						<String ID="P48_ST00022" HPOS="1857" VPOS="305" WIDTH="116" HEIGHT="39" CONTENT="leurs" WC="0.99" CC="00505"/>
						<SP ID="P48_SP00020" HPOS="1973" VPOS="359" WIDTH="35"/>
						<String ID="P48_ST00023" HPOS="2008" VPOS="306" WIDTH="150" HEIGHT="39" CONTENT="veines" WC="1.00" CC="000400"/>
					</TextLine>
					<TextLine ID="P48_TL00004" HPOS="178" VPOS="372" WIDTH="1980" HEIGHT="59">
						<String ID="P48_ST00024" HPOS="178" VPOS="379" WIDTH="215" HEIGHT="52" CONTENT="quelques" WC="0.99" CC="04040600"/>
						<SP ID="P48_SP00021" HPOS="393" VPOS="431" WIDTH="24"/>
						<String ID="P48_ST00025" HPOS="417" VPOS="386" WIDTH="177" HEIGHT="42" CONTENT="gouttes" WC="0.99" CC="9000000"/>
						<SP ID="P48_SP00022" HPOS="594" VPOS="431" WIDTH="22"/>
						<String ID="P48_ST00026" HPOS="616" VPOS="377" WIDTH="58" HEIGHT="41" CONTENT="du" WC="1.00" CC="00"/>
						<SP ID="P48_SP00023" HPOS="674" VPOS="431" WIDTH="20"/>
						<String ID="P48_ST00027" HPOS="694" VPOS="391" WIDTH="114" HEIGHT="35" CONTENT="sang" WC="0.99" CC="3000"/>
						<SP ID="P48_SP00024" HPOS="808" VPOS="431" WIDTH="20"/>
						<String ID="P48_ST00028" HPOS="828" VPOS="378" WIDTH="174" HEIGHT="48" CONTENT="tzigane" WC="0.99" CC="6330100"/>
						<SP ID="P48_SP00025" HPOS="1002" VPOS="431" WIDTH="20"/>
						<String ID="P48_ST00029" HPOS="1022" VPOS="378" WIDTH="7" HEIGHT="37" CONTENT="!" WC="1.00" CC="0"/>
						<SP ID="P48_SP00026" HPOS="1029" VPOS="431" WIDTH="22"/>
						<String ID="P48_ST00030" HPOS="1051" VPOS="374" WIDTH="125" HEIGHT="51" CONTENT="Puis," WC="0.98" CC="07404"/>
						<SP ID="P48_SP00027" HPOS="1176" VPOS="431" WIDTH="26"/>
						<String ID="P48_ST00031" HPOS="1202" VPOS="374" WIDTH="162" HEIGHT="40" CONTENT="silence" WC="0.99" CC="0350610"/>
						<SP ID="P48_SP00028" HPOS="1364" VPOS="431" WIDTH="17"/>
						<String ID="P48_ST00032" HPOS="1381" VPOS="377" WIDTH="64" HEIGHT="37" CONTENT="!..." WC="0.97" CC="5430"/>
						<SP ID="P48_SP00029" HPOS="1445" VPOS="431" WIDTH="15"/>
						<String ID="P48_ST00033" HPOS="1460" VPOS="372" WIDTH="247" HEIGHT="42" CONTENT="Au-dessus" WC="1.00" CC="004000100"/>
						<SP ID="P48_SP00030" HPOS="1707" VPOS="431" WIDTH="23"/>
						<String ID="P48_ST00034" HPOS="1730" VPOS="373" WIDTH="78" HEIGHT="39" CONTENT="des" WC="1.00" CC="000"/>
						<SP ID="P48_SP00031" HPOS="1808" VPOS="431" WIDTH="19"/>
						<String ID="P48_ST00035" HPOS="1827" VPOS="372" WIDTH="172" HEIGHT="40" CONTENT="violons" WC="0.99" CC="0205084"/>
						<SP ID="P48_SP00032" HPOS="1999" VPOS="431" WIDTH="23"/>
						<String ID="P48_ST00036" HPOS="2022" VPOS="381" WIDTH="41" HEIGHT="31" CONTENT="et" WC="1.00" CC="00"/>
						<SP ID="P48_SP00033" HPOS="2063" VPOS="431" WIDTH="18"/>
						<String ID="P48_ST00037" HPOS="2081" VPOS="373" WIDTH="77" HEIGHT="40" CONTENT="des" WC="0.98" CC="005"/>
					</TextLine>
					<TextLine ID="P48_TL00005" HPOS="178" VPOS="439" WIDTH="1980" HEIGHT="57">
						<String ID="P48_ST00038" HPOS="178" VPOS="448" WIDTH="142" HEIGHT="48" CONTENT="flûtes," WC="0.98" CC="6634002"/>
						<SP ID="P48_SP00034" HPOS="320" VPOS="496" WIDTH="29"/>
						<String ID="P48_ST00039" HPOS="349" VPOS="446" WIDTH="185" HEIGHT="40" CONTENT="laissant" WC="0.99" CC="30170035"/>
						<SP ID="P48_SP00035" HPOS="534" VPOS="496" WIDTH="21"/>
						<String ID="P48_ST00040" HPOS="555" VPOS="447" WIDTH="95" HEIGHT="39" CONTENT="voir" WC="1.00" CC="0000"/>
						<SP ID="P48_SP00036" HPOS="650" VPOS="496" WIDTH="31"/>
						<String ID="P48_ST00041" HPOS="681" VPOS="445" WIDTH="61" HEIGHT="40" CONTENT="les" WC="0.99" CC="300"/>
						<SP ID="P48_SP00037" HPOS="742" VPOS="496" WIDTH="24"/>
						<String ID="P48_ST00042" HPOS="766" VPOS="447" WIDTH="120" HEIGHT="39" CONTENT="cieux" WC="0.84" CC="01023"/>
						<SP ID="P48_SP00038" HPOS="886" VPOS="496" WIDTH="24"/>
						<String ID="P48_ST00043" HPOS="910" VPOS="442" WIDTH="307" HEIGHT="49" CONTENT="entr'ouverts," WC="0.86" CC="0600310000403"/>
						<SP ID="P48_SP00039" HPOS="1217" VPOS="496" WIDTH="33"/>
						<String ID="P48_ST00044" HPOS="1250" VPOS="444" WIDTH="114" HEIGHT="40" CONTENT="voici" WC="0.99" CC="00130"/>
						<SP ID="P48_SP00040" HPOS="1364" VPOS="496" WIDTH="31"/>
						<String ID="P48_ST00045" HPOS="1395" VPOS="444" WIDTH="124" HEIGHT="38" CONTENT="venir" WC="0.99" CC="00330"/>
						<SP ID="P48_SP00041" HPOS="1519" VPOS="496" WIDTH="16"/>
						<String ID="P48_ST00046" HPOS="1535" VPOS="439" WIDTH="158" HEIGHT="52" CONTENT="l'Ange" WC="1.00" CC="030003"/>
						<SP ID="P48_SP00042" HPOS="1693" VPOS="496" WIDTH="24"/>
						<String ID="P48_ST00047" HPOS="1717" VPOS="439" WIDTH="208" HEIGHT="55" CONTENT="(soprano" WC="0.99" CC="70000060"/>
						<SP ID="P48_SP00043" HPOS="1925" VPOS="496" WIDTH="29"/>
						<String ID="P48_ST00048" HPOS="1954" VPOS="440" WIDTH="112" HEIGHT="51" CONTENT="solo)" WC="0.99" CC="00307"/>
						<SP ID="P48_SP00044" HPOS="2066" VPOS="496" WIDTH="20"/>
						<String ID="P48_ST00049" HPOS="2086" VPOS="442" WIDTH="72" HEIGHT="50" CONTENT="qui" WC="1.00" CC="010"/>
					</TextLine>
					<TextLine ID="P48_TL00006" HPOS="178" VPOS="508" WIDTH="1980" HEIGHT="57">
						<String ID="P48_ST00050" HPOS="178" VPOS="515" WIDTH="139" HEIGHT="40" CONTENT="clame" WC="1.00" CC="02000"/>
						<SP ID="P48_SP00045" HPOS="317" VPOS="555" WIDTH="17"/>
						<String ID="P48_ST00051" HPOS="334" VPOS="514" WIDTH="40" HEIGHT="40" CONTENT="la" WC="1.00" CC="00"/>
						<SP ID="P48_SP00046" HPOS="374" VPOS="555" WIDTH="23"/>
						<String ID="P48_ST00052" HPOS="397" VPOS="513" WIDTH="148" HEIGHT="42" CONTENT="bonne" WC="0.99" CC="00420"/>
						<SP ID="P48_SP00047" HPOS="545" VPOS="555" WIDTH="27"/>
						<String ID="P48_ST00053" HPOS="572" VPOS="513" WIDTH="220" HEIGHT="49" CONTENT="nouvelle," WC="1.00" CC="000004003"/>
						<SP ID="P48_SP00048" HPOS="792" VPOS="562" WIDTH="33"/>
						<String ID="P48_ST00054" HPOS="825" VPOS="513" WIDTH="148" HEIGHT="40" CONTENT="saluée" WC="1.00" CC="005000"/>
						<SP ID="P48_SP00049" HPOS="973" VPOS="562" WIDTH="37"/>
						<String ID="P48_ST00055" HPOS="1010" VPOS="526" WIDTH="79" HEIGHT="39" CONTENT="par" WC="1.00" CC="000"/>
						<SP ID="P48_SP00050" HPOS="1089" VPOS="565" WIDTH="34"/>
						<String ID="P48_ST00056" HPOS="1123" VPOS="526" WIDTH="59" HEIGHT="26" CONTENT="un" WC="0.89" CC="02"/>
						<SP ID="P48_SP00051" HPOS="1182" VPOS="565" WIDTH="23"/>
						<String ID="P48_ST00057" HPOS="1205" VPOS="512" WIDTH="155" HEIGHT="53" CONTENT="joyeux" WC="1.00" CC="000000"/>
						<SP ID="P48_SP00052" HPOS="1360" VPOS="565" WIDTH="41"/>
						<String ID="P48_ST00058" HPOS="1401" VPOS="512" WIDTH="390" HEIGHT="50" CONTENT="épanouissement" WC="1.00" CC="00050010100070"/>
						<SP ID="P48_SP00053" HPOS="1791" VPOS="565" WIDTH="33"/>
						<String ID="P48_ST00059" HPOS="1824" VPOS="508" WIDTH="334" HEIGHT="53" CONTENT="polyphonique" WC="1.00" CC="002001023000"/>
					</TextLine>
					<TextLine ID="P48_TL00007" HPOS="178" VPOS="577" WIDTH="1980" HEIGHT="56">
						<String ID="P48_ST00060" HPOS="178" VPOS="583" WIDTH="58" HEIGHT="39" CONTENT="du" WC="1.00" CC="00"/>
						<SP ID="P48_SP00054" HPOS="236" VPOS="622" WIDTH="20"/>
						<String ID="P48_ST00061" HPOS="256" VPOS="583" WIDTH="153" HEIGHT="40" CONTENT="chœur" WC="1.00" CC="00000"/>
						<SP ID="P48_SP00055" HPOS="409" VPOS="623" WIDTH="22"/>
						<String ID="P48_ST00062" HPOS="431" VPOS="596" WIDTH="8" HEIGHT="26" CONTENT=":" WC="0.95" CC="0"/>
						<SP ID="P48_SP00056" HPOS="439" VPOS="623" WIDTH="26"/>
						<String ID="P48_ST00063" HPOS="465" VPOS="596" WIDTH="19" HEIGHT="23" CONTENT="«" WC="1.00" CC="0"/>
						<SP ID="P48_SP00057" HPOS="484" VPOS="623" WIDTH="26"/>
						<String ID="P48_ST00064" HPOS="510" VPOS="581" WIDTH="150" HEIGHT="41" CONTENT="Gloire" WC="1.00" CC="000100"/>
						<SP ID="P48_SP00058" HPOS="660" VPOS="623" WIDTH="40"/>
						<String ID="P48_ST00065" HPOS="700" VPOS="586" WIDTH="20" HEIGHT="35" CONTENT="à" WC="0.84" CC="1"/>
						<SP ID="P48_SP00059" HPOS="720" VPOS="623" WIDTH="43"/>
						<String ID="P48_ST00066" HPOS="763" VPOS="581" WIDTH="112" HEIGHT="40" CONTENT="Dieu" WC="0.99" CC="1400"/>
						<SP ID="P48_SP00060" HPOS="875" VPOS="623" WIDTH="24"/>
						<String ID="P48_ST00067" HPOS="899" VPOS="595" WIDTH="55" HEIGHT="25" CONTENT="au" WC="1.00" CC="00"/>
						<SP ID="P48_SP00061" HPOS="954" VPOS="623" WIDTH="32"/>
						<String ID="P48_ST00068" HPOS="986" VPOS="580" WIDTH="100" HEIGHT="53" CONTENT="plus" WC="0.99" CC="0006"/>
						<SP ID="P48_SP00062" HPOS="1086" VPOS="633" WIDTH="32"/>
						<String ID="P48_ST00069" HPOS="1118" VPOS="579" WIDTH="107" HEIGHT="40" CONTENT="haut" WC="0.99" CC="0005"/>
						<SP ID="P48_SP00063" HPOS="1225" VPOS="633" WIDTH="41"/>
						<String ID="P48_ST00070" HPOS="1266" VPOS="579" WIDTH="76" HEIGHT="40" CONTENT="des" WC="1.00" CC="000"/>
						<SP ID="P48_SP00064" HPOS="1342" VPOS="633" WIDTH="29"/>
						<String ID="P48_ST00071" HPOS="1371" VPOS="581" WIDTH="138" HEIGHT="48" CONTENT="cieux," WC="0.84" CC="050003"/>
						<SP ID="P48_SP00065" HPOS="1509" VPOS="633" WIDTH="38"/>
						<String ID="P48_ST00072" HPOS="1547" VPOS="587" WIDTH="41" HEIGHT="31" CONTENT="et" WC="1.00" CC="00"/>
						<SP ID="P48_SP00066" HPOS="1588" VPOS="633" WIDTH="34"/>
						<String ID="P48_ST00073" HPOS="1622" VPOS="579" WIDTH="100" HEIGHT="51" CONTENT="paix" WC="0.99" CC="0030"/>
						<SP ID="P48_SP00067" HPOS="1722" VPOS="633" WIDTH="30"/>
						<String ID="P48_ST00074" HPOS="1752" VPOS="591" WIDTH="75" HEIGHT="26" CONTENT="sur" WC="1.00" CC="000"/>
						<SP ID="P48_SP00068" HPOS="1827" VPOS="633" WIDTH="41"/>
						<String ID="P48_ST00075" HPOS="1868" VPOS="577" WIDTH="37" HEIGHT="39" CONTENT="la" WC="0.59" CC="16"/>
						<SP ID="P48_SP00069" HPOS="1905" VPOS="633" WIDTH="37"/>
						<String ID="P48_ST00076" HPOS="1942" VPOS="585" WIDTH="111" HEIGHT="31" CONTENT="terre" WC="0.98" CC="60302"/>
						<SP ID="P48_SP00070" HPOS="2053" VPOS="633" WIDTH="25"/>
						<String ID="P48_ST00077" HPOS="2078" VPOS="591" WIDTH="80" HEIGHT="25" CONTENT="aux" WC="0.98" CC="400"/>
					</TextLine>
					<TextLine ID="P48_TL00008" HPOS="177" VPOS="649" WIDTH="734" HEIGHT="42">
						<String ID="P48_ST00078" HPOS="177" VPOS="651" WIDTH="206" HEIGHT="40" CONTENT="hommes" WC="1.00" CC="000000"/>
						<SP ID="P48_SP00071" HPOS="383" VPOS="691" WIDTH="22"/>
						<String ID="P48_ST00079" HPOS="405" VPOS="651" WIDTH="55" HEIGHT="39" CONTENT="de" WC="1.00" CC="00"/>
						<SP ID="P48_SP00072" HPOS="460" VPOS="691" WIDTH="22"/>
						<String ID="P48_ST00080" HPOS="482" VPOS="649" WIDTH="149" HEIGHT="41" CONTENT="bonne" WC="0.98" CC="00470"/>
						<SP ID="P48_SP00073" HPOS="631" VPOS="691" WIDTH="38"/>
						<String ID="P48_ST00081" HPOS="669" VPOS="650" WIDTH="196" HEIGHT="40" CONTENT="volonté." WC="0.99" CC="02306003"/>
						<SP ID="P48_SP00074" HPOS="865" VPOS="691" WIDTH="28"/>
						<String ID="P48_ST00082" HPOS="893" VPOS="661" WIDTH="18" HEIGHT="25" CONTENT="»" WC="0.58" CC="4"/>
					</TextLine>
					<TextLine ID="P48_TL00009" HPOS="233" VPOS="722" WIDTH="1925" HEIGHT="54">
						<String ID="P48_ST00083" HPOS="233" VPOS="724" WIDTH="96" HEIGHT="42" CONTENT="Une" WC="0.98" CC="060"/>
						<SP ID="P48_SP00075" HPOS="329" VPOS="766" WIDTH="19"/>
						<String ID="P48_ST00084" HPOS="348" VPOS="725" WIDTH="146" HEIGHT="39" CONTENT="vieille" WC="1.00" CC="0000070"/>
						<SP ID="P48_SP00076" HPOS="494" VPOS="766" WIDTH="38"/>
						<String ID="P48_ST00085" HPOS="532" VPOS="725" WIDTH="164" HEIGHT="51" CONTENT="hymne" WC="1.00" CC="00000"/>
						<SP ID="P48_SP00077" HPOS="696" VPOS="776" WIDTH="35"/>
						<String ID="P48_ST00086" HPOS="731" VPOS="738" WIDTH="54" HEIGHT="28" CONTENT="en" WC="0.64" CC="07"/>
						<SP ID="P48_SP00078" HPOS="785" VPOS="776" WIDTH="35"/>
						<String ID="P48_ST00087" HPOS="820" VPOS="723" WIDTH="199" HEIGHT="42" CONTENT="tercelets" WC="0.90" CC="300000050"/>
						<SP ID="P48_SP00079" HPOS="1019" VPOS="776" WIDTH="23"/>
						<String ID="P48_ST00088" HPOS="1042" VPOS="724" WIDTH="148" HEIGHT="45" CONTENT="rimés," WC="0.93" CC="000012"/>
						<SP ID="P48_SP00080" HPOS="1190" VPOS="776" WIDTH="22"/>
						<String ID="P48_ST00089" HPOS="1212" VPOS="722" WIDTH="184" HEIGHT="42" CONTENT="chantée" WC="1.00" CC="0004000"/>
						<SP ID="P48_SP00081" HPOS="1396" VPOS="776" WIDTH="38"/>
						<String ID="P48_ST00090" HPOS="1434" VPOS="737" WIDTH="23" HEIGHT="25" CONTENT="a" WC="0.32" CC="6" STYLEREFS="TXT_3"/>
						<SP ID="P48_SP00082" HPOS="1457" VPOS="776" WIDTH="264"/>
						<String ID="P48_ST00091" HPOS="1721" VPOS="734" WIDTH="103" HEIGHT="26" CONTENT="avec" WC="1.00" CC="0000"/>
						<SP ID="P48_SP00083" HPOS="1824" VPOS="776" WIDTH="22"/>
						<String ID="P48_ST00092" HPOS="1846" VPOS="722" WIDTH="190" HEIGHT="50" CONTENT="reprises" WC="1.00" CC="00000300"/>
						<SP ID="P48_SP00084" HPOS="2036" VPOS="776" WIDTH="24"/>
						<String ID="P48_ST00093" HPOS="2060" VPOS="733" WIDTH="74" HEIGHT="26" CONTENT="sou" SUBS_TYPE="HypPart1" SUBS_CONTENT="soutenues" WC="0.98" CC="005"/>
						<HYP HPOS="2134" VPOS="733" WIDTH="24" CONTENT="-"/>
					</TextLine>
					<TextLine ID="P48_TL00010" HPOS="178" VPOS="793" WIDTH="461" HEIGHT="54">
						<String ID="P48_ST00094" HPOS="178" VPOS="801" WIDTH="154" HEIGHT="33" CONTENT="tenues" SUBS_TYPE="HypPart2" SUBS_CONTENT="soutenues" WC="0.99" CC="008600"/>
						<SP ID="P48_SP00085" HPOS="332" VPOS="834" WIDTH="22"/>
						<String ID="P48_ST00095" HPOS="354" VPOS="807" WIDTH="79" HEIGHT="40" CONTENT="par" WC="0.97" CC="600"/>
						<SP ID="P48_SP00086" HPOS="433" VPOS="847" WIDTH="23"/>
						<String ID="P48_ST00096" HPOS="456" VPOS="793" WIDTH="183" HEIGHT="51" CONTENT="l'orgue," WC="1.00" CC="40000004"/>
					</TextLine>
					<TextLine ID="P48_TL00011" HPOS="813" VPOS="870" WIDTH="542" HEIGHT="53">
						<String ID="P48_ST00097" HPOS="813" VPOS="872" WIDTH="158" HEIGHT="41" CONTENT="Stabat" WC="0.90" CC="000005"/>
						<SP ID="P48_SP00087" HPOS="971" VPOS="913" WIDTH="22"/>
						<String ID="P48_ST00098" HPOS="993" VPOS="870" WIDTH="145" HEIGHT="42" CONTENT="Mater" WC="1.00" CC="00000"/>
						<SP ID="P48_SP00088" HPOS="1138" VPOS="913" WIDTH="19"/>
						<String ID="P48_ST00099" HPOS="1157" VPOS="873" WIDTH="198" HEIGHT="50" CONTENT="speciosa" WC="0.86" CC="80003000"/>
					</TextLine>
					<TextLine ID="P48_TL00012" HPOS="809" VPOS="939" WIDTH="572" HEIGHT="58">
						<String ID="P48_ST00100" HPOS="809" VPOS="941" WIDTH="128" HEIGHT="56" CONTENT="Juxta" WC="0.93" CC="30000"/>
						<SP ID="P48_SP00089" HPOS="937" VPOS="997" WIDTH="34"/>
						<String ID="P48_ST00101" HPOS="971" VPOS="939" WIDTH="157" HEIGHT="41" CONTENT="fœtum" WC="0.94" CC="00200"/>
						<SP ID="P48_SP00090" HPOS="1128" VPOS="997" WIDTH="35"/>
						<String ID="P48_ST00102" HPOS="1163" VPOS="940" WIDTH="218" HEIGHT="50" CONTENT="gaudiosa" WC="1.00" CC="00000000"/>
					</TextLine>
					<TextLine ID="P48_TL00013" HPOS="811" VPOS="1007" WIDTH="547" HEIGHT="54">
						<String ID="P48_ST00103" HPOS="811" VPOS="1007" WIDTH="301" HEIGHT="53" CONTENT="Dumjacebat" WC="0.92" CC="0010000006"/>
						<SP ID="P48_SP00091" HPOS="1112" VPOS="1060" WIDTH="19"/>
						<String ID="P48_ST00104" HPOS="1131" VPOS="1008" WIDTH="227" HEIGHT="53" CONTENT="parvulus," WC="0.96" CC="000000003"/>
					</TextLine>
					<TextLine ID="P48_TL00014" HPOS="814" VPOS="1075" WIDTH="660" HEIGHT="54">
						<String ID="P48_ST00105" HPOS="814" VPOS="1075" WIDTH="140" HEIGHT="54" CONTENT="Cujus" WC="0.96" CC="10000"/>
						<SP ID="P48_SP00092" HPOS="954" VPOS="1129" WIDTH="18"/>
						<String ID="P48_ST00106" HPOS="972" VPOS="1077" WIDTH="196" HEIGHT="38" CONTENT="animam" WC="0.94" CC="030000"/>
						<SP ID="P48_SP00093" HPOS="1168" VPOS="1129" WIDTH="19"/>
						<String ID="P48_ST00107" HPOS="1187" VPOS="1076" WIDTH="287" HEIGHT="50" CONTENT="gaudentem," WC="0.87" CC="0000036030"/>
					</TextLine>
					<TextLine ID="P48_TL00015" HPOS="810" VPOS="1142" WIDTH="660" HEIGHT="46">
						<String ID="P48_ST00108" HPOS="810" VPOS="1143" WIDTH="326" HEIGHT="43" CONTENT="Laetabundam" WC="0.77" CC="06800062000"/>
						<SP ID="P48_SP00094" HPOS="1136" VPOS="1186" WIDTH="18"/>
						<String ID="P48_ST00109" HPOS="1154" VPOS="1152" WIDTH="41" HEIGHT="32" CONTENT="et" WC="1.00" CC="00"/>
						<SP ID="P48_SP00095" HPOS="1195" VPOS="1186" WIDTH="17"/>
						<String ID="P48_ST00110" HPOS="1212" VPOS="1142" WIDTH="258" HEIGHT="46" CONTENT="ferventem," WC="0.85" CC="4000070003"/>
					</TextLine>
					<TextLine ID="P48_TL00016" HPOS="809" VPOS="1211" WIDTH="497" HEIGHT="54">
						<String ID="P48_ST00111" HPOS="809" VPOS="1212" WIDTH="293" HEIGHT="41" CONTENT="Pertransivit" WC="0.85" CC="000100503015"/>
						<SP ID="P48_SP00096" HPOS="1102" VPOS="1253" WIDTH="19"/>
						<String ID="P48_ST00112" HPOS="1121" VPOS="1211" WIDTH="185" HEIGHT="54" CONTENT="jubilus," WC="0.79" CC="30030054"/>
					</TextLine>
					<TextLine ID="P48_TL00017" HPOS="174" VPOS="1315" WIDTH="1982" HEIGHT="55">
						<String ID="P48_ST00113" HPOS="174" VPOS="1333" WIDTH="113" HEIGHT="26" CONTENT="nous" WC="0.98" CC="8000"/>
						<SP ID="P48_SP00097" HPOS="287" VPOS="1359" WIDTH="25"/>
						<String ID="P48_ST00114" HPOS="312" VPOS="1324" WIDTH="156" HEIGHT="35" CONTENT="amène" WC="0.98" CC="00760"/>
						<SP ID="P48_SP00098" HPOS="468" VPOS="1359" WIDTH="20"/>
						<String ID="P48_ST00115" HPOS="488" VPOS="1319" WIDTH="161" HEIGHT="38" CONTENT="devant" WC="0.99" CC="000064"/>
						<SP ID="P48_SP00099" HPOS="649" VPOS="1359" WIDTH="18"/>
						<String ID="P48_ST00116" HPOS="667" VPOS="1318" WIDTH="38" HEIGHT="39" CONTENT="la" WC="0.72" CC="50"/>
						<SP ID="P48_SP00100" HPOS="705" VPOS="1359" WIDTH="28"/>
						<String ID="P48_ST00117" HPOS="733" VPOS="1317" WIDTH="160" HEIGHT="51" CONTENT="Vierge" WC="1.00" CC="020000"/>
						<SP ID="P48_SP00101" HPOS="893" VPOS="1368" WIDTH="22"/>
						<String ID="P48_ST00118" HPOS="915" VPOS="1327" WIDTH="40" HEIGHT="30" CONTENT="et" WC="1.00" CC="00"/>
						<SP ID="P48_SP00102" HPOS="955" VPOS="1368" WIDTH="23"/>
						<String ID="P48_ST00119" HPOS="978" VPOS="1315" WIDTH="210" HEIGHT="43" CONTENT="l'Enfant." WC="1.00" CC="520000004"/>
						<SP ID="P48_SP00103" HPOS="1188" VPOS="1368" WIDTH="23"/>
						<String ID="P48_ST00120" HPOS="1211" VPOS="1317" WIDTH="172" HEIGHT="40" CONTENT="Durant" WC="0.99" CC="150000"/>
						<SP ID="P48_SP00104" HPOS="1383" VPOS="1368" WIDTH="33"/>
						<String ID="P48_ST00121" HPOS="1416" VPOS="1325" WIDTH="110" HEIGHT="32" CONTENT="cette" WC="1.00" CC="00000"/>
						<SP ID="P48_SP00105" HPOS="1526" VPOS="1368" WIDTH="28"/>
						<String ID="P48_ST00122" HPOS="1554" VPOS="1317" WIDTH="365" HEIGHT="53" CONTENT="contemplation," WC="1.00" CC="00000005000004"/>
						<SP ID="P48_SP00106" HPOS="1919" VPOS="1370" WIDTH="27"/>
						<String ID="P48_ST00123" HPOS="1946" VPOS="1315" WIDTH="102" HEIGHT="40" CONTENT="bien" WC="1.00" CC="0100"/>
						<SP ID="P48_SP00107" HPOS="2048" VPOS="1370" WIDTH="25"/>
						<String ID="P48_ST00124" HPOS="2073" VPOS="1329" WIDTH="83" HEIGHT="39" CONTENT="que" WC="0.98" CC="050"/>
					</TextLine>
					<TextLine ID="P48_TL00018" HPOS="174" VPOS="1384" WIDTH="1984" HEIGHT="55">
						<String ID="P48_ST00125" HPOS="174" VPOS="1388" WIDTH="61" HEIGHT="39" CONTENT="les" WC="0.96" CC="405"/>
						<SP ID="P48_SP00108" HPOS="235" VPOS="1427" WIDTH="24"/>
						<String ID="P48_ST00126" HPOS="259" VPOS="1387" WIDTH="175" HEIGHT="52" CONTENT="paroles" WC="0.99" CC="0000305"/>
						<SP ID="P48_SP00109" HPOS="434" VPOS="1439" WIDTH="15"/>
						<String ID="P48_ST00127" HPOS="449" VPOS="1388" WIDTH="141" HEIGHT="51" CONTENT="prises" WC="1.00" CC="003000"/>
						<SP ID="P48_SP00110" HPOS="590" VPOS="1439" WIDTH="24"/>
						<String ID="P48_ST00128" HPOS="614" VPOS="1399" WIDTH="170" HEIGHT="27" CONTENT="comme" WC="1.00" CC="00000"/>
						<SP ID="P48_SP00111" HPOS="784" VPOS="1439" WIDTH="24"/>
						<String ID="P48_ST00129" HPOS="808" VPOS="1395" WIDTH="111" HEIGHT="30" CONTENT="texte" WC="0.99" CC="00500"/>
						<SP ID="P48_SP00112" HPOS="919" VPOS="1439" WIDTH="21"/>
						<String ID="P48_ST00130" HPOS="940" VPOS="1400" WIDTH="53" HEIGHT="26" CONTENT="ne" WC="0.66" CC="60"/>
						<SP ID="P48_SP00113" HPOS="993" VPOS="1439" WIDTH="39"/>
						<String ID="P48_ST00131" HPOS="1032" VPOS="1386" WIDTH="264" HEIGHT="52" CONTENT="l'indiquent" WC="0.99" CC="62260006063"/>
						<SP ID="P48_SP00114" HPOS="1296" VPOS="1439" WIDTH="35"/>
						<String ID="P48_ST00132" HPOS="1331" VPOS="1399" WIDTH="94" HEIGHT="38" CONTENT="pas," WC="0.98" CC="0304"/>
						<SP ID="P48_SP00115" HPOS="1425" VPOS="1439" WIDTH="47"/>
						<String ID="P48_ST00133" HPOS="1472" VPOS="1386" WIDTH="38" HEIGHT="39" CONTENT="le" WC="0.96" CC="00"/>
						<SP ID="P48_SP00116" HPOS="1510" VPOS="1439" WIDTH="42"/>
						<String ID="P48_ST00134" HPOS="1552" VPOS="1387" WIDTH="215" HEIGHT="38" CONTENT="musicien" WC="0.99" CC="06210206"/>
						<SP ID="P48_SP00117" HPOS="1767" VPOS="1439" WIDTH="34"/>
						<String ID="P48_ST00135" HPOS="1801" VPOS="1384" WIDTH="77" HEIGHT="41" CONTENT="fait" WC="0.98" CC="0045"/>
						<SP ID="P48_SP00118" HPOS="1878" VPOS="1439" WIDTH="38"/>
						<String ID="P48_ST00136" HPOS="1916" VPOS="1386" WIDTH="242" HEIGHT="50" CONTENT="pressentir" WC="1.00" CC="0000003034"/>
					</TextLine>
					<TextLine ID="P48_TL00019" HPOS="176" VPOS="1451" WIDTH="1980" HEIGHT="54">
						<String ID="P48_ST00137" HPOS="176" VPOS="1464" WIDTH="145" HEIGHT="32" CONTENT="toutes" WC="0.98" CC="605500"/>
						<SP ID="P48_SP00119" HPOS="321" VPOS="1496" WIDTH="24"/>
						<String ID="P48_ST00138" HPOS="345" VPOS="1455" WIDTH="62" HEIGHT="40" CONTENT="les" WC="0.99" CC="200"/>
						<SP ID="P48_SP00120" HPOS="407" VPOS="1496" WIDTH="23"/>
						<String ID="P48_ST00139" HPOS="430" VPOS="1455" WIDTH="212" HEIGHT="40" CONTENT="douleurs" WC="1.00" CC="00040000"/>
						<SP ID="P48_SP00121" HPOS="642" VPOS="1496" WIDTH="33"/>
						<String ID="P48_ST00140" HPOS="675" VPOS="1455" WIDTH="52" HEIGHT="39" CONTENT="de" WC="1.00" CC="00"/>
						<SP ID="P48_SP00122" HPOS="727" VPOS="1496" WIDTH="23"/>
						<String ID="P48_ST00141" HPOS="750" VPOS="1454" WIDTH="39" HEIGHT="39" CONTENT="la" WC="0.63" CC="70"/>
						<SP ID="P48_SP00123" HPOS="789" VPOS="1496" WIDTH="24"/>
						<String ID="P48_ST00142" HPOS="813" VPOS="1453" WIDTH="205" HEIGHT="41" CONTENT="Passion," WC="0.99" CC="00200017"/>
						<SP ID="P48_SP00124" HPOS="1018" VPOS="1496" WIDTH="33"/>
						<String ID="P48_ST00143" HPOS="1051" VPOS="1455" WIDTH="62" HEIGHT="40" CONTENT="les" WC="0.99" CC="002"/>
						<SP ID="P48_SP00125" HPOS="1113" VPOS="1496" WIDTH="31"/>
						<String ID="P48_ST00144" HPOS="1144" VPOS="1455" WIDTH="166" HEIGHT="50" CONTENT="gloires" WC="0.99" CC="0202400"/>
						<SP ID="P48_SP00126" HPOS="1310" VPOS="1505" WIDTH="24"/>
						<String ID="P48_ST00145" HPOS="1334" VPOS="1455" WIDTH="52" HEIGHT="40" CONTENT="de" WC="1.00" CC="00"/>
						<SP ID="P48_SP00127" HPOS="1386" VPOS="1505" WIDTH="33"/>
						<String ID="P48_ST00146" HPOS="1419" VPOS="1451" WIDTH="292" HEIGHT="51" CONTENT="l'Ascension," WC="0.99" CC="230000645304"/>
						<SP ID="P48_SP00128" HPOS="1711" VPOS="1505" WIDTH="33"/>
						<String ID="P48_ST00147" HPOS="1744" VPOS="1454" WIDTH="62" HEIGHT="40" CONTENT="les" WC="0.98" CC="400"/>
						<SP ID="P48_SP00129" HPOS="1806" VPOS="1505" WIDTH="23"/>
						<String ID="P48_ST00148" HPOS="1829" VPOS="1466" WIDTH="251" HEIGHT="39" CONTENT="promesses" WC="1.00" CC="000000000"/>
						<SP ID="P48_SP00130" HPOS="2080" VPOS="1505" WIDTH="23"/>
						<String ID="P48_ST00149" HPOS="2103" VPOS="1454" WIDTH="53" HEIGHT="39" CONTENT="de" WC="1.00" CC="00"/>
					</TextLine>
					<TextLine ID="P48_TL00020" HPOS="178" VPOS="1522" WIDTH="923" HEIGHT="53">
						<String ID="P48_ST00150" HPOS="178" VPOS="1524" WIDTH="39" HEIGHT="40" CONTENT="la" WC="0.72" CC="50"/>
						<SP ID="P48_SP00131" HPOS="217" VPOS="1564" WIDTH="29"/>
						<String ID="P48_ST00151" HPOS="246" VPOS="1524" WIDTH="315" HEIGHT="51" CONTENT="Rédemption." WC="1.00" CC="46000000003"/>
						<SP ID="P48_SP00132" HPOS="561" VPOS="1575" WIDTH="22"/>
						<String ID="P48_ST00152" HPOS="583" VPOS="1522" WIDTH="155" HEIGHT="41" CONTENT="L'effet" WC="1.00" CC="2000000"/>
						<SP ID="P48_SP00133" HPOS="738" VPOS="1575" WIDTH="24"/>
						<String ID="P48_ST00153" HPOS="762" VPOS="1531" WIDTH="64" HEIGHT="31" CONTENT="est" WC="0.99" CC="003"/>
						<SP ID="P48_SP00134" HPOS="826" VPOS="1575" WIDTH="25"/>
						<String ID="P48_ST00154" HPOS="851" VPOS="1524" WIDTH="250" HEIGHT="39" CONTENT="saisissant." WC="1.00" CC="10006000104"/>
					</TextLine>
					<TextLine ID="P48_TL00021" HPOS="225" VPOS="1590" WIDTH="1931" HEIGHT="52">
						<String ID="P48_ST00155" HPOS="225" VPOS="1591" WIDTH="62" HEIGHT="41" CONTENT="Le" WC="0.72" CC="50"/>
						<SP ID="P48_SP00135" HPOS="287" VPOS="1632" WIDTH="21"/>
						<String ID="P48_ST00156" HPOS="308" VPOS="1597" WIDTH="185" HEIGHT="35" CONTENT="numéro" WC="0.99" CC="060000"/>
						<SP ID="P48_SP00136" HPOS="493" VPOS="1632" WIDTH="24"/>
						<String ID="P48_ST00157" HPOS="517" VPOS="1591" WIDTH="75" HEIGHT="51" CONTENT="VI," WC="0.67" CC="054"/>
						<SP ID="P48_SP00137" HPOS="592" VPOS="1642" WIDTH="28"/>
						<String ID="P48_ST00158" HPOS="620" VPOS="1590" WIDTH="102" HEIGHT="41" CONTENT="c'est" WC="1.00" CC="04000"/>
						<SP ID="P48_SP00138" HPOS="722" VPOS="1642" WIDTH="24"/>
						<String ID="P48_ST00159" HPOS="746" VPOS="1591" WIDTH="38" HEIGHT="39" CONTENT="le" WC="1.00" CC="00"/>
						<SP ID="P48_SP00139" HPOS="784" VPOS="1642" WIDTH="24"/>
						<String ID="P48_ST00160" HPOS="808" VPOS="1591" WIDTH="131" HEIGHT="40" CONTENT="chant" WC="0.99" CC="00072"/>
						<SP ID="P48_SP00140" HPOS="939" VPOS="1642" WIDTH="23"/>
						<String ID="P48_ST00161" HPOS="962" VPOS="1592" WIDTH="77" HEIGHT="39" CONTENT="des" WC="0.99" CC="020"/>
						<SP ID="P48_SP00141" HPOS="1039" VPOS="1642" WIDTH="42"/>
						<String ID="P48_ST00162" HPOS="1081" VPOS="1591" WIDTH="191" HEIGHT="51" CONTENT="Bergers" WC="1.00" CC="0020001"/>
						<SP ID="P48_SP00142" HPOS="1272" VPOS="1642" WIDTH="29"/>
						<String ID="P48_ST00163" HPOS="1301" VPOS="1595" WIDTH="21" HEIGHT="35" CONTENT="à" WC="0.83" CC="1"/>
						<SP ID="P48_SP00143" HPOS="1322" VPOS="1642" WIDTH="25"/>
						<String ID="P48_ST00164" HPOS="1347" VPOS="1592" WIDTH="38" HEIGHT="38" CONTENT="la" WC="0.79" CC="40"/>
						<SP ID="P48_SP00144" HPOS="1385" VPOS="1642" WIDTH="23"/>
						<String ID="P48_ST00165" HPOS="1408" VPOS="1590" WIDTH="165" HEIGHT="41" CONTENT="crèche." WC="0.99" CC="0070002"/>
						<SP ID="P48_SP00145" HPOS="1573" VPOS="1642" WIDTH="28"/>
						<String ID="P48_ST00166" HPOS="1601" VPOS="1590" WIDTH="54" HEIGHT="40" CONTENT="Ici" WC="0.98" CC="006"/>
						<SP ID="P48_SP00146" HPOS="1655" VPOS="1642" WIDTH="24"/>
						<String ID="P48_ST00167" HPOS="1679" VPOS="1592" WIDTH="38" HEIGHT="50" CONTENT="je" WC="0.81" CC="30"/>
						<SP ID="P48_SP00147" HPOS="1717" VPOS="1642" WIDTH="18"/>
						<String ID="P48_ST00168" HPOS="1735" VPOS="1590" WIDTH="212" HEIGHT="40" CONTENT="voudrais" WC="1.00" CC="00200000"/>
						<SP ID="P48_SP00148" HPOS="1947" VPOS="1642" WIDTH="18"/>
						<String ID="P48_ST00169" HPOS="1965" VPOS="1593" WIDTH="191" HEIGHT="49" CONTENT="pouvoir" WC="1.00" CC="0050020"/>
					</TextLine>
					<TextLine ID="P48_TL00022" HPOS="174" VPOS="1659" WIDTH="1980" HEIGHT="53">
						<String ID="P48_ST00170" HPOS="174" VPOS="1663" WIDTH="148" HEIGHT="37" CONTENT="suivre" WC="1.00" CC="004000"/>
						<SP ID="P48_SP00149" HPOS="322" VPOS="1700" WIDTH="30"/>
						<String ID="P48_ST00171" HPOS="352" VPOS="1661" WIDTH="110" HEIGHT="40" CONTENT="dans" WC="0.99" CC="0060"/>
						<SP ID="P48_SP00150" HPOS="462" VPOS="1701" WIDTH="23"/>
						<String ID="P48_ST00172" HPOS="485" VPOS="1669" WIDTH="98" HEIGHT="31" CONTENT="tous" WC="0.98" CC="2040"/>
						<SP ID="P48_SP00151" HPOS="583" VPOS="1701" WIDTH="25"/>
						<String ID="P48_ST00173" HPOS="608" VPOS="1674" WIDTH="69" HEIGHT="26" CONTENT="ses" WC="1.00" CC="000"/>
						<SP ID="P48_SP00152" HPOS="677" VPOS="1701" WIDTH="32"/>
						<String ID="P48_ST00174" HPOS="709" VPOS="1659" WIDTH="159" HEIGHT="43" CONTENT="détails" WC="0.99" CC="0700340"/>
						<SP ID="P48_SP00153" HPOS="868" VPOS="1702" WIDTH="23"/>
						<String ID="P48_ST00175" HPOS="891" VPOS="1660" WIDTH="38" HEIGHT="39" CONTENT="la" WC="1.00" CC="00"/>
						<SP ID="P48_SP00154" HPOS="929" VPOS="1702" WIDTH="26"/>
						<String ID="P48_ST00176" HPOS="955" VPOS="1662" WIDTH="226" HEIGHT="50" CONTENT="partition," WC="0.99" CC="0736600013"/>
						<SP ID="P48_SP00155" HPOS="1181" VPOS="1712" WIDTH="23"/>
						<String ID="P48_ST00177" HPOS="1204" VPOS="1660" WIDTH="58" HEIGHT="40" CONTENT="du" WC="0.79" CC="04"/>
						<SP ID="P48_SP00156" HPOS="1262" VPOS="1712" WIDTH="24"/>
						<String ID="P48_ST00178" HPOS="1286" VPOS="1662" WIDTH="274" HEIGHT="50" CONTENT="pittoresque" WC="1.00" CC="02000000000"/>
						<SP ID="P48_SP00157" HPOS="1560" VPOS="1712" WIDTH="20"/>
						<String ID="P48_ST00179" HPOS="1580" VPOS="1660" WIDTH="38" HEIGHT="39" CONTENT="le" WC="0.76" CC="40"/>
						<SP ID="P48_SP00158" HPOS="1618" VPOS="1712" WIDTH="19"/>
						<String ID="P48_ST00180" HPOS="1637" VPOS="1659" WIDTH="100" HEIGHT="53" CONTENT="plus" WC="1.00" CC="0200"/>
						<SP ID="P48_SP00159" HPOS="1737" VPOS="1712" WIDTH="25"/>
						<String ID="P48_ST00181" HPOS="1762" VPOS="1672" WIDTH="263" HEIGHT="35" CONTENT="savoureux," WC="1.00" CC="0000000024"/>
						<SP ID="P48_SP00160" HPOS="2025" VPOS="1712" WIDTH="28"/>
						<String ID="P48_ST00182" HPOS="2053" VPOS="1659" WIDTH="101" HEIGHT="40" CONTENT="d'où" WC="0.98" CC="0308"/>
					</TextLine>
					<TextLine ID="P48_TL00023" HPOS="174" VPOS="1726" WIDTH="1979" HEIGHT="55">
						<String ID="P48_ST00183" HPOS="174" VPOS="1738" WIDTH="150" HEIGHT="31" CONTENT="monte" WC="0.99" CC="00400"/>
						<SP ID="P48_SP00161" HPOS="324" VPOS="1769" WIDTH="24"/>
						<String ID="P48_ST00184" HPOS="348" VPOS="1729" WIDTH="38" HEIGHT="51" CONTENT="je" WC="1.00" CC="00"/>
						<SP ID="P48_SP00162" HPOS="386" VPOS="1780" WIDTH="35"/>
						<String ID="P48_ST00185" HPOS="421" VPOS="1743" WIDTH="53" HEIGHT="26" CONTENT="ne" WC="1.00" CC="00"/>
						<SP ID="P48_SP00163" HPOS="474" VPOS="1780" WIDTH="32"/>
						<String ID="P48_ST00186" HPOS="506" VPOS="1731" WIDTH="89" HEIGHT="37" CONTENT="sais" WC="0.99" CC="2020"/>
						<SP ID="P48_SP00164" HPOS="595" VPOS="1780" WIDTH="42"/>
						<String ID="P48_ST00187" HPOS="637" VPOS="1729" WIDTH="102" HEIGHT="52" CONTENT="quel" WC="0.99" CC="0500"/>
						<SP ID="P48_SP00165" HPOS="739" VPOS="1781" WIDTH="39"/>
						<String ID="P48_ST00188" HPOS="778" VPOS="1728" WIDTH="177" HEIGHT="53" CONTENT="parfum" WC="1.00" CC="000000"/>
						<SP ID="P48_SP00166" HPOS="955" VPOS="1781" WIDTH="35"/>
						<String ID="P48_ST00189" HPOS="990" VPOS="1728" WIDTH="280" HEIGHT="41" CONTENT="d'adoration" WC="0.99" CC="04000005704"/>
						<SP ID="P48_SP00167" HPOS="1270" VPOS="1781" WIDTH="39"/>
						<String ID="P48_ST00190" HPOS="1309" VPOS="1733" WIDTH="127" HEIGHT="35" CONTENT="naïve" WC="1.00" CC="00000"/>
						<SP ID="P48_SP00168" HPOS="1436" VPOS="1781" WIDTH="23"/>
						<String ID="P48_ST00191" HPOS="1459" VPOS="1737" WIDTH="41" HEIGHT="31" CONTENT="et" WC="0.69" CC="06"/>
						<SP ID="P48_SP00169" HPOS="1500" VPOS="1781" WIDTH="32"/>
						<String ID="P48_ST00192" HPOS="1532" VPOS="1728" WIDTH="145" HEIGHT="52" CONTENT="pleine" WC="0.99" CC="000460"/>
						<SP ID="P48_SP00170" HPOS="1677" VPOS="1781" WIDTH="36"/>
						<String ID="P48_ST00193" HPOS="1713" VPOS="1728" WIDTH="52" HEIGHT="40" CONTENT="de" WC="1.00" CC="00"/>
						<SP ID="P48_SP00171" HPOS="1765" VPOS="1781" WIDTH="39"/>
						<String ID="P48_ST00194" HPOS="1804" VPOS="1730" WIDTH="146" HEIGHT="48" CONTENT="grâce." WC="1.00" CC="000003"/>
						<SP ID="P48_SP00172" HPOS="1950" VPOS="1781" WIDTH="39"/>
						<String ID="P48_ST00195" HPOS="1989" VPOS="1726" WIDTH="36" HEIGHT="40" CONTENT="A" WC="1.00" CC="0"/>
						<SP ID="P48_SP00173" HPOS="2025" VPOS="1781" WIDTH="25"/>
						<String ID="P48_ST00196" HPOS="2050" VPOS="1741" WIDTH="103" HEIGHT="26" CONTENT="mon" WC="0.97" CC="016"/>
					</TextLine>
					<TextLine ID="P48_TL00024" HPOS="174" VPOS="1795" WIDTH="1980" HEIGHT="54">
						<String ID="P48_ST00197" HPOS="174" VPOS="1798" WIDTH="108" HEIGHT="48" CONTENT="avis," WC="0.99" CC="00401"/>
						<SP ID="P48_SP00174" HPOS="282" VPOS="1846" WIDTH="28"/>
						<String ID="P48_ST00198" HPOS="310" VPOS="1795" WIDTH="103" HEIGHT="42" CONTENT="c'est" WC="0.99" CC="03000"/>
						<SP ID="P48_SP00175" HPOS="413" VPOS="1846" WIDTH="33"/>
						<String ID="P48_ST00199" HPOS="446" VPOS="1797" WIDTH="111" HEIGHT="40" CONTENT="dans" WC="1.00" CC="0000"/>
						<SP ID="P48_SP00176" HPOS="557" VPOS="1846" WIDTH="23"/>
						<String ID="P48_ST00200" HPOS="580" VPOS="1810" WIDTH="46" HEIGHT="27" CONTENT="ce" WC="0.91" CC="10"/>
						<SP ID="P48_SP00177" HPOS="626" VPOS="1846" WIDTH="17"/>
						<String ID="P48_ST00201" HPOS="643" VPOS="1811" WIDTH="207" HEIGHT="26" CONTENT="morceau" WC="1.00" CC="0000004"/>
						<SP ID="P48_SP00178" HPOS="850" VPOS="1846" WIDTH="23"/>
						<String ID="P48_ST00202" HPOS="873" VPOS="1796" WIDTH="268" HEIGHT="41" CONTENT="d'orchestre" WC="1.00" CC="03000002000"/>
						<SP ID="P48_SP00179" HPOS="1141" VPOS="1846" WIDTH="16"/>
						<String ID="P48_ST00203" HPOS="1157" VPOS="1805" WIDTH="41" HEIGHT="32" CONTENT="et" WC="0.75" CC="04"/>
						<SP ID="P48_SP00180" HPOS="1198" VPOS="1846" WIDTH="22"/>
						<String ID="P48_ST00204" HPOS="1220" VPOS="1797" WIDTH="111" HEIGHT="40" CONTENT="dans" WC="0.99" CC="0060"/>
						<SP ID="P48_SP00181" HPOS="1331" VPOS="1846" WIDTH="21"/>
						<String ID="P48_ST00205" HPOS="1352" VPOS="1796" WIDTH="40" HEIGHT="40" CONTENT="la" WC="1.00" CC="00"/>
						<SP ID="P48_SP00182" HPOS="1392" VPOS="1846" WIDTH="23"/>
						<String ID="P48_ST00206" HPOS="1415" VPOS="1796" WIDTH="232" HEIGHT="41" CONTENT="Pastorale" WC="1.00" CC="000005340"/>
						<SP ID="P48_SP00183" HPOS="1647" VPOS="1846" WIDTH="17"/>
						<String ID="P48_ST00207" HPOS="1664" VPOS="1809" WIDTH="85" HEIGHT="40" CONTENT="que" WC="0.98" CC="050"/>
						<SP ID="P48_SP00184" HPOS="1749" VPOS="1849" WIDTH="23"/>
						<String ID="P48_ST00208" HPOS="1772" VPOS="1796" WIDTH="38" HEIGHT="40" CONTENT="la" WC="1.00" CC="00"/>
						<SP ID="P48_SP00185" HPOS="1810" VPOS="1849" WIDTH="40"/>
						<String ID="P48_ST00209" HPOS="1850" VPOS="1796" WIDTH="304" HEIGHT="52" CONTENT="personnalité" WC="1.00" CC="308003300050"/>
					</TextLine>
					<TextLine ID="P48_TL00025" HPOS="174" VPOS="1863" WIDTH="1310" HEIGHT="54">
						<String ID="P48_ST00210" HPOS="174" VPOS="1865" WIDTH="57" HEIGHT="40" CONTENT="du" WC="0.72" CC="05"/>
						<SP ID="P48_SP00186" HPOS="231" VPOS="1905" WIDTH="27"/>
						<String ID="P48_ST00211" HPOS="258" VPOS="1867" WIDTH="300" HEIGHT="50" CONTENT="compositeur" WC="1.00" CC="00000025002"/>
						<SP ID="P48_SP00187" HPOS="558" VPOS="1917" WIDTH="20"/>
						<String ID="P48_ST00212" HPOS="578" VPOS="1865" WIDTH="103" HEIGHT="40" CONTENT="s'est" WC="0.99" CC="04003"/>
						<SP ID="P48_SP00188" HPOS="681" VPOS="1917" WIDTH="24"/>
						<String ID="P48_ST00213" HPOS="705" VPOS="1865" WIDTH="38" HEIGHT="40" CONTENT="le" WC="0.86" CC="20"/>
						<SP ID="P48_SP00189" HPOS="743" VPOS="1917" WIDTH="21"/>
						<String ID="P48_ST00214" HPOS="764" VPOS="1865" WIDTH="99" HEIGHT="52" CONTENT="plus" WC="1.00" CC="0200"/>
						<SP ID="P48_SP00190" HPOS="863" VPOS="1917" WIDTH="41"/>
						<String ID="P48_ST00215" HPOS="904" VPOS="1865" WIDTH="343" HEIGHT="51" CONTENT="originalement" WC="1.00" CC="3310020300003"/>
						<SP ID="P48_SP00191" HPOS="1247" VPOS="1917" WIDTH="26"/>
						<String ID="P48_ST00216" HPOS="1273" VPOS="1863" WIDTH="211" HEIGHT="42" CONTENT="affirmée." WC="0.99" CC="006800003"/>
					</TextLine>
					<TextLine ID="P48_TL00026" HPOS="227" VPOS="1931" WIDTH="1929" HEIGHT="54">
						<String ID="P48_ST00217" HPOS="227" VPOS="1933" WIDTH="300" HEIGHT="41" CONTENT="L'Adoration" WC="1.00" CC="03000004401"/>
						<SP ID="P48_SP00192" HPOS="527" VPOS="1974" WIDTH="21"/>
						<String ID="P48_ST00218" HPOS="548" VPOS="1933" WIDTH="76" HEIGHT="40" CONTENT="des" WC="1.00" CC="000"/>
						<SP ID="P48_SP00193" HPOS="624" VPOS="1974" WIDTH="39"/>
						<String ID="P48_ST00219" HPOS="663" VPOS="1935" WIDTH="107" HEIGHT="38" CONTENT="trois" WC="0.99" CC="50020"/>
						<SP ID="P48_SP00194" HPOS="770" VPOS="1974" WIDTH="31"/>
						<String ID="P48_ST00220" HPOS="801" VPOS="1935" WIDTH="139" HEIGHT="38" CONTENT="saints" WC="0.99" CC="030620"/>
						<SP ID="P48_SP00195" HPOS="940" VPOS="1974" WIDTH="25"/>
						<String ID="P48_ST00221" HPOS="965" VPOS="1933" WIDTH="124" HEIGHT="49" CONTENT="Rois," WC="0.99" CC="10300"/>
						<SP ID="P48_SP00196" HPOS="1089" VPOS="1982" WIDTH="28"/>
						<String ID="P48_ST00222" HPOS="1117" VPOS="1935" WIDTH="73" HEIGHT="50" CONTENT="qui" WC="0.97" CC="051"/>
						<SP ID="P48_SP00197" HPOS="1190" VPOS="1985" WIDTH="44"/>
						<String ID="P48_ST00223" HPOS="1234" VPOS="1936" WIDTH="211" HEIGHT="38" CONTENT="viennent" WC="0.99" CC="03024075"/>
						<SP ID="P48_SP00198" HPOS="1445" VPOS="1985" WIDTH="39"/>
						<String ID="P48_ST00224" HPOS="1484" VPOS="1933" WIDTH="122" HEIGHT="40" CONTENT="offrir" WC="1.00" CC="000020"/>
						<SP ID="P48_SP00199" HPOS="1606" VPOS="1985" WIDTH="31"/>
						<String ID="P48_ST00225" HPOS="1637" VPOS="1947" WIDTH="19" HEIGHT="24" CONTENT="«" WC="1.00" CC="0"/>
						<SP ID="P48_SP00200" HPOS="1656" VPOS="1985" WIDTH="37"/>
						<String ID="P48_ST00226" HPOS="1693" VPOS="1931" WIDTH="95" HEIGHT="49" CONTENT="l'or," WC="0.97" CC="43094"/>
						<SP ID="P48_SP00201" HPOS="1788" VPOS="1985" WIDTH="46"/>
						<String ID="P48_ST00227" HPOS="1834" VPOS="1931" WIDTH="191" HEIGHT="42" CONTENT="l'encens" WC="1.00" CC="50000000"/>
						<SP ID="P48_SP00202" HPOS="2025" VPOS="1985" WIDTH="25"/>
						<String ID="P48_ST00228" HPOS="2050" VPOS="1941" WIDTH="39" HEIGHT="32" CONTENT="et" WC="0.70" CC="05"/>
						<SP ID="P48_SP00203" HPOS="2089" VPOS="1985" WIDTH="28"/>
						<String ID="P48_ST00229" HPOS="2117" VPOS="1933" WIDTH="39" HEIGHT="40" CONTENT="la" WC="0.77" CC="40"/>
					</TextLine>
					<TextLine ID="P48_TL00027" HPOS="174" VPOS="2000" WIDTH="1982" HEIGHT="54">
						<String ID="P48_ST00230" HPOS="174" VPOS="2002" WIDTH="176" HEIGHT="52" CONTENT="myrrhe" WC="0.99" CC="903000"/>
						<SP ID="P48_SP00204" HPOS="350" VPOS="2054" WIDTH="21"/>
						<String ID="P48_ST00231" HPOS="371" VPOS="2015" WIDTH="38" HEIGHT="37" CONTENT="»," WC="0.50" CC="54"/>
						<SP ID="P48_SP00205" HPOS="409" VPOS="2054" WIDTH="23"/>
						<String ID="P48_ST00232" HPOS="432" VPOS="2010" WIDTH="64" HEIGHT="31" CONTENT="est" WC="1.00" CC="000"/>
						<SP ID="P48_SP00206" HPOS="496" VPOS="2054" WIDTH="36"/>
						<String ID="P48_ST00233" HPOS="532" VPOS="2015" WIDTH="176" HEIGHT="37" CONTENT="sonore," WC="1.00" CC="0000002"/>
						<SP ID="P48_SP00207" HPOS="708" VPOS="2054" WIDTH="27"/>
						<String ID="P48_ST00234" HPOS="735" VPOS="2010" WIDTH="154" HEIGHT="32" CONTENT="autant" WC="0.98" CC="054006"/>
						<SP ID="P48_SP00208" HPOS="889" VPOS="2054" WIDTH="30"/>
						<String ID="P48_ST00235" HPOS="919" VPOS="2002" WIDTH="104" HEIGHT="51" CONTENT="qu'il" WC="0.98" CC="07005"/>
						<SP ID="P48_SP00209" HPOS="1023" VPOS="2054" WIDTH="37"/>
						<String ID="P48_ST00236" HPOS="1060" VPOS="2004" WIDTH="203" HEIGHT="38" CONTENT="convient" WC="0.99" CC="00704071"/>
						<SP ID="P48_SP00210" HPOS="1263" VPOS="2054" WIDTH="30"/>
						<String ID="P48_ST00237" HPOS="1293" VPOS="2006" WIDTH="21" HEIGHT="35" CONTENT="à" WC="0.65" CC="3"/>
						<SP ID="P48_SP00211" HPOS="1314" VPOS="2054" WIDTH="31"/>
						<String ID="P48_ST00238" HPOS="1345" VPOS="2000" WIDTH="306" HEIGHT="53" CONTENT="l'importance" WC="1.00" CC="303000060600"/>
						<SP ID="P48_SP00212" HPOS="1651" VPOS="2054" WIDTH="41"/>
						<String ID="P48_ST00239" HPOS="1692" VPOS="2001" WIDTH="166" HEIGHT="40" CONTENT="d'aussi" WC="0.99" CC="0405024"/>
						<SP ID="P48_SP00213" HPOS="1858" VPOS="2054" WIDTH="39"/>
						<String ID="P48_ST00240" HPOS="1897" VPOS="2001" WIDTH="143" HEIGHT="40" CONTENT="riches" WC="1.00" CC="040000"/>
						<SP ID="P48_SP00214" HPOS="2040" VPOS="2054" WIDTH="36"/>
						<String ID="P48_ST00241" HPOS="2076" VPOS="2003" WIDTH="60" HEIGHT="38" CONTENT="sei" SUBS_TYPE="HypPart1" SUBS_CONTENT="seigneurs," WC="0.99" CC="000"/>
						<HYP HPOS="2136" VPOS="2003" WIDTH="20" CONTENT="-"/>
					</TextLine>
					<TextLine ID="P48_TL00028" HPOS="174" VPOS="2068" WIDTH="1674" HEIGHT="53">
						<String ID="P48_ST00242" HPOS="174" VPOS="2083" WIDTH="183" HEIGHT="38" CONTENT="gneurs," SUBS_TYPE="HypPart2" SUBS_CONTENT="seigneurs," WC="1.00" CC="0000004"/>
						<SP ID="P48_SP00215" HPOS="357" VPOS="2121" WIDTH="26"/>
						<String ID="P48_ST00243" HPOS="383" VPOS="2071" WIDTH="113" HEIGHT="39" CONTENT="mais" WC="0.99" CC="0030"/>
						<SP ID="P48_SP00216" HPOS="496" VPOS="2121" WIDTH="35"/>
						<String ID="P48_ST00244" HPOS="531" VPOS="2084" WIDTH="80" HEIGHT="37" CONTENT="pas" WC="1.00" CC="000"/>
						<SP ID="P48_SP00217" HPOS="611" VPOS="2121" WIDTH="38"/>
						<String ID="P48_ST00245" HPOS="649" VPOS="2075" WIDTH="87" HEIGHT="35" CONTENT="très" WC="0.98" CC="0070"/>
						<SP ID="P48_SP00218" HPOS="736" VPOS="2121" WIDTH="29"/>
						<String ID="P48_ST00246" HPOS="765" VPOS="2069" WIDTH="232" HEIGHT="52" CONTENT="profonde." WC="0.99" CC="000607004"/>
						<SP ID="P48_SP00219" HPOS="997" VPOS="2121" WIDTH="25"/>
						<String ID="P48_ST00247" HPOS="1022" VPOS="2069" WIDTH="97" HEIGHT="41" CONTENT="Elle" WC="0.99" CC="0400"/>
						<SP ID="P48_SP00220" HPOS="1119" VPOS="2121" WIDTH="35"/>
						<String ID="P48_ST00248" HPOS="1154" VPOS="2068" WIDTH="205" HEIGHT="42" CONTENT="m'aurait" WC="0.99" CC="03020453"/>
						<SP ID="P48_SP00221" HPOS="1359" VPOS="2121" WIDTH="24"/>
						<String ID="P48_ST00249" HPOS="1383" VPOS="2070" WIDTH="131" HEIGHT="39" CONTENT="laissé" WC="0.99" CC="303006"/>
						<SP ID="P48_SP00222" HPOS="1514" VPOS="2121" WIDTH="25"/>
						<String ID="P48_ST00250" HPOS="1539" VPOS="2069" WIDTH="142" HEIGHT="52" CONTENT="plutôt" WC="1.00" CC="000040"/>
						<SP ID="P48_SP00223" HPOS="1681" VPOS="2121" WIDTH="36"/>
						<String ID="P48_ST00251" HPOS="1717" VPOS="2069" WIDTH="131" HEIGHT="40" CONTENT="froid." WC="1.00" CC="000104"/>
					</TextLine>
					<TextLine ID="P48_TL00029" HPOS="227" VPOS="2136" WIDTH="1929" HEIGHT="54">
						<String ID="P48_ST00252" HPOS="227" VPOS="2137" WIDTH="238" HEIGHT="42" CONTENT="Constater" WC="0.99" CC="334040000"/>
						<SP ID="P48_SP00224" HPOS="465" VPOS="2179" WIDTH="19"/>
						<String ID="P48_ST00253" HPOS="484" VPOS="2151" WIDTH="85" HEIGHT="27" CONTENT="une" WC="0.95" CC="570"/>
						<SP ID="P48_SP00225" HPOS="569" VPOS="2179" WIDTH="23"/>
						<String ID="P48_ST00254" HPOS="592" VPOS="2137" WIDTH="85" HEIGHT="41" CONTENT="fois" WC="1.00" CC="0001"/>
						<SP ID="P48_SP00226" HPOS="677" VPOS="2179" WIDTH="27"/>
						<String ID="P48_ST00255" HPOS="704" VPOS="2138" WIDTH="54" HEIGHT="40" CONTENT="de" WC="1.00" CC="00"/>
						<SP ID="P48_SP00227" HPOS="758" VPOS="2179" WIDTH="39"/>
						<String ID="P48_ST00256" HPOS="797" VPOS="2138" WIDTH="99" HEIGHT="52" CONTENT="plus" WC="0.98" CC="0350"/>
						<SP ID="P48_SP00228" HPOS="896" VPOS="2190" WIDTH="28"/>
						<String ID="P48_ST00257" HPOS="924" VPOS="2137" WIDTH="277" HEIGHT="41" CONTENT="l'excellence" WC="1.00" CC="020040310700"/>
						<SP ID="P48_SP00229" HPOS="1201" VPOS="2190" WIDTH="38"/>
						<String ID="P48_ST00258" HPOS="1239" VPOS="2138" WIDTH="78" HEIGHT="40" CONTENT="des" WC="1.00" CC="000"/>
						<SP ID="P48_SP00230" HPOS="1317" VPOS="2190" WIDTH="38"/>
						<String ID="P48_ST00259" HPOS="1355" VPOS="2140" WIDTH="255" HEIGHT="38" CONTENT="exécutions" WC="0.99" CC="0770650000"/>
						<SP ID="P48_SP00231" HPOS="1610" VPOS="2190" WIDTH="41"/>
						<String ID="P48_ST00260" HPOS="1651" VPOS="2138" WIDTH="53" HEIGHT="40" CONTENT="de" WC="1.00" CC="00"/>
						<SP ID="P48_SP00232" HPOS="1704" VPOS="2190" WIDTH="41"/>
						<String ID="P48_ST00261" HPOS="1745" VPOS="2138" WIDTH="39" HEIGHT="39" CONTENT="la" WC="0.94" CC="10"/>
						<SP ID="P48_SP00233" HPOS="1784" VPOS="2190" WIDTH="37"/>
						<String ID="P48_ST00262" HPOS="1821" VPOS="2151" WIDTH="19" HEIGHT="24" CONTENT="«" WC="0.75" CC="2"/>
						<SP ID="P48_SP00234" HPOS="1840" VPOS="2190" WIDTH="41"/>
						<String ID="P48_ST00263" HPOS="1881" VPOS="2136" WIDTH="175" HEIGHT="42" CONTENT="Société" WC="1.00" CC="0000000"/>
						<SP ID="P48_SP00235" HPOS="2056" VPOS="2190" WIDTH="23"/>
						<String ID="P48_ST00264" HPOS="2079" VPOS="2138" WIDTH="77" HEIGHT="39" CONTENT="des" WC="1.00" CC="000"/>
					</TextLine>
					<TextLine ID="P48_TL00030" HPOS="173" VPOS="2205" WIDTH="1978" HEIGHT="53">
						<String ID="P48_ST00265" HPOS="173" VPOS="2205" WIDTH="214" HEIGHT="41" CONTENT="Concerts" WC="0.99" CC="30400751"/>
						<SP ID="P48_SP00236" HPOS="387" VPOS="2246" WIDTH="22"/>
						<String ID="P48_ST00266" HPOS="409" VPOS="2218" WIDTH="19" HEIGHT="25" CONTENT="»" WC="0.55" CC="4"/>
						<SP ID="P48_SP00237" HPOS="428" VPOS="2246" WIDTH="44"/>
						<String ID="P48_ST00267" HPOS="472" VPOS="2214" WIDTH="80" HEIGHT="40" CONTENT="est," WC="1.00" CC="0002"/>
						<SP ID="P48_SP00238" HPOS="552" VPOS="2254" WIDTH="35"/>
						<String ID="P48_ST00268" HPOS="587" VPOS="2207" WIDTH="38" HEIGHT="51" CONTENT="je" WC="0.99" CC="00"/>
						<SP ID="P48_SP00239" HPOS="625" VPOS="2258" WIDTH="29"/>
						<String ID="P48_ST00269" HPOS="654" VPOS="2220" WIDTH="152" HEIGHT="38" CONTENT="pense," WC="1.00" CC="000000"/>
						<SP ID="P48_SP00240" HPOS="806" VPOS="2258" WIDTH="43"/>
						<String ID="P48_ST00270" HPOS="849" VPOS="2206" WIDTH="133" HEIGHT="40" CONTENT="chose" WC="1.00" CC="00000"/>
						<SP ID="P48_SP00241" HPOS="982" VPOS="2258" WIDTH="24"/>
						<String ID="P48_ST00271" HPOS="1006" VPOS="2207" WIDTH="237" HEIGHT="51" CONTENT="superflue." WC="0.99" CC="0600067500"/>
						<SP ID="P48_SP00242" HPOS="1243" VPOS="2258" WIDTH="43"/>
						<String ID="P48_ST00272" HPOS="1286" VPOS="2205" WIDTH="278" HEIGHT="42" CONTENT="Souhaitons" WC="1.00" CC="0000030020"/>
						<SP ID="P48_SP00243" HPOS="1564" VPOS="2258" WIDTH="41"/>
						<String ID="P48_ST00273" HPOS="1605" VPOS="2208" WIDTH="226" HEIGHT="38" CONTENT="vivement" WC="1.00" CC="04000000"/>
						<SP ID="P48_SP00244" HPOS="1831" VPOS="2258" WIDTH="20"/>
						<String ID="P48_ST00274" HPOS="1851" VPOS="2205" WIDTH="160" HEIGHT="53" CONTENT="qu'elle" WC="0.99" CC="0540410"/>
						<SP ID="P48_SP00245" HPOS="2011" VPOS="2258" WIDTH="25"/>
						<String ID="P48_ST00275" HPOS="2036" VPOS="2219" WIDTH="115" HEIGHT="27" CONTENT="nous" WC="0.99" CC="5000"/>
					</TextLine>
					<TextLine ID="P48_TL00031" HPOS="174" VPOS="2273" WIDTH="1287" HEIGHT="54">
						<String ID="P48_ST00276" HPOS="174" VPOS="2274" WIDTH="147" HEIGHT="40" CONTENT="donne" WC="0.99" CC="00450"/>
						<SP ID="P48_SP00246" HPOS="321" VPOS="2314" WIDTH="23"/>
						<String ID="P48_ST00277" HPOS="344" VPOS="2273" WIDTH="171" HEIGHT="41" CONTENT="bientôt" WC="0.99" CC="0005230"/>
						<SP ID="P48_SP00247" HPOS="515" VPOS="2314" WIDTH="39"/>
						<String ID="P48_ST00278" HPOS="554" VPOS="2274" WIDTH="64" HEIGHT="40" CONTENT="les" WC="0.98" CC="400"/>
						<SP ID="P48_SP00248" HPOS="618" VPOS="2314" WIDTH="31"/>
						<String ID="P48_ST00279" HPOS="649" VPOS="2275" WIDTH="112" HEIGHT="40" CONTENT="deux" WC="0.99" CC="0050"/>
						<SP ID="P48_SP00249" HPOS="761" VPOS="2315" WIDTH="25"/>
						<String ID="P48_ST00280" HPOS="786" VPOS="2284" WIDTH="148" HEIGHT="31" CONTENT="autres" WC="1.00" CC="004001"/>
						<SP ID="P48_SP00250" HPOS="934" VPOS="2315" WIDTH="23"/>
						<String ID="P48_ST00281" HPOS="957" VPOS="2277" WIDTH="165" HEIGHT="50" CONTENT="parties" WC="1.00" CC="0000200"/>
						<SP ID="P48_SP00251" HPOS="1122" VPOS="2327" WIDTH="37"/>
						<String ID="P48_ST00282" HPOS="1159" VPOS="2275" WIDTH="54" HEIGHT="40" CONTENT="de" WC="1.00" CC="00"/>
						<SP ID="P48_SP00252" HPOS="1213" VPOS="2327" WIDTH="39"/>
						<String ID="P48_ST00283" HPOS="1252" VPOS="2274" WIDTH="209" HEIGHT="41" CONTENT="Christus." WC="0.77" CC="000007606" STYLEREFS="TXT_3"/>
					</TextLine>
					<TextLine ID="P48_TL00032" HPOS="228" VPOS="2340" WIDTH="1930" HEIGHT="56">
						<String ID="P48_ST00284" HPOS="228" VPOS="2340" WIDTH="63" HEIGHT="42" CONTENT="Le" WC="1.00" CC="00"/>
						<SP ID="P48_SP00253" HPOS="291" VPOS="2382" WIDTH="24"/>
						<String ID="P48_ST00285" HPOS="315" VPOS="2342" WIDTH="150" HEIGHT="52" CONTENT="public" WC="1.00" CC="000100"/>
						<SP ID="P48_SP00254" HPOS="465" VPOS="2394" WIDTH="19"/>
						<String ID="P48_ST00286" HPOS="484" VPOS="2343" WIDTH="77" HEIGHT="39" CONTENT="des" WC="1.00" CC="000"/>
						<SP ID="P48_SP00255" HPOS="561" VPOS="2394" WIDTH="25"/>
						<String ID="P48_ST00287" HPOS="586" VPOS="2342" WIDTH="202" HEIGHT="41" CONTENT="abonnés" WC="0.99" CC="0056600"/>
						<SP ID="P48_SP00256" HPOS="788" VPOS="2394" WIDTH="22"/>
						<String ID="P48_ST00288" HPOS="810" VPOS="2344" WIDTH="121" HEIGHT="51" CONTENT="(quel" WC="0.99" CC="00403"/>
						<SP ID="P48_SP00257" HPOS="931" VPOS="2395" WIDTH="29"/>
						<String ID="P48_ST00289" HPOS="960" VPOS="2342" WIDTH="166" HEIGHT="53" CONTENT="public," WC="0.99" CC="0004004"/>
						<SP ID="P48_SP00258" HPOS="1126" VPOS="2395" WIDTH="21"/>
						<String ID="P48_ST00290" HPOS="1147" VPOS="2357" WIDTH="80" HEIGHT="38" CONTENT="par" WC="1.00" CC="000"/>
						<SP ID="P48_SP00259" HPOS="1227" VPOS="2395" WIDTH="18"/>
						<String ID="P48_ST00291" HPOS="1245" VPOS="2343" WIDTH="193" HEIGHT="53" CONTENT="Apollon" WC="0.99" CC="0002206"/>
						<SP ID="P48_SP00260" HPOS="1438" VPOS="2396" WIDTH="18"/>
						<String ID="P48_ST00292" HPOS="1456" VPOS="2342" WIDTH="33" HEIGHT="54" CONTENT="!)" WC="0.81" CC="03"/>
						<SP ID="P48_SP00261" HPOS="1489" VPOS="2396" WIDTH="21"/>
						<String ID="P48_ST00293" HPOS="1510" VPOS="2342" WIDTH="47" HEIGHT="41" CONTENT="fît" WC="0.93" CC="684"/>
						<SP ID="P48_SP00262" HPOS="1557" VPOS="2396" WIDTH="23"/>
						<String ID="P48_ST00294" HPOS="1580" VPOS="2344" WIDTH="201" HEIGHT="51" CONTENT="toujours" WC="0.99" CC="40600700"/>
						<SP ID="P48_SP00263" HPOS="1781" VPOS="2396" WIDTH="26"/>
						<String ID="P48_ST00295" HPOS="1807" VPOS="2347" WIDTH="20" HEIGHT="35" CONTENT="à" WC="0.16" CC="8"/>
						<SP ID="P48_SP00264" HPOS="1827" VPOS="2396" WIDTH="23"/>
						<String ID="P48_ST00296" HPOS="1850" VPOS="2342" WIDTH="108" HEIGHT="40" CONTENT="Nuit" WC="1.00" CC="0001" STYLEREFS="TXT_3"/>
						<SP ID="P48_SP00265" HPOS="1958" VPOS="2396" WIDTH="20"/>
						<String ID="P48_ST00297" HPOS="1978" VPOS="2343" WIDTH="51" HEIGHT="38" CONTENT="de" WC="0.83" CC="03" STYLEREFS="TXT_3"/>
						<SP ID="P48_SP00266" HPOS="2029" VPOS="2396" WIDTH="13"/>
						<String ID="P48_ST00298" HPOS="2042" VPOS="2342" WIDTH="116" HEIGHT="40" CONTENT="Noël" WC="0.98" CC="0620" STYLEREFS="TXT_3"/>
					</TextLine>
					<TextLine ID="P48_TL00033" HPOS="173" VPOS="2410" WIDTH="1981" HEIGHT="54">
						<String ID="P48_ST00299" HPOS="173" VPOS="2425" WIDTH="60" HEIGHT="25" CONTENT="un" WC="0.66" CC="06"/>
						<SP ID="P48_SP00267" HPOS="233" VPOS="2450" WIDTH="19"/>
						<String ID="P48_ST00300" HPOS="252" VPOS="2411" WIDTH="163" HEIGHT="40" CONTENT="accueil" WC="1.00" CC="0004001"/>
						<SP ID="P48_SP00268" HPOS="415" VPOS="2451" WIDTH="22"/>
						<String ID="P48_ST00301" HPOS="437" VPOS="2415" WIDTH="188" HEIGHT="36" CONTENT="réservé." WC="1.00" CC="00000000"/>
						<SP ID="P48_SP00269" HPOS="625" VPOS="2451" WIDTH="21"/>
						<String ID="P48_ST00302" HPOS="646" VPOS="2410" WIDTH="106" HEIGHT="41" CONTENT="Cela" WC="1.00" CC="0020"/>
						<SP ID="P48_SP00270" HPOS="752" VPOS="2451" WIDTH="23"/>
						<String ID="P48_ST00303" HPOS="775" VPOS="2412" WIDTH="90" HEIGHT="39" CONTENT="sied" WC="0.99" CC="2110"/>
						<SP ID="P48_SP00271" HPOS="865" VPOS="2451" WIDTH="28"/>
						<String ID="P48_ST00304" HPOS="893" VPOS="2416" WIDTH="21" HEIGHT="35" CONTENT="à" WC="0.25" CC="7"/>
						<SP ID="P48_SP00272" HPOS="914" VPOS="2451" WIDTH="42"/>
						<String ID="P48_ST00305" HPOS="956" VPOS="2412" WIDTH="78" HEIGHT="39" CONTENT="des" WC="1.00" CC="000"/>
						<SP ID="P48_SP00273" HPOS="1034" VPOS="2451" WIDTH="38"/>
						<String ID="P48_ST00306" HPOS="1072" VPOS="2425" WIDTH="111" HEIGHT="37" CONTENT="gens" WC="0.99" CC="0060"/>
						<SP ID="P48_SP00274" HPOS="1183" VPOS="2462" WIDTH="22"/>
						<String ID="P48_ST00307" HPOS="1205" VPOS="2413" WIDTH="73" HEIGHT="51" CONTENT="qui" WC="0.97" CC="060"/>
						<SP ID="P48_SP00275" HPOS="1278" VPOS="2464" WIDTH="33"/>
						<String ID="P48_ST00308" HPOS="1311" VPOS="2413" WIDTH="180" HEIGHT="40" CONTENT="doivent" WC="0.99" CC="0030044"/>
						<SP ID="P48_SP00276" HPOS="1491" VPOS="2464" WIDTH="34"/>
						<String ID="P48_ST00309" HPOS="1525" VPOS="2411" WIDTH="250" HEIGHT="53" CONTENT="apprendre" WC="1.00" CC="000000000"/>
						<SP ID="P48_SP00277" HPOS="1775" VPOS="2464" WIDTH="25"/>
						<String ID="P48_ST00310" HPOS="1800" VPOS="2411" WIDTH="53" HEIGHT="40" CONTENT="de" WC="1.00" CC="00"/>
						<SP ID="P48_SP00278" HPOS="1853" VPOS="2464" WIDTH="37"/>
						<String ID="P48_ST00311" HPOS="1890" VPOS="2411" WIDTH="117" HEIGHT="40" CONTENT="leurs" WC="1.00" CC="10200"/>
						<SP ID="P48_SP00279" HPOS="2007" VPOS="2464" WIDTH="26"/>
						<String ID="P48_ST00312" HPOS="2033" VPOS="2415" WIDTH="97" HEIGHT="35" CONTENT="ancê" SUBS_TYPE="HypPart1" SUBS_CONTENT="ancêtres" WC="0.98" CC="0606"/>
						<HYP HPOS="2130" VPOS="2415" WIDTH="24" CONTENT="-"/>
					</TextLine>
					<TextLine ID="P48_TL00034" HPOS="175" VPOS="2477" WIDTH="866" HEIGHT="55">
						<String ID="P48_ST00313" HPOS="175" VPOS="2488" WIDTH="88" HEIGHT="31" CONTENT="tres" SUBS_TYPE="HypPart2" SUBS_CONTENT="ancêtres" WC="1.00" CC="0000"/>
						<SP ID="P48_SP00280" HPOS="263" VPOS="2519" WIDTH="39"/>
						<String ID="P48_ST00314" HPOS="302" VPOS="2492" WIDTH="46" HEIGHT="27" CONTENT="ce" WC="1.00" CC="00"/>
						<SP ID="P48_SP00281" HPOS="348" VPOS="2519" WIDTH="40"/>
						<String ID="P48_ST00315" HPOS="388" VPOS="2477" WIDTH="104" HEIGHT="54" CONTENT="qu'il" WC="0.98" CC="03453"/>
						<SP ID="P48_SP00282" HPOS="492" VPOS="2531" WIDTH="25"/>
						<String ID="P48_ST00316" HPOS="517" VPOS="2481" WIDTH="205" HEIGHT="39" CONTENT="convient" WC="0.99" CC="30701061"/>
						<SP ID="P48_SP00283" HPOS="722" VPOS="2531" WIDTH="21"/>
						<String ID="P48_ST00317" HPOS="743" VPOS="2479" WIDTH="298" HEIGHT="53" CONTENT="d'applaudir." WC="1.00" CC="046000000402"/>
					</TextLine>
				</TextBlock>
				<TextBlock ID="P48_TB00004" HPOS="1489" VPOS="2547" WIDTH="496" HEIGHT="43" STYLEREFS="TXT_1 PAR_RIGHT">
					<TextLine ID="P48_TL00035" HPOS="1491" VPOS="2547" WIDTH="493" HEIGHT="41">
						<String ID="P48_ST00318" HPOS="1491" VPOS="2547" WIDTH="213" HEIGHT="41" CONTENT="MAURICE" WC="0.99" CC="0165600"/>
						<SP ID="P48_SP00284" HPOS="1704" VPOS="2588" WIDTH="25"/>
						<String ID="P48_ST00319" HPOS="1729" VPOS="2547" WIDTH="255" HEIGHT="41" CONTENT="FOURRIER." WC="0.99" CC="506535030"/>
					</TextLine>
				</TextBlock>
				<TextBlock ID="P48_TB00005" HPOS="175" VPOS="2748" WIDTH="1978" HEIGHT="111" STYLEREFS="TXT_4 PAR_CENTER">
					<TextLine ID="P48_TL00036" HPOS="177" VPOS="2802" WIDTH="1975" HEIGHT="55">
						<String ID="P48_ST00320" HPOS="177" VPOS="2806" WIDTH="104" HEIGHT="42" CONTENT="Les" WC="0.99" CC="200"/>
						<SP ID="P48_SP00285" HPOS="281" VPOS="2848" WIDTH="36"/>
						<String ID="P48_ST00321" HPOS="317" VPOS="2804" WIDTH="250" HEIGHT="53" CONTENT="origines" WC="0.99" CC="14150605"/>
						<SP ID="P48_SP00286" HPOS="567" VPOS="2857" WIDTH="31"/>
						<String ID="P48_ST00322" HPOS="598" VPOS="2804" WIDTH="66" HEIGHT="43" CONTENT="de" WC="0.67" CC="60"/>
						<SP ID="P48_SP00287" HPOS="664" VPOS="2857" WIDTH="22"/>
						<String ID="P48_ST00323" HPOS="686" VPOS="2804" WIDTH="55" HEIGHT="41" CONTENT="la" WC="0.79" CC="12"/>
						<SP ID="P48_SP00288" HPOS="741" VPOS="2857" WIDTH="23"/>
						<String ID="P48_ST00324" HPOS="764" VPOS="2804" WIDTH="265" HEIGHT="52" CONTENT="musique" WC="0.98" CC="9600450"/>
						<SP ID="P48_SP00289" HPOS="1029" VPOS="2857" WIDTH="26"/>
						<String ID="P48_ST00325" HPOS="1055" VPOS="2806" WIDTH="57" HEIGHT="39" CONTENT="et" WC="0.88" CC="01"/>
						<SP ID="P48_SP00290" HPOS="1112" VPOS="2857" WIDTH="20"/>
						<String ID="P48_ST00326" HPOS="1132" VPOS="2802" WIDTH="52" HEIGHT="42" CONTENT="le" WC="0.93" CC="01"/>
						<SP ID="P48_SP00291" HPOS="1184" VPOS="2857" WIDTH="22"/>
						<String ID="P48_ST00327" HPOS="1206" VPOS="2802" WIDTH="211" HEIGHT="43" CONTENT="travail" WC="0.99" CC="2341000"/>
						<SP ID="P48_SP00292" HPOS="1417" VPOS="2857" WIDTH="29"/>
						<String ID="P48_ST00328" HPOS="1446" VPOS="2802" WIDTH="193" HEIGHT="54" CONTENT="social," WC="0.99" CC="4000304"/>
						<SP ID="P48_SP00293" HPOS="1639" VPOS="2857" WIDTH="25"/>
						<String ID="P48_ST00329" HPOS="1664" VPOS="2802" WIDTH="224" HEIGHT="55" CONTENT="d'après" WC="0.98" CC="6219503"/>
						<SP ID="P48_SP00294" HPOS="1888" VPOS="2857" WIDTH="23"/>
						<String ID="P48_ST00330" HPOS="1911" VPOS="2802" WIDTH="241" HEIGHT="42" CONTENT="Bücher." WC="1.00" CC="5005000"/>
					</TextLine>
				</TextBlock>
				<TextBlock ID="P48_TB00006" HPOS="1095" VPOS="2888" WIDTH="139" HEIGHT="56" STYLEREFS="TXT_3 PAR_CENTER">
					<TextLine ID="P48_TL00037" HPOS="1096" VPOS="2890" WIDTH="136" HEIGHT="53">
						<String ID="P48_ST00331" HPOS="1096" VPOS="2890" WIDTH="136" HEIGHT="53" CONTENT="(Fin.)" WC="0.69" CC="240604"/>
					</TextLine>
				</TextBlock>
				<TextBlock ID="P48_TB00007" HPOS="173" VPOS="3009" WIDTH="1983" HEIGHT="532" STYLEREFS="TXT_2 PAR_BLOCK">
					<TextLine ID="P48_TL00038" HPOS="226" VPOS="3011" WIDTH="1929" HEIGHT="58">
						<String ID="P48_ST00332" HPOS="226" VPOS="3015" WIDTH="81" HEIGHT="54" CONTENT="J'ai" WC="0.99" CC="1021"/>
						<SP ID="P48_SP00295" HPOS="307" VPOS="3069" WIDTH="22"/>
						<String ID="P48_ST00333" HPOS="329" VPOS="3014" WIDTH="280" HEIGHT="52" CONTENT="aujourd'hui" WC="0.99" CC="15004703031"/>
						<SP ID="P48_SP00296" HPOS="609" VPOS="3069" WIDTH="22"/>
						<String ID="P48_ST00334" HPOS="631" VPOS="3018" WIDTH="21" HEIGHT="35" CONTENT="à" WC="0.45" CC="5"/>
						<SP ID="P48_SP00297" HPOS="652" VPOS="3069" WIDTH="18"/>
						<String ID="P48_ST00335" HPOS="670" VPOS="3013" WIDTH="108" HEIGHT="40" CONTENT="faire" WC="0.99" CC="00440"/>
						<SP ID="P48_SP00298" HPOS="778" VPOS="3069" WIDTH="23"/>
						<String ID="P48_ST00336" HPOS="801" VPOS="3011" WIDTH="212" HEIGHT="42" CONTENT="l'examen" WC="0.99" CC="44001006"/>
						<SP ID="P48_SP00299" HPOS="1013" VPOS="3069" WIDTH="31"/>
						<String ID="P48_ST00337" HPOS="1044" VPOS="3014" WIDTH="186" HEIGHT="45" CONTENT="critique" WC="0.99" CC="00034400"/>
						<SP ID="P48_SP00300" HPOS="1230" VPOS="3069" WIDTH="19"/>
						<String ID="P48_ST00338" HPOS="1249" VPOS="3013" WIDTH="53" HEIGHT="39" CONTENT="de" WC="1.00" CC="00"/>
						<SP ID="P48_SP00301" HPOS="1302" VPOS="3069" WIDTH="23"/>
						<String ID="P48_ST00339" HPOS="1325" VPOS="3012" WIDTH="38" HEIGHT="40" CONTENT="la" WC="1.00" CC="00"/>
						<SP ID="P48_SP00302" HPOS="1363" VPOS="3069" WIDTH="26"/>
						<String ID="P48_ST00340" HPOS="1389" VPOS="3012" WIDTH="168" HEIGHT="40" CONTENT="théorie" WC="0.99" CC="5360000"/>
						<SP ID="P48_SP00303" HPOS="1557" VPOS="3069" WIDTH="22"/>
						<String ID="P48_ST00341" HPOS="1579" VPOS="3013" WIDTH="53" HEIGHT="40" CONTENT="de" WC="0.67" CC="06"/>
						<SP ID="P48_SP00304" HPOS="1632" VPOS="3069" WIDTH="35"/>
						<String ID="P48_ST00342" HPOS="1667" VPOS="3013" WIDTH="104" HEIGHT="40" CONTENT="Karl" WC="1.00" CC="1000"/>
						<SP ID="P48_SP00305" HPOS="1771" VPOS="3069" WIDTH="23"/>
						<String ID="P48_ST00343" HPOS="1794" VPOS="3013" WIDTH="174" HEIGHT="41" CONTENT="Bûcher" WC="0.98" CC="080008"/>
						<SP ID="P48_SP00306" HPOS="1968" VPOS="3069" WIDTH="29"/>
						<String ID="P48_ST00344" HPOS="1997" VPOS="3027" WIDTH="74" HEIGHT="27" CONTENT="sur" WC="1.00" CC="000"/>
						<SP ID="P48_SP00307" HPOS="2071" VPOS="3069" WIDTH="22"/>
						<String ID="P48_ST00345" HPOS="2093" VPOS="3014" WIDTH="62" HEIGHT="39" CONTENT="les" WC="0.98" CC="005"/>
					</TextLine>
					<TextLine ID="P48_TL00039" HPOS="174" VPOS="3081" WIDTH="1981" HEIGHT="53">
						<String ID="P48_ST00346" HPOS="174" VPOS="3085" WIDTH="195" HEIGHT="47" CONTENT="origines" WC="0.99" CC="00596600"/>
						<SP ID="P48_SP00308" HPOS="369" VPOS="3132" WIDTH="19"/>
						<String ID="P48_ST00347" HPOS="388" VPOS="3083" WIDTH="58" HEIGHT="39" CONTENT="du" WC="0.91" CC="01"/>
						<SP ID="P48_SP00309" HPOS="446" VPOS="3132" WIDTH="24"/>
						<String ID="P48_ST00348" HPOS="470" VPOS="3082" WIDTH="187" HEIGHT="52" CONTENT="rythme." WC="0.99" CC="0560600"/>
						<SP ID="P48_SP00310" HPOS="657" VPOS="3134" WIDTH="26"/>
						<String ID="P48_ST00349" HPOS="683" VPOS="3081" WIDTH="126" HEIGHT="40" CONTENT="Ainsi" WC="0.98" CC="03604"/>
						<SP ID="P48_SP00311" HPOS="809" VPOS="3134" WIDTH="21"/>
						<String ID="P48_ST00350" HPOS="830" VPOS="3094" WIDTH="84" HEIGHT="39" CONTENT="que" WC="0.98" CC="050"/>
						<SP ID="P48_SP00312" HPOS="914" VPOS="3134" WIDTH="17"/>
						<String ID="P48_ST00351" HPOS="931" VPOS="3094" WIDTH="112" HEIGHT="27" CONTENT="nous" WC="0.98" CC="0060"/>
						<SP ID="P48_SP00313" HPOS="1043" VPOS="3134" WIDTH="24"/>
						<String ID="P48_ST00352" HPOS="1067" VPOS="3081" WIDTH="168" HEIGHT="40" CONTENT="l'avons" WC="1.00" CC="0000020"/>
						<SP ID="P48_SP00314" HPOS="1235" VPOS="3134" WIDTH="22"/>
						<String ID="P48_ST00353" HPOS="1257" VPOS="3096" WIDTH="74" HEIGHT="35" CONTENT="vu," WC="0.94" CC="554"/>
						<SP ID="P48_SP00315" HPOS="1331" VPOS="3134" WIDTH="22"/>
						<String ID="P48_ST00354" HPOS="1353" VPOS="3081" WIDTH="188" HEIGHT="40" CONTENT="l'auteur" WC="1.00" CC="03006000"/>
						<SP ID="P48_SP00316" HPOS="1541" VPOS="3134" WIDTH="22"/>
						<String ID="P48_ST00355" HPOS="1563" VPOS="3081" WIDTH="57" HEIGHT="40" CONTENT="du" WC="1.00" CC="00"/>
						<SP ID="P48_SP00317" HPOS="1620" VPOS="3134" WIDTH="24"/>
						<String ID="P48_ST00356" HPOS="1644" VPOS="3081" WIDTH="108" HEIGHT="40" CONTENT="livre" WC="1.00" CC="00010"/>
						<SP ID="P48_SP00318" HPOS="1752" VPOS="3134" WIDTH="23"/>
						<String ID="P48_ST00357" HPOS="1775" VPOS="3095" WIDTH="85" HEIGHT="38" CONTENT="que" WC="1.00" CC="000"/>
						<SP ID="P48_SP00319" HPOS="1860" VPOS="3134" WIDTH="21"/>
						<String ID="P48_ST00358" HPOS="1881" VPOS="3081" WIDTH="70" HEIGHT="53" CONTENT="j'ai" WC="0.99" CC="0302"/>
						<SP ID="P48_SP00320" HPOS="1951" VPOS="3134" WIDTH="24"/>
						<String ID="P48_ST00359" HPOS="1975" VPOS="3082" WIDTH="180" HEIGHT="52" CONTENT="analysé" WC="0.99" CC="0401607"/>
					</TextLine>
					<TextLine ID="P48_TL00040" HPOS="174" VPOS="3149" WIDTH="1980" HEIGHT="52">
						<String ID="P48_ST00360" HPOS="174" VPOS="3152" WIDTH="107" HEIGHT="38" CONTENT="croit" WC="0.99" CC="00024"/>
						<SP ID="P48_SP00321" HPOS="281" VPOS="3190" WIDTH="24"/>
						<String ID="P48_ST00361" HPOS="305" VPOS="3151" WIDTH="250" HEIGHT="50" CONTENT="apercevoir" WC="1.00" CC="0000005030"/>
						<SP ID="P48_SP00322" HPOS="555" VPOS="3201" WIDTH="25"/>
						<String ID="P48_ST00362" HPOS="580" VPOS="3163" WIDTH="69" HEIGHT="27" CONTENT="ces" WC="1.00" CC="000"/>
						<SP ID="P48_SP00323" HPOS="649" VPOS="3201" WIDTH="25"/>
						<String ID="P48_ST00363" HPOS="674" VPOS="3151" WIDTH="196" HEIGHT="49" CONTENT="origines" WC="0.99" CC="00093610"/>
						<SP ID="P48_SP00324" HPOS="870" VPOS="3201" WIDTH="33"/>
						<String ID="P48_ST00364" HPOS="903" VPOS="3149" WIDTH="110" HEIGHT="40" CONTENT="dans" WC="1.00" CC="0000"/>
						<SP ID="P48_SP00325" HPOS="1013" VPOS="3201" WIDTH="30"/>
						<String ID="P48_ST00365" HPOS="1043" VPOS="3149" WIDTH="38" HEIGHT="40" CONTENT="le" WC="1.00" CC="00"/>
						<SP ID="P48_SP00326" HPOS="1081" VPOS="3201" WIDTH="23"/>
						<String ID="P48_ST00366" HPOS="1104" VPOS="3151" WIDTH="156" HEIGHT="38" CONTENT="travail" WC="1.00" CC="0000005"/>
						<SP ID="P48_SP00327" HPOS="1260" VPOS="3201" WIDTH="17"/>
						<String ID="P48_ST00367" HPOS="1277" VPOS="3160" WIDTH="9" HEIGHT="39" CONTENT=";" WC="0.91" CC="0"/>
						<SP ID="P48_SP00328" HPOS="1286" VPOS="3201" WIDTH="31"/>
						<String ID="P48_ST00368" HPOS="1317" VPOS="3149" WIDTH="29" HEIGHT="39" CONTENT="il" WC="0.67" CC="15"/>
						<SP ID="P48_SP00329" HPOS="1346" VPOS="3201" WIDTH="24"/>
						<String ID="P48_ST00369" HPOS="1370" VPOS="3149" WIDTH="38" HEIGHT="39" CONTENT="le" WC="0.73" CC="50"/>
						<SP ID="P48_SP00330" HPOS="1408" VPOS="3201" WIDTH="32"/>
						<String ID="P48_ST00370" HPOS="1440" VPOS="3150" WIDTH="229" HEIGHT="39" CONTENT="considère" WC="1.00" CC="000000700"/>
						<SP ID="P48_SP00331" HPOS="1669" VPOS="3201" WIDTH="23"/>
						<String ID="P48_ST00371" HPOS="1692" VPOS="3163" WIDTH="171" HEIGHT="26" CONTENT="comme" WC="1.00" CC="00000"/>
						<SP ID="P48_SP00332" HPOS="1863" VPOS="3201" WIDTH="35"/>
						<String ID="P48_ST00372" HPOS="1898" VPOS="3163" WIDTH="87" HEIGHT="27" CONTENT="une" WC="0.97" CC="602"/>
						<SP ID="P48_SP00333" HPOS="1985" VPOS="3201" WIDTH="23"/>
						<String ID="P48_ST00373" HPOS="2008" VPOS="3154" WIDTH="122" HEIGHT="36" CONTENT="néces" SUBS_TYPE="HypPart1" SUBS_CONTENT="nécessité" WC="1.00" CC="00000"/>
						<HYP HPOS="2130" VPOS="3154" WIDTH="24" CONTENT="-"/>
					</TextLine>
					<TextLine ID="P48_TL00041" HPOS="173" VPOS="3217" WIDTH="1979" HEIGHT="52">
						<String ID="P48_ST00374" HPOS="173" VPOS="3220" WIDTH="81" HEIGHT="38" CONTENT="sité" SUBS_TYPE="HypPart2" SUBS_CONTENT="nécessité" WC="0.98" CC="3300"/>
						<SP ID="P48_SP00334" HPOS="254" VPOS="3258" WIDTH="39"/>
						<String ID="P48_ST00375" HPOS="293" VPOS="3219" WIDTH="52" HEIGHT="39" CONTENT="de" WC="1.00" CC="00"/>
						<SP ID="P48_SP00335" HPOS="345" VPOS="3258" WIDTH="36"/>
						<String ID="P48_ST00376" HPOS="381" VPOS="3218" WIDTH="38" HEIGHT="40" CONTENT="la" WC="1.00" CC="00"/>
						<SP ID="P48_SP00336" HPOS="419" VPOS="3258" WIDTH="41"/>
						<String ID="P48_ST00377" HPOS="460" VPOS="3219" WIDTH="69" HEIGHT="38" CONTENT="vie" WC="0.99" CC="030"/>
						<SP ID="P48_SP00337" HPOS="529" VPOS="3258" WIDTH="32"/>
						<String ID="P48_ST00378" HPOS="561" VPOS="3219" WIDTH="236" HEIGHT="50" CONTENT="primitive," WC="1.00" CC="3020130000"/>
						<SP ID="P48_SP00338" HPOS="797" VPOS="3269" WIDTH="35"/>
						<String ID="P48_ST00379" HPOS="832" VPOS="3219" WIDTH="286" HEIGHT="38" CONTENT="caractérisée" WC="1.00" CC="000005000000"/>
						<SP ID="P48_SP00339" HPOS="1118" VPOS="3269" WIDTH="34"/>
						<String ID="P48_ST00380" HPOS="1152" VPOS="3231" WIDTH="80" HEIGHT="38" CONTENT="par" WC="0.97" CC="060"/>
						<SP ID="P48_SP00340" HPOS="1232" VPOS="3269" WIDTH="37"/>
						<String ID="P48_ST00381" HPOS="1269" VPOS="3217" WIDTH="36" HEIGHT="40" CONTENT="la" WC="0.69" CC="05"/>
						<SP ID="P48_SP00341" HPOS="1305" VPOS="3269" WIDTH="39"/>
						<String ID="P48_ST00382" HPOS="1344" VPOS="3219" WIDTH="233" HEIGHT="50" CONTENT="répétition" WC="1.00" CC="0000200006"/>
						<SP ID="P48_SP00342" HPOS="1577" VPOS="3269" WIDTH="46"/>
						<String ID="P48_ST00383" HPOS="1623" VPOS="3218" WIDTH="217" HEIGHT="50" CONTENT="régulière" WC="0.99" CC="009544700"/>
						<SP ID="P48_SP00343" HPOS="1840" VPOS="3269" WIDTH="33"/>
						<String ID="P48_ST00384" HPOS="1873" VPOS="3218" WIDTH="76" HEIGHT="40" CONTENT="des" WC="1.00" CC="000"/>
						<SP ID="P48_SP00344" HPOS="1949" VPOS="3269" WIDTH="37"/>
						<String ID="P48_ST00385" HPOS="1986" VPOS="3222" WIDTH="166" HEIGHT="36" CONTENT="mêmes" WC="0.99" CC="06000"/>
					</TextLine>
					<TextLine ID="P48_TL00042" HPOS="173" VPOS="3285" WIDTH="1980" HEIGHT="52">
						<String ID="P48_ST00386" HPOS="173" VPOS="3294" WIDTH="324" HEIGHT="32" CONTENT="mouvements." WC="1.00" CC="03000006304"/>
						<SP ID="P48_SP00345" HPOS="497" VPOS="3326" WIDTH="42"/>
						<String ID="P48_ST00387" HPOS="539" VPOS="3285" WIDTH="183" HEIGHT="52" CONTENT="D'après" WC="1.00" CC="6000000"/>
						<SP ID="P48_SP00346" HPOS="722" VPOS="3337" WIDTH="35"/>
						<String ID="P48_ST00388" HPOS="757" VPOS="3286" WIDTH="76" HEIGHT="46" CONTENT="lui," WC="0.98" CC="4004"/>
						<SP ID="P48_SP00347" HPOS="833" VPOS="3337" WIDTH="23"/>
						<String ID="P48_ST00389" HPOS="856" VPOS="3293" WIDTH="108" HEIGHT="32" CONTENT="cette" WC="1.00" CC="20000"/>
						<SP ID="P48_SP00348" HPOS="964" VPOS="3337" WIDTH="25"/>
						<String ID="P48_ST00390" HPOS="989" VPOS="3286" WIDTH="248" HEIGHT="51" CONTENT="répétition," WC="0.99" CC="06060242064"/>
						<SP ID="P48_SP00349" HPOS="1237" VPOS="3337" WIDTH="26"/>
						<String ID="P48_ST00391" HPOS="1263" VPOS="3294" WIDTH="303" HEIGHT="41" CONTENT="avantageuse" WC="1.00" CC="00006090500"/>
						<SP ID="P48_SP00350" HPOS="1566" VPOS="3337" WIDTH="35"/>
						<String ID="P48_ST00392" HPOS="1601" VPOS="3286" WIDTH="110" HEIGHT="40" CONTENT="dans" WC="0.99" CC="0050"/>
						<SP ID="P48_SP00351" HPOS="1711" VPOS="3337" WIDTH="24"/>
						<String ID="P48_ST00393" HPOS="1735" VPOS="3286" WIDTH="37" HEIGHT="40" CONTENT="le" WC="0.79" CC="40"/>
						<SP ID="P48_SP00352" HPOS="1772" VPOS="3337" WIDTH="39"/>
						<String ID="P48_ST00394" HPOS="1811" VPOS="3286" WIDTH="156" HEIGHT="40" CONTENT="travail" WC="0.99" CC="0060003"/>
						<SP ID="P48_SP00353" HPOS="1967" VPOS="3337" WIDTH="25"/>
						<String ID="P48_ST00395" HPOS="1992" VPOS="3286" WIDTH="138" HEIGHT="40" CONTENT="indivi" SUBS_TYPE="HypPart1" SUBS_CONTENT="individuel" WC="0.99" CC="070000"/>
						<HYP HPOS="2130" VPOS="3286" WIDTH="23" CONTENT="-"/>
					</TextLine>
					<TextLine ID="P48_TL00043" HPOS="173" VPOS="3353" WIDTH="1978" HEIGHT="53">
						<String ID="P48_ST00396" HPOS="173" VPOS="3354" WIDTH="100" HEIGHT="39" CONTENT="duel" SUBS_TYPE="HypPart2" SUBS_CONTENT="individuel" WC="0.98" CC="0306"/>
						<SP ID="P48_SP00354" HPOS="273" VPOS="3393" WIDTH="38"/>
						<String ID="P48_ST00397" HPOS="311" VPOS="3367" WIDTH="129" HEIGHT="39" CONTENT="parce" WC="1.00" CC="00000"/>
						<SP ID="P48_SP00355" HPOS="440" VPOS="3406" WIDTH="42"/>
						<String ID="P48_ST00398" HPOS="482" VPOS="3353" WIDTH="159" HEIGHT="53" CONTENT="qu'elle" WC="0.99" CC="0040450"/>
						<SP ID="P48_SP00356" HPOS="641" VPOS="3406" WIDTH="31"/>
						<String ID="P48_ST00399" HPOS="672" VPOS="3354" WIDTH="112" HEIGHT="39" CONTENT="évite" WC="1.00" CC="00010"/>
						<SP ID="P48_SP00357" HPOS="784" VPOS="3406" WIDTH="37"/>
						<String ID="P48_ST00400" HPOS="821" VPOS="3353" WIDTH="63" HEIGHT="40" CONTENT="les" WC="1.00" CC="100"/>
						<SP ID="P48_SP00358" HPOS="884" VPOS="3406" WIDTH="35"/>
						<String ID="P48_ST00401" HPOS="919" VPOS="3361" WIDTH="144" HEIGHT="43" CONTENT="pertes" WC="1.00" CC="000000"/>
						<SP ID="P48_SP00359" HPOS="1063" VPOS="3406" WIDTH="30"/>
						<String ID="P48_ST00402" HPOS="1093" VPOS="3353" WIDTH="52" HEIGHT="40" CONTENT="de" WC="1.00" CC="00"/>
						<SP ID="P48_SP00360" HPOS="1145" VPOS="3406" WIDTH="27"/>
						<String ID="P48_ST00403" HPOS="1172" VPOS="3361" WIDTH="157" HEIGHT="44" CONTENT="temps," WC="0.99" CC="500002"/>
						<SP ID="P48_SP00361" HPOS="1329" VPOS="3406" WIDTH="26"/>
						<String ID="P48_ST00404" HPOS="1355" VPOS="3353" WIDTH="175" HEIGHT="40" CONTENT="devient" WC="0.99" CC="0001055"/>
						<SP ID="P48_SP00362" HPOS="1530" VPOS="3406" WIDTH="23"/>
						<String ID="P48_ST00405" HPOS="1553" VPOS="3353" WIDTH="335" HEIGHT="52" CONTENT="indispensable" WC="1.00" CC="3004000000000"/>
						<SP ID="P48_SP00363" HPOS="1888" VPOS="3406" WIDTH="23"/>
						<String ID="P48_ST00406" HPOS="1911" VPOS="3354" WIDTH="177" HEIGHT="52" CONTENT="lorsque" WC="1.00" CC="0000060"/>
						<SP ID="P48_SP00364" HPOS="2088" VPOS="3406" WIDTH="25"/>
						<String ID="P48_ST00407" HPOS="2113" VPOS="3354" WIDTH="38" HEIGHT="39" CONTENT="le" WC="0.71" CC="50"/>
					</TextLine>
					<TextLine ID="P48_TL00044" HPOS="175" VPOS="3421" WIDTH="1975" HEIGHT="53">
						<String ID="P48_ST00408" HPOS="175" VPOS="3422" WIDTH="156" HEIGHT="39" CONTENT="travail" WC="1.00" CC="0000031"/>
						<SP ID="P48_SP00365" HPOS="331" VPOS="3461" WIDTH="19"/>
						<String ID="P48_ST00409" HPOS="350" VPOS="3431" WIDTH="64" HEIGHT="31" CONTENT="est" WC="1.00" CC="001"/>
						<SP ID="P48_SP00366" HPOS="414" VPOS="3462" WIDTH="23"/>
						<String ID="P48_ST00410" HPOS="437" VPOS="3421" WIDTH="78" HEIGHT="41" CONTENT="fait" WC="0.98" CC="1005"/>
						<SP ID="P48_SP00367" HPOS="515" VPOS="3462" WIDTH="20"/>
						<String ID="P48_ST00411" HPOS="535" VPOS="3436" WIDTH="53" HEIGHT="26" CONTENT="en" WC="0.78" CC="04"/>
						<SP ID="P48_SP00368" HPOS="588" VPOS="3462" WIDTH="21"/>
						<String ID="P48_ST00412" HPOS="609" VPOS="3435" WIDTH="209" HEIGHT="27" CONTENT="commun" WC="0.99" CC="000060"/>
						<SP ID="P48_SP00369" HPOS="818" VPOS="3462" WIDTH="30"/>
						<String ID="P48_ST00413" HPOS="848" VPOS="3435" WIDTH="78" HEIGHT="38" CONTENT="par" WC="0.99" CC="003"/>
						<SP ID="P48_SP00370" HPOS="926" VPOS="3473" WIDTH="21"/>
						<String ID="P48_ST00414" HPOS="947" VPOS="3435" WIDTH="59" HEIGHT="25" CONTENT="un" WC="0.68" CC="60"/>
						<SP ID="P48_SP00371" HPOS="1006" VPOS="3473" WIDTH="23"/>
						<String ID="P48_ST00415" HPOS="1029" VPOS="3434" WIDTH="170" HEIGHT="39" CONTENT="groupe" WC="0.99" CC="900500"/>
						<SP ID="P48_SP00372" HPOS="1199" VPOS="3473" WIDTH="21"/>
						<String ID="P48_ST00416" HPOS="1220" VPOS="3422" WIDTH="26" HEIGHT="38" CONTENT="d" WC="1.00" CC="0"/>
						<SP ID="P48_SP00373" HPOS="1246" VPOS="3473" WIDTH="19"/>
						<String ID="P48_ST00417" HPOS="1265" VPOS="3421" WIDTH="219" HEIGHT="48" CONTENT="hommes," WC="1.00" CC="0000004"/>
						<SP ID="P48_SP00374" HPOS="1484" VPOS="3473" WIDTH="23"/>
						<String ID="P48_ST00418" HPOS="1507" VPOS="3430" WIDTH="40" HEIGHT="31" CONTENT="et" WC="0.71" CC="05"/>
						<SP ID="P48_SP00375" HPOS="1547" VPOS="3473" WIDTH="24"/>
						<String ID="P48_ST00419" HPOS="1571" VPOS="3421" WIDTH="100" HEIGHT="41" CONTENT="c'est" WC="0.99" CC="04000"/>
						<SP ID="P48_SP00376" HPOS="1671" VPOS="3473" WIDTH="23"/>
						<String ID="P48_ST00420" HPOS="1694" VPOS="3422" WIDTH="84" HEIGHT="40" CONTENT="elle" WC="0.99" CC="0420"/>
						<SP ID="P48_SP00377" HPOS="1778" VPOS="3473" WIDTH="30"/>
						<String ID="P48_ST00421" HPOS="1808" VPOS="3424" WIDTH="74" HEIGHT="50" CONTENT="qui" WC="1.00" CC="000"/>
						<SP ID="P48_SP00378" HPOS="1882" VPOS="3474" WIDTH="33"/>
						<String ID="P48_ST00422" HPOS="1915" VPOS="3422" WIDTH="176" HEIGHT="52" CONTENT="produit" WC="1.00" CC="0020000"/>
						<SP ID="P48_SP00379" HPOS="2091" VPOS="3474" WIDTH="22"/>
						<String ID="P48_ST00423" HPOS="2113" VPOS="3421" WIDTH="37" HEIGHT="40" CONTENT="le" WC="0.85" CC="02"/>
					</TextLine>
					<TextLine ID="P48_TL00045" HPOS="175" VPOS="3489" WIDTH="186" HEIGHT="51">
						<String ID="P48_ST00424" HPOS="175" VPOS="3489" WIDTH="186" HEIGHT="51" CONTENT="rythme." WC="0.99" CC="7040003"/>
					</TextLine>
				</TextBlock>
			</PrintSpace>
		</Page>
	</Layout>
</alto>
