2311 3736
161 169 72 46 562

718 177 153 27 SYLVIO
906 179 192 24 LAZZARI.
1218 177 195 27 ANTOINE
1449 171 137 33 HA'NÈS

155 292 48 24 en
233 281 117 42 1860,
373 291 147 25 ancien
545 278 191 39 étudiant
754 280 24 37 à
798 277 180 40 Munich
1001 285 36 32 et
1052 281 24 37 à
1105 278 159 40 Vienne
1286 294 53 24 ou
1365 278 32 40 il
1419 280 171 55 conquit
1687 295 96 25 avec
1804 281 39 38 la
1868 282 164 50 balafre
2054 280 86 40 obli-

150 352 170 45 gatoire
415 345 35 40 le
473 352 94 33 titre
594 346 51 39 de
660 347 171 39 docteur
864 362 49 24 en
936 348 129 50 droit,
1094 348 150 40 ancien
1267 350 109 39 élève
1399 350 49 38 de
1480 347 197 41 Guiraud
1699 353 35 33 et
1757 348 50 38 de
1839 346 130 40 César
1989 348 172 40 Franck

146 422 114 46 pour
279 413 41 39 la
339 420 296 48 composition,
663 415 231 39 naturalisé
910 416 206 51 français,
1145 431 20 25 c
1183 423 58 33 est
1255 432 57 24 un
1334 416 206 41 musicien
1573 416 103 39 dont
1698 416 57 39 les
1784 415 156 39 allures
1963 418 79 37 très
2074 415 65 39 dis-

149 484 210 50 tinguées,
384 497 58 24 un
455 486 80 47 peu
558 482 221 40 hautaines
798 498 50 24 en
872 491 247 47 apparence,
1156 484 172 41 cachent
1351 499 79 25 une
1463 483 235 41 sensibilité
1714 484 236 54 profonde,
1977 489 37 33 et
2046 483 115 53 quia

150 564 140 26 connu
311 550 57 40 les
388 551 126 39 rudes
536 555 155 36 années
713 552 40 39 dé
759 551 323 55 apprentissage
1103 560 128 33 avant
1268 553 26 40 V
1299 552 126 41 heure
1447 555 49 37 de
1517 551 205 41 revanche
1742 551 72 54 qui
1833 551 112 40 vient
1968 551 116 54 enfin
2110 551 50 39 de

148 631 172 26 sonner.
348 618 37 39 Il
403 624 67 34 eut
491 618 36 39 le
550 618 183 53 chagrin
757 620 49 38 de
844 620 93 39 voir
960 636 56 24 un
1048 622 50 39 de
1119 637 62 24 ses
1206 625 149 51 opéras
1380 620 58 53 (la
1469 619 246 54 Lépreuse)
1741 623 194 36 annoncé
1969 635 73 24 sur
2065 618 73 55 Vaf-

148 685 125 53 fiche,
296 701 55 24 au
372 686 124 39 début
517 687 50 39 de
590 687 24 39 !
621 690 148 45 année,
795 688 101 39 d'un
918 689 50 38 de
992 704 76 24 nos
1090 689 178 40 théâtres
1291 689 202 54 officiels,
1519 691 125 37 d'être
1675 691 131 37 même
1835 688 329 53 régulièrement

150 758 215 49 convoqué
381 757 22 36 à
424 769 42 25 ce
486 754 157 41 théâtre
659 764 113 46 pour
792 756 40 40 la
852 756 275 41 distribution
1144 758 71 39 des
1234 758 125 43 rôles,
1384 758 95 53 puis
1500 758 49 39 de
1571 757 93 40 voir
1682 771 77 25 son
1783 771 139 26 œuvre
1942 756 220 52 ajournée,

150 837 54 24 au
224 823 168 39 dernier
414 830 198 41 moment,
638 839 161 24 comme
821 838 19 24 «
864 829 89 47 trop
981 825 150 40 hardie
1164 839 19 24 »
1204 830 45 36 !..
1277 825 163 41 Armor
1458 832 58 33 est
1548 825 101 40 écrit
1665 825 149 53 depuis
1837 825 257 54 longtemps.
2126 825 38 44 Il

136 892 79 51 fut
224 896 108 48 joué
354 906 48 25 en
428 892 132 39 entier
577 908 53 24 au
651 892 154 40 théâtre
827 894 50 38 de
899 893 180 53 Prague
1102 908 48 25 en
1177 898 117 48 1898,
1322 901 37 33 et
1382 898 24 35 à
1428 894 258 52 Hambourg
1708 892 183 53 (octobre
1919 903 122 42 1900)
2060 909 11 33 ;
2091 894 70 38 des

136 960 253 53 fragments
410 967 254 47 importants
683 976 49 24 en
742 962 156 52 furent
916 962 162 39 donnés
1094 962 94 40 chez
1204 962 189 40 Lamour
1398 977 93 35 eux,
1515 966 23 36 à
1560 960 313 41 Monte-Carlo
1896 959 188 55 (concert
2106 962 56 38 du

149 1033 24 35 6
193 1028 109 41 avril
330 1030 136 52 1899),
497 1044 84 25 aux
618 1037 189 32 concerts
838 1030 56 39 du
920 1028 205 52 Châtelet,
1158 1034 23 35 à
1205 1031 40 39 la
1268 1030 165 40 Société
1454 1030 237 41 Nationale
1734 1033 69 49 (26
1827 1030 109 40 avril
1961 1043 104 37 1900
2085 1028 30 54 ),
2138 1035 23 35 à

148 1096 235 51 Marseille,
419 1113 97 24 avec
537 1113 58 25 un
627 1105 117 33 autre
763 1101 147 51 poème
936 1101 80 37 très
1054 1099 175 39 curieux
1236 1130 6 16 ,
1278 1098 115 41 Effet
1425 1099 53 39 de
1502 1100 110 46 nuit,
1646 1113 77 39 que
1766 1099 35 39 le
1835 1098 327 40 Conservatoire

148 1179 106 25 nous
265 1166 118 53 fera,
407 1166 160 48 dit-on,
605 1167 200 39 entendre
847 1173 60 34 cet
935 1166 130 41 hiver.
1103 1167 59 39 Le
1189 1169 145 52 grand
1362 1170 141 37 succès
1543 1183 70 38 qui
1654 1167 115 40 vient
1805 1167 38 39 dé
1851 1169 83 37 être
1957 1167 156 39 obtenu
2136 1172 23 34 à

146 1232 120 51 Lyon
287 1240 36 33 et
357 1249 76 38 que
452 1234 250 54 soulignent
724 1235 195 54 quelques
948 1235 196 54 critiques
1168 1235 293 55 passionnées,
1496 1242 57 33 est
1587 1250 80 24 une
1700 1235 241 40 indication
1965 1244 111 45 pour
2100 1236 59 38 les

145 1304 140 36 scènes
316 1302 51 38 de
384 1301 131 40 Paris
525 1315 13 34 ;
560 1317 105 24 nous
691 1306 195 51 espérons
908 1319 52 38 qu
978 1303 34 39 il
1048 1317 251 33 commence,
1319 1311 112 46 pour
1455 1302 192 53 Laqzari,
1690 1318 80 24 une
1794 1306 65 35 ère
1896 1303 193 40 nouvelle
2125 1310 36 32 et

147 1369 194 40 décisive.

203 1437 174 50 Armor,
480 1439 178 53 légende
680 1439 198 54 héroïque
903 1446 38 33 et
960 1440 204 54 mystique
1196 1440 251 54 enveloppée
1463 1447 82 47 par
1581 1440 40 39 la
1641 1439 143 55 poésie
1806 1440 50 39 de
1886 1440 40 39 la
1953 1455 88 25 mer
2074 1440 66 39 bre-

146 1513 143 44 tonne,
388 1514 59 33 est
468 1508 49 39 de
535 1508 39 39 la
590 1511 130 36 même
731 1508 171 51 famille
917 1523 76 39 que
1014 1509 36 38 le
1068 1507 263 52 Lohengrin
1348 1509 49 38 de
1426 1507 212 55 Wagner,
1665 1507 199 41 /'Arthus
1899 1509 56 38 du
1978 1511 185 50 regretté

149 1574 238 50 Chausson,
414 1576 36 39 le
472 1576 157 40 Ferval
649 1577 49 39 de
730 1575 176 41 Vincent
922 1575 149 53 d'lndy
1089 1589 12 25 :
1124 1576 122 40 héros
1266 1576 111 52 épris
1397 1577 49 38 de
1465 1576 157 54 gloire,
1658 1582 127 46 ayant
1795 1576 95 53 fait
1905 1582 183 34 serment
2110 1578 50 37 de

146 1644 193 48 chasteté,
364 1644 107 40 mais
492 1646 272 54 éperdûment
785 1645 109 39 aimé
915 1653 78 46 par
1016 1660 80 24 une
1118 1645 218 40 tentatrice
1364 1646 143 51 royale
1526 1646 76 46 (un
1623 1653 80 45 peu
1727 1659 159 25 comme
1916 1645 36 39 le
1976 1645 185 39 Renaud

146 1712 50 38 de
221 1710 412 53 Gluck).

145 1780 192 52 Lazzari,
369 1781 196 54 quelques
588 1781 207 54 critiques.
826 1781 99 48 Oui,
951 1782 95 39 c'est
1066 1797 59 24 un
1146 1781 269 54 wagnérien,
1456 1796 49 25 en
1526 1796 41 25 ce
1594 1796 95 25 sens
1711 1796 77 39 que
1820 1797 45 24 sa
1890 1781 191 54 musique
2103 1787 58 33 est

143 1849 50 39 de
207 1849 184 53 premier
414 1850 139 47 ordre,
573 1864 77 25 son
673 1850 210 40 orchestre
911 1849 91 52 fort
1023 1856 38 33 et
1077 1850 136 54 plein,
1228 1850 265 53 frémissant,
1520 1853 80 36 très
1622 1849 130 48 varié,
1776 1849 182 54 attentif
1970 1854 23 35 à
2014 1849 143 40 suivre

146 1917 36 40 le
198 1921 150 50 poème
379 1924 38 33 et
439 1922 22 35 à
485 1917 189 40 traduire
707 1924 88 33 tout
839 1917 180 41 l'intérêt
1049 1919 266 53 dramatique
1337 1919 51 38 de
1419 1917 190 51 l'action,
1656 1933 98 24 sans
1784 1917 197 40 chercher
1993 1917 169 54 jamais

144 1986 72 39 des
238 1987 115 52 effets
371 1986 153 51 faciles
546 1997 8 35 ;
588 2001 19 24 c
626 1993 57 33 est
704 2002 57 24 un
783 1986 268 53 wagnérien,
1096 2001 71 25 car
1186 1987 32 38 il
1239 2002 41 24 se
1303 1990 230 50 préoccupe
1556 1987 50 38 de
1618 1994 126 46 poser
1774 1986 58 39 les
1861 1994 300 45 personnages

147 2056 22 36 à
187 2053 126 40 l'aide
331 2054 50 39 de
392 2054 208 50 formules
618 2054 360 53 caractéristiques
998 2060 37 33 et
1056 2055 49 38 de
1121 2056 248 39 construire
1390 2068 82 25 une
1494 2068 139 26 œuvre
1663 2057 23 36 à
1710 2053 40 40 la
1769 2054 90 51 fois
1882 2056 80 37 très
1985 2053 115 40 riche
2124 2059 38 33 et

145 2124 81 37 très
247 2122 130 39 claire
398 2134 15 36 ;
431 2137 18 24 c
468 2128 57 33 est
539 2137 56 24 un
614 2122 270 54 wagnérien,
918 2137 72 25 car
1004 2122 32 40 il
1056 2122 83 40 sait
1162 2122 350 40 admirablement
1529 2136 78 25 son
1637 2125 147 36 métier
1808 2133 7 24 :
1840 2122 41 39 la
1900 2121 85 51 foi,
2012 2121 41 40 la
2069 2121 68 40 sin-

146 2191 139 48 cérité,
308 2191 41 39 la
376 2190 241 55 puissance,
640 2191 37 39 le
706 2206 96 24 sens
824 2192 49 39 de
896 2192 41 39 la
960 2192 173 39 couleur
1160 2192 337 47 instrumentale,
1521 2191 37 38 le
1580 2190 156 40 dédain
1773 2191 167 39 naturel
1974 2191 51 39 de
2067 2197 88 33 tout

146 2274 42 25 ce
209 2259 73 55 qui
304 2265 57 33 est
366 2259 166 54 frivole
555 2265 36 34 et
613 2262 22 36 à
665 2263 103 47 côté,
790 2260 36 39 le
839 2260 100 50 font
956 2260 244 39 ressembler
1219 2264 23 36 à
1265 2266 92 34 tous
1378 2260 57 39 les
1451 2259 113 41 vrais
1588 2263 189 36 maîtres.
1797 2258 118 40 Mais
1936 2259 34 39 il
1993 2274 52 24 ne
2055 2260 106 53 faut

141 2336 80 47 pas
261 2328 107 40 aller
380 2327 98 55 plus
500 2327 106 41 loin.
627 2327 64 41 La
708 2328 210 55 partition
943 2326 36 42 d'
985 2327 163 42 Armor
1181 2328 118 52 [dont
1339 2328 37 39 le
1398 2328 203 47 Prélude,
1627 2342 50 24 en
1710 2328 266 53 particulier,
2001 2333 58 34 est
2102 2343 58 23 un

145 2396 110 54 chef-
261 2396 183 40 d'œuvre
466 2396 233 40 désormais
720 2396 153 52 classé)
896 2397 164 39 abonde
1077 2411 49 25 en
1150 2396 246 41 trouvailles
1421 2396 294 55 personnelles
1738 2403 38 33 et
1811 2395 184 41 hardies.
2039 2396 122 40 Dans

146 2465 36 39 le
201 2464 98 41 Duo
322 2479 78 39 que
416 2464 220 55 reproduit
655 2471 118 33 notre
812 2465 276 54 supplément,
1131 2480 55 25 on
1224 2480 270 38 remarquera
1529 2465 41 39 la
1598 2467 81 36 très
1711 2463 254 54 ingénieuse
2001 2463 134 40 combi-

144 2533 154 40 naison
317 2534 50 38 de
400 2533 111 40 deux
546 2533 317 40 chromatismes
898 2537 21 35 à
956 2533 235 40 directions
1226 2533 246 40 contraires.
1522 2533 108 40 Tout
1665 2533 36 39 le
1722 2548 20 23 2
1750 2538 15 17 e
1782 2539 88 33 acte
1892 2540 58 32 est
1971 2532 98 40 hors
2110 2533 49 38 de

141 2601 116 54 pair.

198 2670 61 39 Le
278 2669 90 40 seul
388 2684 94 25 vœu
522 2684 76 39 que
625 2669 39 55 f
669 2670 277 54 exprimerais
985 2669 245 47 volontiers,
1266 2670 96 39 c'est
1390 2684 92 39 que,
1508 2670 107 39 dans
1644 2684 64 25 ses
1731 2669 306 55 compositions
2054 2669 81 39 ulté-

142 2737 173 52 rieures,
339 2753 52 24 au
412 2738 82 39 lieu
513 2738 50 39 de
579 2747 155 45 couper
750 2738 38 40 si
804 2745 175 34 souvent
1017 2753 78 25 son
1135 2738 104 52 style
1277 2746 80 46 par
1406 2738 71 39 des
1510 2737 302 54 changements
1861 2738 51 39 de
1945 2737 211 40 direction

144 2806 183 52 (comme
344 2806 35 40 le
398 2813 94 34 veut
513 2806 219 40 d'ailleurs
767 2807 41 39 la
825 2806 60 40 loi
903 2808 55 39 du
988 2806 196 52 théâtre),
1206 2805 62 41 M.
1288 2806 147 52 Sylvio
1459 2806 174 40 Lazzari
1655 2806 215 54 prolonge
1887 2822 58 24 un
1963 2814 81 46 peu
2063 2806 97 56 plus

234 2877 25 37 à
282 2875 215 48 l'exempte
536 2876 48 38 de
614 2874 196 54 Wagner
907 2876 36 38 le
987 2876 346 54 développement
1360 2875 51 39 de
1426 2889 63 25 ses
1508 2873 115 41 idées
1646 2875 277 55 mélodiques,
1949 2882 37 32 et
2022 2890 51 24 ne
2092 2875 47 39 dé-

146 2943 162 54 daigne
403 2943 193 51 toujours
615 2945 23 38 à
659 2942 217 56 l'exemple
895 2944 50 39 de
967 2943 178 41 l'auteur
1166 2944 50 39 de
1240 2943 40 40 la
1304 2942 260 52 Tétralogie
1663 2942 46 41 ni
1731 2944 41 39 la
1794 2942 169 41 marche
2008 2943 127 41 triom-

142 3011 127 54 phale
289 3026 53 25 ou
361 3011 196 52 funèbre,
579 3011 47 40 ni
642 3011 36 40 le
699 3018 182 47 quatuor
903 3027 54 24 ou
990 3012 36 39 le
1049 3011 81 40 trio
1153 3011 122 42 vocal
1298 3011 193 55 complet,
1513 3026 50 25 en
1584 3027 57 24 un
1664 3017 88 34 mot
1769 3026 63 25 ces
1853 3011 191 54 épisodes
2072 3026 85 39 qui,

145 3095 100 24 sans
289 3083 158 36 arrêter
468 3078 172 42 l'action
662 3087 36 33 et
714 3095 100 25 sans
831 3081 159 39 tomber
1015 3081 107 39 dans
1140 3081 41 39 la
1221 3080 202 50 banalité,
1444 3080 202 41 viennent
1665 3095 50 24 en
1738 3080 96 39 aide
1869 3083 24 36 à
1935 3078 224 42 l'auditeur

150 3154 36 33 et
202 3148 36 39 le
260 3148 302 54 rafraîchissen
570 3155 27 33 t.
621 3149 38 39 Il
668 3165 30 36 y
723 3155 67 33 eut
819 3164 58 24 un
907 3157 81 47 peu
1010 3147 162 41 d'excès
1197 3149 108 39 dans
1342 3164 48 25 sa
1418 3149 206 53 première
1666 3149 203 40 manière.
1897 3148 264 40 Souhaitons

150 3231 93 40 que,
273 3232 99 24 sans
393 3217 92 40 rien
508 3218 153 53 perdre
684 3218 48 39 de
753 3233 47 24 sa
812 3217 308 55 personnalité,
1139 3218 73 54 qui
1230 3224 58 33 est
1306 3218 100 39 celle
1426 3216 101 41 d'un
1556 3218 146 52 grand
1724 3224 38 33 et
1792 3217 125 40 noble
1949 3217 157 48 artiste,
2128 3215 32 40 il

150 3292 113 45 fasse
285 3285 195 54 quelques
520 3286 268 39 concessions
811 3301 53 24 au
894 3286 147 54 public
1075 3286 107 39 dans
1211 3286 36 39 le
1280 3300 96 26 sens
1414 3285 51 39 de
1503 3285 42 40 la
1592 3290 131 49 grâce
1760 3292 37 33 et
1835 3286 56 39 du
1921 3293 85 47 pur
2036 3286 98 52 agré-

152 3358 128 35 ment.

210 3422 61 40 La
290 3422 222 41 Direction
535 3423 56 39 du
607 3424 144 52 grand
770 3422 154 40 théâtre
944 3424 49 38 de
1021 3423 115 53 Lyon
1153 3439 24 25 a
1197 3426 80 38 très
1294 3423 287 40 brillamment
1597 3425 142 38 monté
1755 3422 177 41 Armor.
1952 3422 62 39 La
2039 3424 118 36 scène

154 3502 55 28 ou
232 3490 40 40 la
307 3506 90 24 mer
435 3491 107 40 brise
577 3495 133 36 toutes
749 3491 208 40 barrières
998 3497 37 34 et
1054 3492 98 52 fait
1180 3491 215 54 irruption
1425 3506 23 25 a
1482 3493 131 37 même
1661 3494 60 37 été
1760 3491 144 40 mieux
1943 3491 213 54 présentée
