2311 3736
253 248 0 0 564

743 214 137 25 NOTES
914 214 83 26 SUR
1031 214 48 25 LA
1114 215 200 31 MUSIQUE
1349 216 245 26 ORIENTALE

236 316 41 40 7°
296 309 369 51 Représentation
686 310 289 51 quotidienne
997 314 21 35 à
1043 310 176 53 l'Opéra
1248 314 191 50 pendant
1461 314 37 38 la
1524 317 150 37 saison
1696 316 214 41 théâtrale
1934 331 8 34 ;

232 380 42 35 8°
312 376 210 40 Création
560 378 104 39 d'un
703 378 190 40 Théâtre
932 379 230 51 populaire
1203 389 237 31 contenant
1474 396 129 35 4.000
1627 383 146 51 places
1799 388 21 35 à
1848 397 47 37 50
1932 388 230 45 centimes,

183 460 10 22 1
221 443 50 39 fr.
294 456 48 38 50
360 453 40 31 et
426 460 18 23 2
470 444 160 41 francs.

229 511 86 41 Les
338 512 135 41 frères
498 514 113 40 Isola
637 523 89 40 ont,
755 529 103 26 avec
881 515 164 52 l'esprit
1065 517 52 38 de
1140 517 170 49 grande
1332 519 244 50 entreprise
1599 528 40 31 et
1656 517 244 43 l'habitude
1916 521 57 40 du
1992 527 167 42 succès,

176 594 85 26 une
292 582 169 48 grande
484 582 165 51 qualité
670 598 6 23 :
714 583 53 39 ils
787 585 286 39 connaissent
1095 594 41 30 et
1159 594 236 43 marquent
1416 594 242 33 nettement
1688 588 61 39 les
1773 588 163 40 limites
1975 590 53 39 de
2067 590 95 40 leur

175 654 295 46 compétence.
494 649 119 41 Leur
643 651 288 40 candidature
964 653 155 38 mérite
1150 655 171 37 sérieux
1343 667 199 26 examen.
1569 655 30 39 Il
1623 671 27 36 y
1672 670 22 25 a
1719 657 246 51 cependant
1989 672 59 25 un
2071 672 85 37 peu

173 716 168 41 d'excès
355 718 111 39 dans
487 719 93 39 leur
595 732 300 38 programme.
914 719 84 40 Les
1020 728 154 43 quatre
1199 734 19 23 «
1241 735 248 26 concours»
1510 732 100 30 sont
1634 725 239 51 superflus:
1895 724 200 50 d'abord,
2116 740 46 26 ce

172 790 192 46 système
384 796 65 30 est
472 787 246 40 condamné
737 799 8 36 ;
771 801 54 26 en
848 788 157 40 second
1025 788 101 51 lieu,
1147 787 177 54 l'Opéra
1344 789 111 41 n'est
1472 804 79 37 pas
1565 806 59 25 un
1642 792 158 52 champ
1822 793 339 51 d'expériences.

171 851 86 41 Les
279 856 373 49 représentations
677 868 19 25 «
722 856 312 51 quotidiennes
1059 869 19 24 »
1102 858 248 50 paraissent
1366 857 298 43 difficilement
1688 861 259 40 réalisables
1975 875 103 27 sans
2103 877 58 25 un

172 923 300 42 abaissement
505 926 59 40 du
606 928 254 50 répertoire.
893 926 116 41 Tout
1051 928 39 38 le
1115 937 112 31 reste
1253 937 63 31 est
1349 928 100 41 bien
1491 929 229 39 séduisant
1743 932 6 36 !
1793 928 262 41 L'essentiel
2097 938 65 31 est

171 992 134 50 qu'on
324 1002 132 32 mette
480 1009 57 25 un
563 1003 137 31 terme
726 999 20 35 à
774 995 39 39 la
836 997 161 38 misère
1020 1004 40 31 et
1084 1000 21 35 à
1131 996 38 39 la
1201 998 189 46 routine,
1415 1001 20 35 à
1460 997 38 39 la
1523 998 273 50 parcimonie
1842 1002 183 46 étrange
2046 996 114 53 (voir

170 1060 39 38 la
234 1063 110 37 mise
367 1075 53 26 en
440 1067 129 34 scène
600 1062 59 40 du
682 1061 260 53 Freischutz)
966 1067 6 35 !
1000 1072 40 31 et
1073 1072 173 31 surtout
1272 1069 19 34 à
1324 1063 242 41 l'habitude
1605 1065 53 39 de
1683 1078 17 24 «
1728 1067 294 50 tripatouiller
2045 1079 19 24 »
2093 1066 65 39 les

170 1126 352 53 chefs-d'œuvre,
550 1131 72 51 qui
647 1135 186 45 régnent
856 1131 310 40 actuellement
1188 1132 112 39 dans
1324 1141 125 31 notre
1475 1132 238 40 Académie
1737 1133 52 40 de
1813 1136 227 49 musique.

392 1401 177 42 Notes
603 1415 104 29 sur
736 1404 54 41 la
838 1405 265 53 musique
1136 1407 293 41 orientale.
1469 1409 161 41 —Au
1662 1409 260 53 Sénégal.

391 1473 203 43 —
797 1473 130 41 Aux
952 1474 170 41 Indes
1158 1476 449 40 néerlandaises.

683 1598 58 39 De
771 1598 195 40 Bamako
992 1599 348 54 (Haut-Sénégal
1361 1606 36 33 et
1418 1599 174 54 Niger),
1623 1616 49 38 îq
1697 1601 167 40 octobre
1886 1615 126 42 igoq.

382 1702 220 40 Monsieur
616 1704 37 38 le
671 1704 218 39 Directeur
912 1705 49 39 de
1000 1704 40 40 la
1074 1704 151 41 Revue
1248 1705 229 46 musicale,

204 1787 93 50 J'ai
334 1789 13 38 l
365 1788 193 41 honneur
579 1791 49 38 de
649 1805 103 26 vous
773 1805 179 38 envoyer
975 1791 274 53 aujourd'hui
1277 1806 67 25 ma
1376 1794 80 37 très
1484 1792 183 39 modeste
1689 1791 286 40 contribution
1994 1794 23 36 à
2034 1791 92 39 l'im-

159 1860 177 48 portant
363 1858 154 39 travail
538 1872 77 39 que
644 1873 103 25 vous
763 1859 263 53 poursuivez.
1050 1860 86 39 Dès
1159 1874 97 24 mon
1289 1865 141 33 retour
1451 1874 51 24 en
1522 1858 178 51 France,
1708 1860 49 51 je.
1792 1874 102 26 vous
1914 1858 125 55 ferai
2054 1868 72 44 par-

162 1937 119 26 venir
310 1925 57 38 les
390 1925 150 40 clichés
562 1927 70 38 des
654 1930 194 50 épreuves
879 1942 52 24 au
952 1928 184 38 charbon
1168 1942 76 38 que
1258 1928 49 52 je
1324 1942 102 25 vous
1448 1928 166 39 adresse
1647 1926 277 54 aujourd'hui
1947 1927 73 53 ;je
2058 1927 91 39 n'ai

160 1998 77 46 pas
255 2006 70 25 cru
367 1993 145 40 devoir
533 1994 160 52 confier
715 1998 21 36 à
780 1994 38 40 la
842 2002 121 46 poste
987 2011 54 23 un
1075 1995 105 39 colis
1203 1996 114 38 aussi
1334 1995 179 53 fragile.

227 2058 180 41 Veuillez
437 2064 167 50 agréer,
630 2068 111 34 etc...
1691 2064 209 39 BELLILE.

206 2170 69 32 Des
301 2171 287 42 photographies
611 2174 177 41 envoyées
807 2184 64 30 par
889 2174 47 31 M.
959 2173 142 39 Bellile,
1122 2184 91 22 nous
1237 2174 199 32 détachons
1458 2173 231 43 aujourd'hui
1703 2176 32 30 la
1756 2174 166 32 suivante
1952 2185 7 21 :

680 3530 165 28 MARIMBA,
874 3532 44 21 OU
945 3531 100 22 PIANO
1081 3534 277 26 RUDIMENTAIRE,
1386 3535 44 20 DU
1464 3525 167 32 SÉNÉGAL.
