2311 3736
243 233 0 0 590

992 196 78 26 LES
1104 195 231 28 CONCERTS

215 293 235 41 LONDRES.

494 315 52 6 —
584 293 64 41 Le
686 308 288 37 programme
1024 295 54 39 de
1120 296 38 39 la
1196 298 152 38 saison
1383 296 259 41 d'automne
1681 311 46 27 se
1758 302 206 43 poursuit
1994 313 105 27 avec
2129 300 42 40 la

160 356 203 50 Bohême,
400 356 134 50 Aida,
568 357 35 39 le
648 357 225 49 Trouvère,
902 356 207 42 Madama
1137 358 225 54 Butterfly,
1395 359 177 40 Andréa
1609 359 185 41 Chénier
1800 392 8 15 ,
1844 370 41 31 et
1921 375 114 28 nous
2073 376 78 27 sou-

161 419 180 39 haitons
369 433 84 26 aux
485 420 222 40 éminents
746 433 240 37 managers
1012 431 9 28 :
1048 420 110 41 MM.
1197 420 100 41 Neil
1332 421 193 53 Forsyth
1566 430 41 32 et
1631 422 152 40 Frank
1819 422 186 47 Rendle,
2028 425 121 40 l'heu-

162 493 129 27 reuse
319 482 309 39 continuation
654 480 133 42 d'une
819 484 113 38 série
955 484 34 38 si
1014 482 102 41 bien
1137 489 298 35 commencée.

217 541 88 42 Les
329 553 199 31 concerts
553 544 58 40 du
651 545 170 40 samedi
859 554 76 31 ont
967 544 164 41 débuté
1155 560 55 25 au
1236 559 19 24 «
1280 544 197 53 Queen's
1503 546 101 41 Hall
1630 560 19 24 »
1673 547 38 40 le
1741 562 23 36 4
1791 547 244 41 novembre
2070 562 104 26 avec

161 602 275 52 l'orchestre,
462 606 183 40 conduit
676 621 80 37 par
775 607 59 40 M.
865 607 53 39 H.
941 606 38 55 J.
1016 607 167 46 Wood,
1209 608 112 40 dans
1344 608 39 41 le
1405 622 19 24 «
1449 609 329 51 Brandenburg
1798 609 222 42 Concerto
2037 623 19 24 »
2082 616 48 34 n°
2151 616 24 35 6

162 667 53 40 de
233 667 137 50 Bach,
392 673 178 35 exécuté
591 682 113 38 pour
721 669 39 40 la
775 672 221 49 première
1013 668 84 42 fois
1111 683 54 27 en
1177 669 280 52 Angleterre,
1473 672 77 40 des
1569 671 258 41 Variations
1851 686 76 26 sur
1944 687 58 26 un
2026 674 148 40 thème

161 729 273 40 d'orchestre
452 729 184 51 d'Elgar
657 739 41 32 et
719 731 192 50 l'adagio
932 732 58 39 du
1014 731 137 41 ballet
1175 732 53 40 de
1247 732 255 41 Promèthèe
1521 734 53 39 de
1592 734 273 48 Beethoven,
1888 733 133 41 d'une
2043 734 130 52 façon

162 799 95 32 tout
288 795 20 35 à
338 791 77 41 fait
455 792 331 52 remarquable.
819 793 194 41 Richard
1039 792 184 42 Strauss
1250 795 209 51 dirigeait
1495 797 228 40 lui-même
1748 795 261 42 l'exécution
2040 798 53 39 de
2118 812 47 26 sa

161 853 272 55 Symphonia
467 855 248 40 Domestica
723 888 7 11 ,
765 861 231 47 présentée
1012 860 21 36 à
1057 856 204 41 Londres
1284 857 39 40 le
1357 872 45 38 25
1428 858 160 40 février
1616 872 118 37 1905.
1753 858 123 41 Dans
1917 858 253 42 l'immense

163 915 109 40 salle
290 915 55 41 de
367 915 24 41 1'
418 930 19 24 «
474 916 155 41 Albert
650 917 101 40 Hall
774 931 38 33 »,
839 924 86 34 très
949 918 115 41 belle
1085 921 247 43 exécution,
1352 935 80 37 par
1455 921 257 40 l'orchestre
1748 922 58 39 du
1828 920 195 53 Queen's
2049 921 119 52 Hall,

162 979 53 39 de
249 978 11 40 1
281 976 252 44 Ouverture
559 979 218 41 AObéron
812 989 42 31 et
889 981 54 39 de
967 981 38 39 la
1052 979 176 41 Marche
1257 982 249 52 Hongroise
1548 983 54 40 de
1627 983 173 40 Berlioz
1826 999 6 24 :
1856 997 71 26 ces
1968 994 205 30 concerts

161 1041 59 39 du
256 1041 239 40 dimanche
533 1052 100 30 sont
670 1048 87 34 très
793 1048 160 45 goûtés
985 1052 41 31 et
1066 1045 177 39 attirent
1266 1044 54 40 de
1344 1045 247 41 nombreux
1617 1055 225 31 amateurs
1869 1047 53 39 de
1946 1049 222 49 musique.

161 1102 64 40 La
269 1104 206 51 musique
499 1101 242 54 d'opérette
764 1114 65 30 est
868 1106 201 51 toujours
1090 1119 53 27 en
1167 1107 170 50 grande
1370 1107 155 41 faveur
1542 1113 21 35 à
1586 1107 219 51 Londres,
1833 1115 56 34 où
1913 1109 38 40 le
1974 1125 16 18 «
2018 1108 151 53 Daly's

163 1164 190 40 Theatre
381 1181 15 18 »
424 1168 209 38 continue
669 1171 19 34 à
715 1166 109 40 faire
857 1168 110 40 salle
1005 1168 174 40 comble
1203 1182 103 27 avec
1330 1169 62 40 les
1426 1169 160 40 Petites
1605 1169 169 41 Michus
1813 1171 53 39 de
1889 1169 61 40 M.
1978 1169 52 41 A.
2058 1169 87 42 Mes-

163 1240 146 37 sager.
337 1227 31 40 11
392 1241 54 26 en
469 1237 66 31 est
561 1229 54 40 de
640 1233 144 36 même
819 1243 113 38 pour
970 1230 119 53 Lady
1113 1230 185 52 Madcap
1325 1246 51 25 au
1407 1231 160 41 Prince
1590 1231 48 41 of
1668 1232 213 41 Waleset
1908 1232 87 40 The
2026 1232 143 40 White

166 1287 383 54 Chrysanthemum
583 1306 56 25 au
659 1291 240 40 Criterion.
925 1291 271 42 L'habitude
1220 1293 201 51 anglaise
1447 1294 235 53 d'occuper
1703 1295 61 40 les
1783 1295 250 49 entr'actes,
2060 1296 112 39 dans

163 1351 40 39 la
237 1351 181 53 plupart
455 1354 77 39 des
565 1354 210 45 théâtres,
811 1368 80 38 par
923 1356 77 38 des
1024 1356 269 40 intermèdes
1330 1358 247 47 musicaux,
1605 1366 104 43 peut
1732 1362 92 35 être
1861 1356 209 53 qualifiée
2095 1358 77 39 des

164 1413 100 52 plus
294 1414 257 41 heureuses.
580 1415 150 40 Parmi
768 1416 63 39 les
855 1416 227 41 meilleurs
1113 1418 249 40 orchestres
1388 1433 115 26 nous
1539 1422 192 38 citerons
1764 1433 105 27 ceux
1892 1420 58 39 du
1977 1433 18 24 «
2030 1418 144 42 Saint-

164 1474 153 54 James
344 1476 192 41 Theatre
561 1490 37 38 »,
628 1478 57 40 du
727 1491 19 24 «
772 1478 228 53 Majesty's
1030 1479 192 41 Theatre
1248 1493 18 24 »
1292 1482 59 39 du
1377 1495 20 23 «
1415 1480 110 41 New
1549 1481 192 41 Theatre
1764 1495 36 25 ».
1823 1482 58 40 du
1904 1482 269 52 Wyndam's

175 1536 183 42 Theatre
390 1552 19 24 »
441 1549 40 31 et
517 1540 58 40 du
602 1556 18 19 «
647 1540 212 41 Waldorf
888 1554 37 36 »,
950 1542 74 51 qui
1048 1542 166 49 donna,
1238 1543 39 39 la
1315 1545 150 38 saison
1505 1544 217 43 dernière,
1749 1558 87 26 une
1872 1550 86 35 très
1991 1545 160 39 intéres-

164 1608 127 32 sante
312 1603 111 38 série
447 1602 205 52 d'opéras
677 1603 191 40 alternés
900 1617 104 26 avec
1024 1604 62 39 les
1106 1608 379 47 représentations
1502 1606 55 40 de
1579 1605 45 40 M
1628 1611 49 18 me
1699 1606 223 41 Eleonora
1948 1606 136 41 Duse.

1810 1669 54 40 A.
1891 1669 54 41 R.

219 1754 281 43 MARSEILLE.
609 1757 96 41 Aux
744 1768 199 31 concerts
966 1759 248 53 classiques
1249 1761 54 40 de
1325 1761 244 49 Marseille,
1596 1763 167 51 dirigés
1786 1777 81 38 par
1888 1761 61 42 M.
1985 1761 185 43 Gabriel

163 1815 160 50 Marie,
343 1817 62 41 M.
443 1817 234 43 Guilmant
696 1822 120 38 vient
837 1820 223 42 d'obtenir
1098 1837 60 25 un
1182 1829 88 34 très
1305 1825 142 49 grand
1491 1830 152 35 succès
1685 1838 175 27 comme
1896 1827 200 38 virtuose
2131 1835 42 31 et

164 1883 318 49 compositeur.
506 1882 116 41 Avec
642 1883 278 40 l'admirable
941 1883 273 41 Passacaille
1230 1885 54 40 de
1298 1884 114 56 J.-S.
1435 1886 136 48 Bach,
1592 1887 28 39 il
1641 1902 22 24 a
1682 1888 101 50 joué
1802 1888 40 39 le
1871 1901 46 27 10
1920 1893 16 16 e
1949 1887 223 41 Concerto

165 1955 53 27 en
240 1947 45 35 ré
307 1943 53 39 de
384 1942 201 42 Haendel
610 1959 113 38 pour
745 1958 140 38 orgue
908 1955 40 31 et
981 1947 242 40 orchestre.
1263 1947 226 52 L'allégro
1512 1949 54 40 de
1602 1958 112 31 cette
1755 1952 301 51 composition
2105 1959 66 32 est

165 2003 143 41 formé
330 2005 131 41 d'une
482 2009 114 38 suite
616 2008 54 39 de
693 2008 83 40 soli
797 2022 85 38 que
904 2008 199 40 Haendel
1134 2024 21 25 a
1178 2010 285 52 simplement
1486 2013 229 50 esquissés
1738 2021 41 32 et
1813 2014 74 50 qui
1909 2013 185 41 laissent
2134 2013 38 40 le

164 2067 159 52 champ
346 2067 110 41 libre
478 2073 21 35 à
523 2069 12 40 1
555 2071 362 51 improvisation.
941 2069 62 42 La
1029 2072 176 39 Marche
1237 2072 222 55 élégiaque
1466 2105 7 16 ,
1496 2074 54 39 de
1575 2072 249 49 Guilmant,
1851 2089 21 25 a
1898 2074 175 42 été.fort
2097 2090 49 38 ap-

168 2128 195 52 plaudie.

217 2222 144 42 LYON.
459 2224 63 41 M.
548 2225 274 42 Witkowski
861 2229 120 38 vient
1014 2228 54 40 de
1105 2227 159 41 fonder
1298 2233 20 35 à
1350 2228 127 53 Lyon
1504 2230 76 40 des
1604 2240 198 31 concerts
1839 2231 59 41 du
1936 2232 237 40 dimanche

164 2286 247 51 analogues
434 2292 20 34 à
476 2301 107 27 ceux
605 2289 54 40 de
681 2288 143 42 Paris.
850 2289 72 41 On
945 2304 117 26 nous
1096 2290 167 41 affirme
1308 2291 104 52 qu'il
1433 2308 28 37 y
1481 2307 22 25 a
1527 2306 83 38 900
1653 2293 202 41 abonnés
1893 2296 195 45 inscrits,
2133 2304 41 31 et

162 2361 57 38 qu
238 2348 29 39 il
291 2363 54 25 ne
381 2358 113 31 reste
525 2351 102 51 plus
659 2366 58 25 un
743 2365 80 27 sou
856 2352 54 40 de
943 2362 160 31 recette
1127 2358 21 34 à
1185 2352 110 42 faire
1332 2358 20 35 à
1378 2355 39 39 la
1439 2363 146 44 porte.
1614 2355 159 41 Bonne
1815 2356 166 41 chance
2017 2361 22 35 à
2061 2366 112 31 cette

161 2411 241 40 excellente
424 2415 246 49 entreprise
690 2417 6 36 !

218 2502 92 42 SCH
319 2518 23 26 o
349 2519 51 25 LA.
424 2505 272 43 CANTORUM.
786 2507 63 41 La
871 2507 160 41 Schola
1039 2542 7 12 ,
1074 2523 105 26 sous
1200 2510 37 39 la
1260 2511 215 40 direction
1493 2512 53 40 de
1562 2511 189 41 Vincent
1775 2512 208 53 d'lndy,a
2004 2518 142 36 récem-

160 2576 120 30 ment
302 2572 179 36 exécuté
501 2569 76 40 des
602 2569 248 51 fragments
875 2572 54 40 de
946 2572 25 40 Y
976 2572 196 48 Armide,
1192 2573 53 39 de
1264 2572 120 42 Lulli
1409 2574 139 52 (1686,
1575 2575 126 40 livret
1718 2575 53 40 de
1785 2574 254 53 Quinault).
2063 2575 89 40 Bril-

160 2628 120 41 lante
315 2631 156 50 soirée,
498 2633 114 38 mais
635 2634 209 51 musique
866 2635 238 39 médiocre.

218 2721 196 42 SOCIÉTÉ
440 2724 140 41 BACH.
694 2725 63 41 La
790 2725 176 43 Société
1007 2727 122 41 Bach
1172 2727 129 51 (salle
1324 2730 53 39 de
1402 2727 196 48 l'Union,
1625 2746 61 34 14,
1719 2744 76 27 rue
1828 2731 54 40 de
1913 2728 203 56 Trévise)
2152 2746 19 24 a

160 2784 147 41 donné
330 2800 105 27 avec
472 2802 60 25 un
555 2788 118 52 plein
713 2796 152 34 succès
890 2790 39 39 le
962 2793 193 50 premier
1176 2801 175 32 concert
1376 2791 70 51 (de
1468 2793 40 39 la
1534 2794 112 38 série
1670 2793 54 49 A)
1742 2793 108 40 dont
1887 2806 115 27 nous
2036 2807 139 26 avons

160 2853 202 35 annoncé
383 2849 39 39 le
440 2864 302 38 programme.
769 2852 63 40 Le
857 2853 214 40 mercredi
1096 2868 66 36 29,
1190 2860 87 34 très
1310 2854 209 41 brillante
1543 2857 144 38 soirée
1708 2854 158 52 (orgue
1899 2864 41 31 et
1964 2857 210 50 musique

159 2909 54 40 de
249 2909 229 54 chambre)
515 2927 102 26 avec
640 2913 61 40 M.
729 2914 137 41 Henri
890 2914 184 47 Dallier,
1109 2916 62 40 M.
1197 2916 262 41 Debrouxet
1498 2916 45 40 M
1548 2916 40 23 lle
1607 2917 163 42 Boutet
1809 2919 54 39 de
1893 2917 199 41 Monvel.

156 2971 157 42 Billets
336 2974 103 40 chez
462 2974 201 41 Durand.

215 3064 160 43 COURS
410 3083 53 24 ET
497 3075 339 36 CONFÉRENCES.
975 3071 69 41 Au
1080 3086 130 27 cours
1251 3072 240 42 Sauvrezis
1532 3075 87 50 (14,
1662 3088 77 27 rue
1774 3075 55 40 de
1881 3075 39 40 la
1967 3074 206 53 Pompe),

156 3128 61 43 M.
244 3131 168 42 Arthur
436 3133 213 54 Coquard
682 3149 324 38 commencera,
1049 3137 39 40 le
1119 3153 17 35 3
1160 3138 176 49 février,
1383 3153 69 26 ses
1483 3138 284 42 conférences
1792 3153 76 26 sur
1889 3139 219 42 l'histoire
2134 3149 40 31 et

155 3191 11 40 1
186 3194 252 53 esthétique
477 3198 253 40 musicales.
763 3199 46 40 M
814 3198 38 23 lle
876 3198 136 42 Perez
1042 3200 53 40 de
1116 3200 248 41 Brambilla
1402 3200 59 54 (6,
1494 3215 77 27 rue
1599 3203 55 39 de
1687 3197 486 55 Saint-Pétersbourg)

156 3269 21 25 a
205 3259 138 49 repris
365 3271 81 27 son
470 3271 128 28 cours
623 3261 36 38 si
677 3262 204 51 apprécié
903 3261 54 40 de
979 3263 151 50 piano,
1154 3262 235 42 harmonie
1405 3273 42 31 et
1465 3273 445 43 accompagnement.
1999 3262 175 44 L'école

155 3318 77 39 des
247 3318 162 40 Hautes
428 3320 162 40 Etudes
612 3323 181 38 sociales
813 3337 202 26 annonce
1042 3338 113 38 pour
1181 3334 65 32 cet
1266 3326 126 40 hiver
1409 3340 86 27 une
1517 3329 113 38 série
1650 3327 53 40 de
1727 3325 286 42 conférences
2039 3328 108 39 musi-

156 3379 116 42 cales
297 3396 81 38 par
396 3381 112 41 MM.
532 3382 170 54 Aubry,
729 3383 226 53 Quittard,
981 3386 327 50 Calvocoressi,
1332 3387 215 52 Gastoué,
1565 3388 159 54 Laloy,
1743 3398 120 32 etc...
1958 3388 63 41 Le
2044 3401 129 28 cours

155 3441 54 40 de
250 3442 62 41 M.
338 3443 273 44 Combarieu
638 3461 77 26 sur
745 3447 39 40 la
823 3447 270 41 Grammaire
1125 3450 204 40 musicale
1365 3458 37 33 et
1431 3466 63 25 ses
1529 3452 200 40 éléments
1773 3466 310 27 commencera
2118 3464 53 27 au

155 3502 185 54 Collège
363 3508 54 39 de
440 3508 169 41 France
631 3509 40 40 le
693 3509 124 42 lundi
839 3530 24 31 4
888 3511 253 50 décembre,
1165 3516 21 36 à
1219 3528 24 35 4
1265 3513 162 41 heures
1451 3523 41 32 et
1513 3515 146 40 demie
1682 3515 131 52 (salle
1834 3513 140 54 VIII).
