3482 4414
1720 177 108 50 354

223 340 117 47 denn
364 338 104 64 jene
496 336 142 46 lassen
677 333 92 47 sich
801 329 120 49 nicht
953 327 128 49 mehr
1110 341 82 31 von
1223 321 103 50 dem
1358 321 255 50 schlechten
1645 319 60 47 Or-

221 418 176 45 chester
427 414 86 46 irre

337 493 62 45 Er
427 489 118 47 lebte
574 485 166 49 darauf
776 484 145 63 einige
949 480 98 48 Zeit
1088 479 41 45 in
1176 475 234 54 Arnstadt,
1453 471 281 66 componirte

223 570 162 52 Tänze,
414 564 88 64 gab
535 561 396 50 Violin-Concerte
962 574 53 30 an
1047 552 267 50 fürstlichen
1348 550 150 49 Höfen
1542 546 90 48 und
1664 562 45 32 er-

221 645 145 47 freute
408 640 212 66 gesellige
651 637 157 49 Kreise
850 634 142 48 durch
1034 631 122 47 seine
1197 627 344 65 ausgezeichnet
1568 623 167 47 schöne

221 720 350 51 Tenorstimme,
601 716 70 47 die
694 730 54 32 an
779 712 74 47 ihn
883 710 85 48 den
999 708 176 61 Antrag
1204 721 84 32 von
1317 703 152 49 Seiten
1500 702 125 47 einer
1656 700 52 47 be-

223 795 255 49 deutenden
510 794 158 48 Bühne
698 788 287 53 veranlasste,
1015 783 85 47 den
1131 799 49 31 er
1203 781 165 66 jedoch
1400 778 184 49 abwies.
1641 777 62 46 Da-

224 890 146 48 gegen
399 871 165 48 schloss
594 885 48 32 er
665 867 94 47 sich
790 865 82 47 der
900 862 132 48 Reise
1062 858 233 50 Gerlach's
1336 856 113 48 nach
1483 853 224 64 Hildburg-

224 951 171 47 hausen
439 964 54 30 an
533 945 90 48 und
663 943 155 64 spielte
849 940 101 48 dort
985 938 43 47 in
1057 936 80 48 der
1169 935 302 62 Aufführung
1502 949 83 30 von
1618 931 78 47 We-

223 1027 118 49 ber's
379 1023 258 50 Freischütz
680 1021 70 47 die
793 1025 117 42 erste
953 1015 190 49 Violine.
1198 1013 98 46 Der
1336 1009 177 64 dortige
1554 1008 184 62 Herzog

223 1101 233 49 Friedrich
488 1100 130 48 hörte
647 1097 77 48 ihn
767 1093 91 50 und
887 1102 104 55 trug
1020 1092 93 47 ihm
1143 1106 74 37 an,
1246 1087 43 49 in
1320 1086 122 49 seine
1472 1084 183 64 Capelle
1683 1100 54 30 zu

223 1186 160 42 treten.
450 1177 102 56 „Ich
585 1176 86 46 will
701 1173 74 49 Sie
803 1171 122 48 nicht
1328 1171 127 57 sagte
1485 1162 80 47 der
1596 1159 114 49 wohl-

224 1255 223 50 wollende
478 1256 133 46 Fürst
639 1269 52 30 zu
721 1251 91 47 ihm
933 1244 207 58 „bleiben
1171 1243 74 47 Sie
1284 1242 146 62 einige
1461 1241 127 62 Tage
1625 1237 114 57 hier,

224 1333 136 64 Logis
390 1331 90 47 und
512 1328 311 65 Verpflegung
853 1323 151 48 finden
1033 1322 75 48 Sie
1141 1321 43 47 in
1216 1319 192 47 meinem

338 1408 181 49 Zöllner
558 1406 141 62 bezog
742 1404 69 47 ein
850 1402 201 47 Zimmer
1094 1397 79 48 mit
1211 1396 193 48 schöner
1446 1392 213 49 Aussicht
1696 1390 43 49 in

225 1484 80 49 der
331 1483 315 64 herzoglichen
677 1479 234 55 Residenz,
940 1476 92 48 und
1062 1491 46 32 es
1136 1472 127 48 ward
1292 1472 91 48 ihm
1414 1470 43 49 in
1490 1468 223 63 Hildburg-

224 1562 173 48 hausen
441 1559 104 50 bald
590 1558 125 48 recht
757 1554 216 49 heimisch
1015 1570 52 30 zu
1112 1549 172 50 Muthe.
1348 1548 136 48 Eines
1526 1547 216 62 Morgens

226 1638 168 66 klopfte
425 1655 44 31 es
500 1655 54 31 an
585 1637 120 47 seine
734 1634 145 52 Thür,
925 1631 80 48 der
1037 1631 181 60 Herzog
1248 1633 90 42 trat
1366 1625 71 49 ein
1483 1623 88 49 und
1603 1622 110 48 über-

225 1716 169 48 reichte
437 1714 93 49 ihm
574 1713 78 47 mit
696 1726 179 49 grosser
903 1703 371 53 Freundlichkeit
1317 1703 79 48 das
1427 1698 313 66 Ansteliungs-

224 1794 182 47 Decret.

351 1868 159 57 „Hier,
552 1865 141 50 lieber
985 1867 127 58 sagte
1142 1876 65 40 er,
1258 1857 189 63 „bringe
1488 1854 68 48 ich
1601 1853 141 47 Ihnen

228 1944 301 66 eigenhändig
558 1944 104 47 Ihre
691 1942 263 62 Bestallung
988 1956 86 31 von
1117 1935 80 50 der
1225 1937 236 48 Kammer.
1514 1931 139 47 Hätte
1681 1929 63 48 sie

228 2024 145 48 Ihnen
402 2023 71 48 ein
502 2023 170 47 Diener
701 2019 238 65 gebracht,
982 2033 48 32 so
1060 2015 153 49 hätten
1242 2014 74 47 Sie
1345 2010 102 50 dem
1479 2010 70 47 ein
1579 2006 136 50 Trink-

226 2099 103 66 geld
360 2099 146 65 geben
536 2102 202 49 müssen;
769 2095 79 47 das
877 2109 214 50 ersparen
1109 2092 74 47 Sie
1212 2090 83 49 auf
1316 2089 121 47 diese
1462 2085 172 51 Weise.
1664 2083 79 48 Ich

226 2177 166 49 nehme
421 2175 143 47 nichts
594 2174 43 48 in

343 2253 182 49 Zöllner
554 2252 133 64 gefiel
717 2250 120 49 seine
865 2264 117 32 neue
1013 2245 207 64 Stellung
1256 2243 163 48 immer
1448 2240 145 50 mehr.
1649 2239 96 47 Der

230 2332 183 63 Herzog
445 2329 180 48 wandte
665 2328 92 48 ihm
790 2323 308 52 fortwährend
1128 2323 92 47 sein
1253 2318 301 50 freundliches
1579 2315 133 50 Wohl-

232 2408 161 48 wollen
432 2423 69 41 zu,
544 2404 91 49 und
680 2422 48 30 er
771 2401 181 51 erwarb
995 2400 91 48 sich
1129 2400 42 47 in
1204 2396 408 65 Hildburghausen
1643 2391 102 50 bald

232 2485 109 47 viele
370 2484 151 63 innige
549 2480 227 50 Freunde.
820 2478 188 49 Abends
1037 2483 167 42 musste
1232 2474 182 48 Zöllner
1442 2473 65 48 oft
1537 2471 78 49 mit
1645 2469 100 48 dem

233 2561 264 49 fürstlichen
529 2560 186 48 Gönner
745 2559 190 65 speisen,
967 2553 274 50 namentlich
1272 2568 132 32 wenn
1434 2566 101 32 vom
1565 2550 184 61 Herzog

230 2639 137 48 selbst
394 2638 319 64 geschossenes
745 2634 246 65 Wildpret,
1029 2630 321 50 insbesondere
1380 2627 114 50 auch
1527 2624 190 49 Rebhüh-

233 2732 98 40 ner,
360 2715 81 48 auf
464 2714 80 48 der
573 2714 126 48 Tafel
729 2729 169 32 waren.
928 2710 127 48 Nach
1080 2707 131 49 Tisch
1236 2705 159 49 wurde
1415 2705 120 48 dann
1560 2720 75 31 um
1660 2718 89 31 neu

235 2809 82 32 aus
360 2793 80 47 der
480 2793 163 47 Münze
686 2787 275 51 kommende
1002 2785 389 66 Kupfermünzen,
1434 2782 65 49 oft
1537 2780 66 48 bis
1632 2779 116 49 nach

233 2869 307 56 Mitternacht,
571 2866 218 48 Häufeins
820 2864 201 66 gespielt,
1051 2862 147 49 wobei
1229 2860 215 48 mancher
1472 2857 165 49 Scherz
1667 2873 57 31 un-

233 2946 159 48 terlief.
435 2946 105 48 Sein
569 2944 491 48 Dienst-Einkommen
1091 2956 96 32 war
1225 2939 174 64 gering.
1443 2939 95 45 Der
1566 2936 184 62 Herzog

233 3024 161 64 sprach
425 3021 199 51 darüber
654 3020 233 49 mehrfach
917 3019 92 48 sein
1041 3016 240 50 Bedauern
1310 3031 95 32 aus.
1446 3011 306 63 „Geldzulage

234 3100 122 48 kann
384 3100 69 47 ich
483 3100 141 47 Ihnen
654 3099 140 48 leider
823 3097 124 47 nicht
1208 3100 126 57 sagte
1364 3109 49 30 er
1442 3099 132 40 unter
1597 3088 123 49 Ande-

237 3194 116 41 rem,
394 3177 137 56 „aber
562 3177 112 47 Holz
703 3176 138 48 sollen
872 3175 73 48 Sie
975 3190 48 32 so
1051 3172 82 49 viel
1164 3171 223 56 erhalten,
1425 3168 84 49 wie
1538 3167 74 48 Sie
1639 3166 85 49 wol-

237 3255 89 56 len,
356 3254 91 48 und
477 3255 157 47 sollten
665 3270 45 32 es
738 3252 169 65 fünfzig
935 3250 177 49 Klafter

364 3332 147 55 „Mein
844 3328 266 49 erwiederte
1145 3327 199 55 Zöllner,
1397 3339 122 42 „was
1560 3322 80 48 soll
1683 3321 70 48 ich

239 3411 80 50 mit
347 3426 47 32 so
425 3410 81 47 viel
535 3409 114 48 Holz
902 3406 100 56 „Sie
1025 3405 216 48 können's
1259 3403 50 65 ja
1658 3407 72 41 ent-

239 3494 193 59 gegnete
463 3486 78 48 der
573 3487 194 62 Herzog.

366 3565 121 56 „Das
517 3563 108 65 geht
648 3562 48 65 ja
724 3561 146 56 nicht;
915 3560 71 48 ich
1029 3558 121 49 kann
1178 3557 114 48 doch
1335 3557 64 48 als
1429 3557 289 47 Kammermu-

239 3641 116 48 sicus
384 3640 122 49 nicht
538 3640 77 48 mit
643 3638 114 49 Holz
1128 3635 150 57 „Nun,
1320 3633 82 49 wie
1432 3633 75 49 Sie

240 3718 168 49 schloss
431 3717 81 48 der
529 3717 199 64 Herzog,
762 3754 18 19 „
792 3715 109 49 aber
916 3713 70 50 ich
1005 3713 121 49 hätte
1148 3727 45 33 es
1207 3711 142 48 Ihnen
1368 3727 109 49 gern

359 3795 406 64 Hildburghausen
795 3793 73 49 fiel
906 3791 103 51 bald
1049 3790 168 49 darauf
1255 3805 55 31 an
1340 3787 391 49 Sachsen-Meinin-

244 3889 103 47 gen,
375 3872 92 48 und
491 3872 96 48 hier
614 3871 43 48 in
686 3870 324 63 Meiningen
1041 3866 104 49 fand
1170 3866 182 48 Zöllner
1373 3864 143 49 durch
1540 3863 186 66 Empfeh-

246 3948 107 65 lung
381 3950 140 48 seines
550 3946 398 67 Jugendfreundes
988 3946 180 56 Nohr,
1208 3943 81 47 der
1317 3942 197 48 daselbst
1543 3942 185 48 Concert-

247 4026 180 48 meister
455 4042 112 42 war,
610 4027 58 46 im
698 4026 141 48 Jahre
874 4022 140 49 1827
1048 4023 98 47 eine
1176 4021 270 62 Anstellung
1475 4018 43 50 in
1547 4018 80 48 der
1656 4018 77 48 her-

244 4103 230 65 zoglichen
513 4103 192 65 Capelle.
764 4103 64 47 Im
874 4099 240 66 folgenden
1155 4098 142 50 Jahre
1338 4097 332 49 verheirathete
1711 4113 49 31 er

1809 316 91 48 sich
1933 316 78 47 mit
2041 315 204 47 Emilie
2275 310 357 51 Oberländer
2661 325 81 32 aus
2773 307 424 65 Hildburghausen.
3240 308 63 47 Un-

1809 392 211 65 geachtet
2048 407 48 31 er
2124 390 86 47 den
2242 388 185 49 liebsten
2460 385 212 50 Wunsch
2711 386 143 47 seines
2886 385 204 47 Herzens
3130 382 204 50 dadurch

1809 470 156 47 erfüllt
1994 467 97 55 sah,
2123 482 96 32 war
2248 465 115 48 doch
2394 465 92 47 sein
2511 462 195 48 Streben
2728 462 113 47 nach
2869 460 291 64 Vollendung
3188 461 147 48 seiner

1809 546 204 47 höheren
2059 542 340 48 musicalischen
2443 537 290 65 Ausbildung
2786 555 48 30 so
2878 537 214 64 mächtig,
3142 537 102 47 dass
3287 554 50 30 er

1808 621 114 48 noch
1966 621 42 47 in
2050 617 262 50 demselben
2341 616 141 48 Jahre
2521 616 130 45 einen
2688 612 437 49 sechsmonatlichen
3155 613 178 48 Urlaub

1809 698 155 55 nahm,
1994 714 75 30 um
2102 696 71 47 bei
2204 695 100 47 dem
2336 693 234 62 tüchtigen
2601 691 303 48 Theoretiker
2934 688 280 57 Umbreit,
3243 691 60 47 Or-

1808 775 204 64 ganisten
2060 773 44 47 in
2148 769 208 51 Rehstätt
2401 769 68 49 bei
2514 767 236 56 Arnstadt,
2791 766 100 48 dem
2938 766 192 48 Schüler
3158 767 177 47 Kittel's

1810 851 98 63 (der
1937 849 117 49 noch
2083 849 41 47 J.
2154 847 106 48 Seb.
2291 846 161 48 Bach's
2482 843 262 51 Unterricht
2783 858 222 50 genossen
3047 842 159 63 hatte),
3248 842 86 48 den

1811 924 319 66 Contrapunkt
2158 942 56 31 zu
2241 922 216 49 studiren.

1938 1004 77 55 „In
2045 1003 259 62 Meiningen
2346 999 146 49 fühlte
2535 1013 49 33 er
2619 997 92 48 sich
2742 1013 83 47 gar
2854 994 104 50 bald
2990 994 215 50 heimisch
3239 994 93 50 und

1811 1081 182 48 erwarb
2022 1079 90 49 sich
2147 1078 129 50 rasch
2307 1077 143 48 durch
2481 1076 70 47 die
2573 1072 294 66 Tüchtigkeit
2890 1072 91 48 und
3005 1072 333 63 Gediegenheit

1811 1158 143 47 seines
1984 1172 170 50 ganzen
2187 1154 214 55 Wesens,
2438 1152 142 48 durch
2613 1149 70 48 die
2713 1149 259 50 Biederkeit
2999 1148 93 48 und
3123 1148 186 48 Redlich-

1813 1234 90 49 keit
1941 1234 146 47 seiner
2119 1232 264 62 Gesinnung
2427 1228 277 48 und-seines
2746 1225 253 58 Handelns,
3041 1225 142 47 durch
3214 1225 124 47 seine

1813 1310 322 67 anspruchlose
2163 1307 394 54 Bescheidenheit,
2599 1304 143 48 durch
2773 1304 122 47 seine
2921 1310 183 56 strenge
3135 1302 172 49 Gerech-

1811 1385 303 66 tigkeitsliebe
2144 1385 92 49 und
2265 1384 221 48 sittlichen
2518 1383 152 56 Ernst,
2718 1397 48 32 so
2811 1380 85 49 wie
2938 1379 209 48 daneben
3191 1378 143 48 durch

1814 1467 130 47 einen
1975 1464 201 48 heiteren
2208 1460 251 50 fröhlichen
2490 1459 109 47 Sinn
2638 1459 45 47 in
2725 1457 245 64 geselligen
3012 1457 191 47 Kreisen
3244 1454 94 50 und

1814 1543 143 47 durch
1988 1542 99 48 eine
2115 1540 169 49 seltene
2307 1534 475 65 Liebenswürdigkeit
2802 1535 60 46 im
2887 1533 315 66 persönlichen
3225 1533 75 49 Um-

1813 1634 150 50 gange
1991 1617 72 49 die
2090 1615 142 50 Liebe
2264 1614 91 50 und
2387 1613 336 63 Hochachtung
2765 1610 111 48 aller
2902 1610 149 48 seiner
3079 1609 262 65 Mitbürger

1813 1698 44 47 in
1881 1697 167 48 hohem
2074 1693 168 51 Grade.
2274 1695 95 46 Der
2392 1693 183 62 Herzog
2598 1689 199 49 erfreute
2825 1688 93 48 sich
2947 1688 105 48 sehr
3080 1704 59 32 an
3167 1688 171 47 seinem

1815 1774 182 48 reichen
2027 1773 207 54 Talente,
2278 1769 90 49 und
2398 1769 85 48 alle
2512 1768 124 48 seine
2666 1765 387 66 Compositionen,
3099 1764 140 48 selbst
3268 1763 71 49 die

1815 1867 80 33 aus
1926 1849 80 49 der
2034 1857 148 40 ersten
2211 1846 98 49 Zeit
2349 1845 144 48 seines
2532 1843 345 49 musicalischen
2905 1841 237 49 Schaffens
3170 1841 45 47 in
3247 1841 63 47 Go-

1814 1929 95 53 tha,
1940 1928 165 48 kamen
2135 1925 115 50 nach
2275 1924 102 48 dem
2403 1923 239 49 Wunsche
2665 1920 234 50 desselben
2921 1937 80 30 zur
3023 1919 319 63 Aufführung.

1945 2004 156 57 „Nach
2140 2003 146 48 seiner
2328 2000 251 50 Rückkehr
2618 1999 115 48 nach
2764 1998 260 64 Meiningen
3056 1995 183 66 begann
3268 1995 73 48 die

1817 2080 439 67 Haupt-Blüthezeit
2281 2079 149 48 seiner
2449 2075 578 66 Lieder-Compositionen.
3056 2075 104 47 Den
3189 2080 150 41 ersten

1817 2159 205 48 Versuch
2046 2158 125 48 hatte
2192 2173 50 33 er
2265 2155 209 50 mehrere
2495 2154 142 48 Jahre
2660 2152 165 49 vorher
2849 2151 80 48 mit
2951 2150 147 49 einem
3123 2149 221 49 Gedichte

1818 2235 359 50 Bechstein's
2206 2234 225 65 gemacht.
2476 2232 78 49 Als
2584 2230 147 48 dieser
2759 2229 117 49 noch
2905 2229 46 48 in
2981 2227 221 50 Arnstadt
3230 2243 114 42 war,

1820 2312 216 50 besuchte
2078 2328 50 31 er
2168 2311 66 48 oft
2275 2310 81 48 mit
2394 2309 154 48 seinen
2589 2306 247 50 Freunden
2880 2306 71 47 ein
2985 2305 105 47 sehr
3126 2302 220 51 beliebtes

1822 2390 283 49 Bier-Local.
2135 2389 87 48 Die
2243 2389 169 47 schöne
2436 2385 200 48 Tochter
2659 2384 76 48 des
2758 2382 219 49 Besitzers
3001 2381 91 65 gab
3116 2381 92 48 ihm
3231 2381 87 47 Ver-

1820 2467 262 64 anlassung,
2128 2466 75 47 für
2245 2465 121 47 seine
2396 2461 216 50 Freunde
2650 2467 133 41 unter
2819 2459 104 48 dem
2954 2460 139 47 Titel:
3134 2459 212 55 „„Amor

1820 2546 59 47 im
1912 2544 343 56 Bierkeiler''",
2293 2542 70 47 ein
2402 2536 615 67 humoristisch-satyrisches
3060 2536 193 50 Gedicht
3294 2553 50 30 zu

1823 2622 207 65 fertigen,
2060 2620 93 49 und
2182 2619 143 49 dieses
2355 2617 283 65 componirte
2666 2616 197 47 Zöllner.
2920 2615 156 47 Daran
3116 2613 227 47 schlössen

1820 2700 92 48 sich
1944 2699 121 48 dann
2095 2699 99 48 eine
2222 2699 134 62 lange
2379 2695 145 49 Reihe
2548 2710 84 32 von
2656 2691 582 65 Lieder-Compositionen,
3262 2706 84 33 von

1823 2777 145 49 denen
1998 2776 71 47 die
2098 2775 188 48 meisten
2317 2775 43 47 in
2391 2771 157 49 Druck
2577 2771 264 48 erschienen
2871 2768 113 49 sind.

1949 2852 329 65 „Ueberhaupt
2304 2851 97 48 sind
2431 2848 117 50 über
2571 2847 109 50 200
2706 2846 165 49 Lieder
2897 2846 93 48 und
3022 2848 209 63 grössere
3258 2845 60 48 Ge-

1822 2930 325 67 sangs-Piecen
2189 2945 83 33 von
2302 2928 183 49 Zöllner
2524 2926 44 48 in
2605 2923 156 50 Druck
2806 2923 279 50 erschienen.
3142 2923 96 47 Der
3277 2922 71 47 bei

1827 3010 204 49 Weitem
2063 3011 174 62 grösste
2266 3006 131 49 Theil
2427 3003 257 59 derselben,
2719 3002 125 57 190,
2873 3002 165 64 gehört
3066 3000 102 49 dem
3200 3001 111 47 Män-

1825 3102 347 49 nergesange
2210 3101 75 40 an,
2328 3083 70 49 25
2431 3081 102 49 dem
2565 3080 345 66 gemischten
2943 3080 284 63 Gesänge,
3258 3077 93 47 und

1825 3163 72 49 die
1919 3163 193 64 übrigen
2135 3161 98 49 sind
2251 3162 209 62 Gesänge
2485 3158 80 49 mit
2580 3157 230 50 Pianofo
2826 3174 19 30 r
2859 3156 356 65 te-Begieitu

1942 3243 97 46 Der
2069 3240 235 49 Verfasser
2346 3240 104 47 lässt
2478 3237 184 48 hierauf
2686 3235 79 49 das
2796 3235 311 48 Verzeichniss
3136 3232 81 48 der
3245 3233 78 47 Lie-

1827 3318 477 66 der-Compositionen
2349 3316 167 65 folgen,
2570 3330 122 40 „was
2735 3328 48 32 er
2826 3312 78 47 für
2946 3328 77 31 um
3060 3326 49 33 so
3140 3309 124 50 nöthi
3272 3326 82 47 ger

1828 3396 123 57 hielt,
1993 3395 56 49 da
2090 3395 191 48 manche
2322 3392 80 50 der
2438 3392 156 48 besten
2624 3391 170 48 seinem
2824 3389 348 49 Namensvetter
3216 3387 135 47 Karl

1827 3475 226 48 Zöllner
2081 3473 43 49 in
2148 3472 182 66 Leipzig
2354 3468 354 66 zugeschrieben
2732 3466 189 49 worden
3125 3466 49 47 In
3198 3464 154 65 jenem

1829 3552 337 48 Verzeichnisse
2189 3549 152 50 finden
2365 3549 83 47 wir
2468 3547 119 49 denn
2613 3546 115 49 auch
2758 3546 63 48 als
2850 3561 85 32 von
2966 3542 254 51 Andreas
3249 3542 79 48 her-

1829 3627 203 49 rührend
2062 3628 71 48 die
2162 3627 260 48 bekannten
2452 3623 93 50 und
2576 3640 48 33 so
2656 3622 155 66 häufig
2840 3636 295 51 gesungenen
3164 3618 190 48 Stücke:

1842 3708 121 56 „Das
1994 3706 150 49 Gebet
2172 3704 80 49 der
2511 3702 80 48 das
3208 3696 149 57 „Dein

1833 3783 161 59 Wohl,
2018 3783 119 48 mein
2492 3779 150 57 „Mein
2899 3776 166 57 „Streit
3088 3774 81 49 der
3192 3773 166 50 Wein-

1832 3862 91 48 und
1947 3862 80 48 der
2512 3859 125 55 „Der
3046 3850 120 59 „Die

1832 3957 42 32 u.
1903 3956 33 32 s.
1968 3956 54 32 w.
2053 3956 42 30 u.
2125 3955 33 33 s.
2189 3953 56 33 w.

1951 4017 99 47 Von
2081 4019 238 61 grösseren
2350 4010 291 51 Tonstücken
2684 4010 79 49 hat
2799 4008 183 49 Zöllner
3023 4007 72 48 die
3137 4004 224 65 einactige

1833 4094 246 65 Operette:
2120 4092 158 57 „Felix
2307 4090 111 50 oder
2448 4089 78 48 das
2831 4085 93 50 und
2954 4085 72 49 die
3057 4083 305 51 romantische
