3482 4414
1688 132 108 51 355

174 286 128 63 Oper
333 283 43 47 in
405 282 93 48 vier
530 282 166 47 Acten:
737 282 123 53 „Der
1224 276 131 49 beide
1381 276 80 48 mit
1484 277 118 46 Text
1623 290 85 33 von

174 360 243 52 Bechstein
450 358 89 65 (bei
568 357 81 48 der
677 358 189 47 zweiten
896 353 318 69 pseudonym),
1245 352 313 66 geschrieben.

295 441 89 44 Am
419 436 79 48 10.
520 436 177 47 Januar
725 433 145 50 1838
897 432 226 66 gründete
1147 449 50 31 er
1226 431 71 48 die
1326 428 387 56 Liedertafel,

178 516 88 48 den
313 521 148 42 ersten
504 509 559 65 Männer-Gesangverein
1100 509 43 47 in
1174 508 277 64 Meiningen.
1505 507 62 47 Es
1605 506 112 63 folgt

179 593 122 49 dann
344 592 45 47 in
433 589 103 49 dem
581 587 383 66 biographischen
993 586 287 48 Schriftchen
1326 584 71 49 die
1425 583 292 64 Aufzählung

182 671 81 47 der
292 666 310 66 Sängerfeste,
633 664 71 49 bei
734 663 148 50 denen
909 663 185 48 Zöllner
1122 662 129 48 theils
1280 661 144 64 thätig
1454 659 263 55 mitwirkte,

182 747 133 48 theils
357 744 144 49 durch
545 743 122 47 seine
699 742 371 65 Compositionen
1109 739 91 49 und
1231 738 254 66 persönlich
1529 737 192 66 gefeiert

186 822 177 51 vvurde.

302 901 66 47 Er
399 915 95 31 war
525 897 71 48 ein
628 912 182 50 grosser
840 894 186 50 Freund
1057 893 81 50 der
1161 894 149 47 Natur
1341 892 92 48 und
1463 892 80 48 der
1569 890 111 50 Wan-

186 978 255 62 derungen.
470 976 50 45 In
553 973 216 50 früheren
796 973 174 48 Jahren
1001 972 149 48 weilte
1180 987 48 30 er
1259 968 247 49 besonders
1537 984 113 49 gern
1679 967 43 48 in

188 1053 311 58 Liebenstein,
523 1052 154 65 jenem
699 1050 242 50 reizenden
967 1048 245 57 Badeorte,
1240 1047 81 48 der
1350 1047 116 49 auch
1494 1047 70 47 ein
1588 1044 109 50 Lieb-

188 1129 415 70 lings-Aufenthalt
633 1146 86 30 von
746 1129 117 47 Jean
892 1127 114 48 Paul
1036 1125 187 50 Richter
1254 1141 111 33 war.
1401 1125 66 47 Er
1496 1123 136 48 liebte
1656 1122 46 66 je-

191 1211 119 46 doch
355 1207 116 49 auch
515 1205 71 49 die
631 1204 310 65 Geselligkeit,
983 1203 249 48 besonders
1274 1202 76 47 des
1393 1200 334 64 Nachmittags,

192 1285 221 50 während
456 1301 50 31 er
548 1283 72 48 die
650 1283 196 49 Abende
889 1282 84 49 fast
1014 1280 296 66 regelmässig
1351 1280 60 46 im
1451 1278 158 48 Kreise
1647 1277 83 48 der

192 1364 169 50 Seinen
376 1362 263 48 zubrachte.
675 1360 224 58 „Freilich
925 1359 80 50 bot
1025 1359 92 48 ihm
1139 1358 80 48 das
1242 1358 130 47 Haus
1396 1355 115 49 auch
1538 1354 193 50 manche

191 1439 326 51 schmerzliche
546 1438 225 65 Prüfung.
827 1438 215 47 Mehrere
1083 1452 87 32 von
1205 1434 154 48 seinen
1391 1433 104 48 acht
1524 1431 205 49 Kindern

194 1536 158 33 waren
382 1534 86 32 von
498 1517 229 48 frühester
756 1515 222 49 Kindheit
1006 1531 57 31 an
1094 1529 85 32 von
1210 1511 233 49 schwerer
1472 1509 259 49 Krankheit

194 1593 340 67 heimgesucht,
577 1593 92 48 und
713 1593 63 47 ais
818 1592 64 48 sie
923 1590 256 50 erstarkten
1223 1588 90 48 und
1348 1586 384 56 heranwuchsen,

196 1675 59 47 da
286 1673 217 48 wuchsen
534 1670 82 49 mit
643 1670 137 49 ihnen
812 1670 117 49 auch
953 1669 70 50 die
1045 1669 178 65 Sorgen
1249 1668 76 47 für
1348 1666 97 49 ihre
1470 1665 261 64 Erziehung

197 1752 95 49 und
323 1750 78 49 für
429 1749 72 48 ihr
530 1748 350 49 Fortkommen.

328 1825 132 59 „Und
489 1825 123 50 diese
642 1826 179 64 Sorgen
852 1840 155 32 waren
1039 1839 46 32 es
1115 1821 121 49 wohl
1266 1820 117 50 auch
1419 1820 204 56 zumeist,
1664 1818 70 49 die

196 1908 125 48 seine
344 1903 219 50 ohnedies
584 1903 333 49 schwächliche
935 1900 283 51 Gesundheit
1238 1900 164 47 immer
1425 1898 131 48 mehr
1579 1905 130 41 unter-

200 1983 182 67 gruben
419 1980 94 50 und
548 1980 279 50 namentlich
869 1980 44 47 in
955 1979 88 48 den
1072 1979 161 47 letzten
1263 1975 156 50 sieben
1447 1975 174 48 Jahren
1650 1974 63 48 sei-

197 2078 83 34 nes
300 2059 183 51 Lebens
512 2059 65 48 oft
597 2059 188 48 Monate
814 2059 108 63 lang
951 2055 87 50 den
1068 2055 162 48 höchst
1259 2053 252 67 peinlichen
1533 2050 202 51 Zustand

198 2140 87 48 fast
319 2138 258 67 gänzlicher
606 2135 368 65 Schlaflosigkeit
1003 2133 369 49 herbeiführten.

330 2216 116 57 „Um
478 2216 82 47 mit
587 2216 118 47 allen
734 2214 192 48 Kräften
970 2213 77 47 für
1077 2211 80 49 das
1185 2210 149 50 Wohl
1369 2209 149 48 seiner
1543 2207 193 49 Familie

201 2293 146 66 thätig
376 2309 55 31 zu
459 2291 95 49 sein
584 2290 93 50 und
706 2290 205 65 zugleich
953 2289 115 48 auch
1100 2287 71 49 die
1200 2287 242 47 Tonkunst
1485 2285 98 48 auf
1621 2284 87 48 die-

201 2388 112 33 sem
349 2369 179 66 Wege
569 2387 55 30 zu
666 2367 207 58 fördern,
917 2367 126 47 hatte
1078 2383 50 31 er
1156 2365 140 48 schon
1325 2364 61 48 im
1415 2362 142 49 Jahre
1593 2360 142 49 1829

202 2449 310 66 angefangen,
540 2445 443 51 Musik-Unterricht
1010 2461 53 31 zu
1101 2444 234 48 ertheilen.
1382 2441 108 50 Wie
1522 2440 191 65 uneigen-

202 2527 155 64 nützig
389 2543 48 30 er
466 2525 134 48 dabei
633 2540 113 41 war,
775 2524 145 48 davon
951 2522 182 49 können
1166 2521 127 47 Viele
1321 2519 221 64 Zeugniss
1574 2517 162 65 geben.

202 2605 140 51 Nicht
362 2604 142 48 selten
527 2604 80 47 hat
629 2619 49 32 er
701 2601 141 50 leider
870 2600 135 49 dabei
1034 2599 232 48 schnöden
1290 2596 197 50 Undank
1518 2600 223 61 geärntet.

333 2681 132 59 „Von
494 2679 144 52 1839
653 2677 141 51 —43
819 2679 150 48 leitete
997 2677 183 49 Zöllner
1208 2676 81 47 mit
1317 2674 103 49 dem
1452 2672 265 66 ausgezeich-

205 2769 177 42 netsten
424 2759 192 66 Erfolge
672 2757 86 50 den
803 2754 475 68 Gesang-Unterricht
1326 2754 42 47 in
1412 2752 82 49 der
1538 2751 202 65 hiesigen

202 2837 295 60 Realschule,
526 2836 95 48 und
652 2836 67 48 bis
747 2853 53 30 zu
829 2835 171 49 seinem
1031 2832 129 50 Tode
1190 2848 95 31 war
1315 2846 49 32 er
1395 2830 63 48 als
1487 2828 224 50 Musikleh-

203 2934 77 33 rer
306 2917 45 47 in
382 2916 103 48 dem
517 2914 417 50 Bernhardt'schen
963 2911 207 50 Institute

320 2995 68 47 Im
410 2994 144 48 Jahre
582 2990 145 52 1833
752 3008 98 33 war
880 3008 50 31 er
959 2991 42 47 in
1031 2989 87 48 den
1148 2983 482 52 Freimaurer-Orden
1661 2999 52 49 ge-

203 3080 149 42 treten
382 3071 94 50 und
507 3071 264 48 verwaltete
798 3070 143 49 Jahre
970 3070 107 62 lang
1108 3067 80 49 das
1217 3067 110 47 Amt
1355 3063 78 50 des
1462 3061 250 51 Schatzmei-

206 3159 114 40 sters
351 3149 81 49 der
461 3150 128 65 Loge
619 3150 43 47 in
692 3147 277 64 Meiningen.
998 3147 68 46 Im
1095 3143 143 50 Jahre
1268 3141 142 49 1847
1445 3147 190 42 erannte
1664 3140 76 48 ihn

206 3229 81 49 der
316 3229 185 64 Herzog
530 3245 103 31 zum
663 3226 407 51 Musik-Director.

324 3306 145 50 Unter
497 3305 87 49 den
614 3303 288 51 zahlreichen
931 3298 503 65 Ehrenzusendungen,
1464 3296 73 48 die
1565 3296 93 47 ihm
1689 3311 54 32 zu

207 3383 131 50 Theil
355 3382 209 59 wurden,
589 3383 164 49 wollen
779 3381 84 49 wir
885 3381 99 47 hier
1009 3396 71 32 am
1108 3376 176 51 Rheine
1308 3373 248 51 besonders
1579 3372 165 48 zweier

205 3465 165 47 Fässer
405 3461 134 49 1857
539 3461 67 49 er
633 3461 316 48 Hochheimer
986 3456 258 67 gedenken,
1287 3453 71 49 die
1393 3452 74 48 die
1499 3450 245 49 Gebrüder

206 3542 189 50 Walter
442 3541 45 47 in
517 3540 149 49 Mainz
715 3540 89 47 den
854 3536 163 49 beiden
1061 3537 209 47 Autoren
1312 3532 78 47 des
1440 3528 304 50 Trinkliedes:

219 3618 176 58 „Rhein
429 3617 92 48 und
774 3616 167 48 Müller
969 3630 84 32 von
1086 3611 80 49 der
1195 3608 177 51 Werra
1411 3607 94 48 und
1536 3604 208 51 Andreas

207 3698 201 56 Zöllner,
431 3697 59 48 im
513 3696 144 51 Jahre
686 3695 143 49 1859
855 3692 265 50 zusandten.
1155 3690 146 49 Unser
1324 3686 238 49 Verfasser
1593 3683 153 50 macht

210 3776 134 48 dabei
370 3775 72 49 die
465 3791 83 48 gar
577 3775 124 48 nicht
729 3773 107 47 üble
860 3770 321 63 Bemerkung:
1223 3764 205 59 „Höchst
1452 3763 263 48 wünschens-

212 3855 145 48 werth
390 3857 122 45 wäre
540 3869 65 42 es,
634 3869 135 33 wenn
796 3850 145 49 dieses
970 3848 101 50 edle
1092 3843 195 52 Vorbild
1310 3843 80 48 der
1414 3842 181 48 Herren
1612 3839 100 50 Wal-

211 3941 70 41 ter
302 3932 129 48 recht
454 3930 193 64 fleissige
671 3928 340 64 Nachahmung
1035 3923 154 57 fände,
1218 3938 48 32 so
1290 3921 102 48 dass
1415 3918 88 48 den
1525 3917 221 48 Dichtern

215 4011 91 49 und
333 4010 343 66 Componisten,
706 4007 71 50 die
807 4007 63 48 oft
890 4006 143 49 Jahre
1057 4006 105 61 lang
1189 4001 161 48 keinen
1374 3997 204 66 Tropfen
1604 3996 141 50 Wein

211 4092 62 48 im
306 4091 155 47 Hause
493 4086 169 61 haben,
691 4085 147 50 dieser
869 4085 159 48 wahre
1057 4078 288 66 Liederqueil
1374 4076 93 48 sich

1903 276 94 46 Das
2035 273 129 47 letzte
2193 271 280 64 Sängerfest,
2521 268 100 50 dem
2665 271 180 47 Zöllner
2886 269 276 55 beiwohnte,
3208 285 95 31 war

1787 351 80 48 der
1904 351 133 48 dritte
2078 351 255 62 Sängertag
2376 348 44 47 in
2472 346 202 64 Coburg,
2721 347 86 49 21.
2891 347 84 49 23.
3006 347 107 48 Juni
3149 346 160 50 1860.

1787 428 114 48 Hier
1931 436 91 39 erst
2065 426 178 48 machte
2286 442 48 32 er
2373 423 69 50 die
2474 424 282 64 persönliche
2787 424 351 49 Bekanntschaft
3166 424 146 47 seines

1787 502 401 52 Namensbruders
2218 502 132 48 Karl
2384 501 227 48 Zöllner
2642 517 79 31 aus
2751 502 194 63 Leipzig.
2987 502 139 48 Beide
3155 517 154 32 waren

1785 583 106 65 jene
1920 583 129 62 Tage
2091 579 223 49 hindurch
2360 577 377 49 unzertrennlich.
2793 578 109 48 Karl
2940 579 195 47 erzählte
3179 586 132 39 unter

1792 658 252 56 Anderem,
2086 657 101 48 dass
2215 656 71 48 die
2317 654 416 64 Verwechslungen
2779 669 70 34 am
2893 654 253 65 häufigsten
3188 654 122 56 „Das

1795 736 147 49 Gebet
1970 734 81 49 der
2272 732 92 48 und
2404 732 144 57 „Dein
2581 730 161 58 Wohl,
2773 730 118 49 mein
3231 730 53 50 be-

1792 813 167 50 troffen
1990 812 169 56 hätten,
2190 810 170 49 welche
2390 824 104 32 man
2524 808 108 47 ihm
2662 824 52 31 zu
2741 808 151 48 Ehren
2925 809 62 47 oft
3015 808 301 66 gesungen*).

1912 890 50 47 In
2006 890 55 47 A.
2097 888 218 48 Zöllner's
2359 884 257 50 häuslichen
2661 885 338 49 Verhältnissen
3043 885 271 49 wechselten

1797 965 183 51 Freude
2011 964 91 50 und
2131 964 126 48 Leid.
2306 964 134 47 Seine
2469 963 154 48 älteste
2652 963 198 48 Tochter
2881 963 157 48 kehrte
3068 979 81 33 aus
3179 963 103 48 Ame-

1798 1045 110 56 rica,
1945 1061 71 31 wo
2046 1043 62 48 sie
2138 1043 129 47 ihren
2296 1042 157 55 Mann,
2496 1039 128 48 einen
2649 1039 173 65 jungen
2854 1040 322 59 Tonkünstler,
3220 1057 73 32 ver-

1798 1123 145 56 loren,
1974 1120 80 49 mit
2082 1120 109 47 zwei
2219 1118 206 48 Kindern
2453 1117 66 48 ins
2550 1115 258 50 Vaterhaus
2845 1117 188 57 zurück;
3065 1117 71 49 die
3162 1118 158 48 zweite

1800 1200 54 47 ist
1885 1199 80 48 mit
1993 1199 146 47 einem
2171 1197 210 48 wackern
2411 1194 297 50 Landwirthe
2747 1194 188 50 verlobt.
2982 1195 65 47 Er
3084 1195 137 49 selbst
3258 1195 66 47 litt

1802 1293 56 32 an
1889 1275 81 49 der
2000 1275 150 55 Brust,
2181 1271 405 50 wiederkehrende
2616 1273 253 45 Blutstürze
2898 1270 160 66 griffen
3089 1271 122 49 seine
3235 1271 58 49 Ge-

1804 1353 212 49 sundheit
2044 1353 105 47 sehr
2178 1368 73 39 an,
2280 1367 48 30 so
2360 1349 100 48 dass
2484 1367 47 29 er
2554 1349 165 47 seinem
2746 1349 578 65 Lieblings-Instrumente,

1805 1431 80 50 der
1917 1431 160 63 Geige,
2107 1445 113 46 ganz
2251 1435 216 56 entsagen
2500 1433 182 40 musste.

1922 1509 73 47 Bis
2025 1508 104 48 acht
2158 1508 127 63 Tage
2313 1522 77 30 vor
2427 1504 168 48 seinem
2629 1503 126 48 Tode
2787 1503 214 49 besuchte
3030 1520 49 32 er
3107 1504 115 48 noch
3255 1520 46 32 re-

1805 1585 242 66 gelmässig
2096 1583 70 48 die
2215 1580 641 66 Nachmittags-Gesellschaft
2903 1580 59 48 im

1807 1679 72 32 wo
1910 1679 49 32 er
1988 1669 105 42 stets
2131 1661 122 49 seine
2291 1665 325 43 vertrautesten
2651 1658 210 48 Freunde
2901 1658 118 49 fand.
3077 1658 224 48 Charakte-

1807 1740 173 48 ristisch
2012 1740 71 56 ist,
2127 1755 93 32 was
2257 1754 48 32 er
2343 1738 42 47 in
2417 1736 168 49 diesem
2615 1736 161 49 Kreise
2806 1735 114 48 nach
2952 1735 80 48 der
3061 1736 269 64 Bestattung

1807 1819 122 48 eines
1960 1818 266 48 Bekannten
2257 1820 222 45 äusserte:
2521 1815 88 57 „Es
2649 1815 56 47 ist
2743 1812 206 59 unrecht,
2992 1814 85 48 den
3121 1814 179 65 Grabge-

1807 1900 169 61 sängen
2007 1912 48 30 so
2084 1895 202 65 traurige
2309 1891 255 51 Melodieen
2594 1909 52 29 zu
2676 1890 163 66 geben.
2867 1891 74 47 Ich
2968 1890 118 49 habe
3112 1891 82 47 mir
3220 1890 82 48 mei-

1809 1992 86 31 nen
1927 1973 303 66 Grabgesang
2266 1971 43 48 in
2352 1986 112 50 ganz
2507 1969 194 49 anderer
2732 1969 160 49 Weise
2933 1969 265 64 componirt.
3253 1969 80 47 Als

1811 2050 249 66 Grundzug
2105 2050 143 65 klingt
2289 2047 71 50 die
2402 2046 195 50 Melodie
2639 2045 169 49 durch:
2850 2046 208 56 „„Freut
3099 2045 112 48 euch
3256 2045 78 48 des

1810 2129 198 57 Lebens,
2039 2129 99 48 weil
2168 2127 114 50 noch
2315 2126 79 50 das
2422 2125 262 65 Lämpchen
2973 2124 106 49 Man
3112 2139 122 33 muss
3264 2122 71 50 die

1811 2205 371 66 Leidtragenden
2225 2204 220 56 erheben,
2484 2205 172 44 trösten
2698 2201 91 47 und
3168 2201 49 47 In
3256 2200 80 47 der

1815 2285 121 49 That
1965 2285 79 48 hat
2070 2284 93 48 sich
2193 2282 147 49 dieser
2371 2280 303 65 Grabgesang
2714 2279 43 48 in
2788 2279 167 48 seinem
2985 2279 222 48 Nachlass
3236 2294 74 32 vor-

1816 2362 244 66 gefunden.
2174 2361 88 48 Am
2296 2357 88 51 23.
2413 2357 212 50 Februar
2662 2356 141 50 1862
2837 2356 118 48 warf
2978 2356 77 47 ihn
3085 2356 98 47 eine
3212 2356 93 47 Lun-

1815 2439 422 67 gen-Entzündung
2276 2437 97 49 aufs
2403 2437 171 64 Lager;
2616 2435 70 48 die
2717 2435 133 47 Kraft
2878 2450 100 32 zum
3011 2432 328 50 Widerstande

1877 2565 36 49 *)
1943 2566 112 36 Karl
2096 2565 212 43 Zöllner,
2352 2564 165 47 geboren
2550 2560 59 39 17.
2637 2562 106 34 März
2775 2558 98 39 1800
2914 2572 47 23 zu
2988 2559 270 36 Mittelhausen
3287 2559 52 34 im

1943 2626 315 47 Weimarischen,
2288 2625 141 46 wurde,
2462 2621 46 37 14
2531 2623 118 35 Jahre
2672 2621 62 44 alt,
2766 2620 318 36 Thomasschüler
3108 2621 39 33 in
3168 2620 171 45 Leipzig,

1945 2700 58 23 wo
2033 2688 82 35 sich
2143 2688 80 34 sein
2251 2684 287 37 musicalisches
2582 2682 136 37 Talent
2759 2682 203 35 besonders
3002 2684 110 31 unter
3154 2678 188 36 Schicht's

1943 2750 168 45 Leitung
2139 2747 221 36 ausbildete.
2416 2747 50 33 Er
2507 2745 100 35 lebte
2644 2746 39 31 in
2719 2742 158 47 Leipzig
2906 2741 54 34 als
2991 2740 275 46 Gesanglehrer
3295 2751 47 23 an

1946 2809 300 37 verschiedenen
2276 2806 164 36 Schulen
2482 2807 79 33 und
2602 2816 78 23 war
2717 2803 54 36 als
2802 2803 223 46 Componist
3051 2801 292 45 vierstimmiger

1944 2872 328 45 Männergesänge
2299 2868 209 47 geschätzt.
2555 2867 51 33 Er
2648 2865 100 35 starb
2792 2864 71 34 den
2892 2862 59 36 25.
2979 2862 218 47 September
3227 2858 114 50 1860,

1944 2932 79 35 also
2060 2931 115 34 kaum
2214 2929 79 35 drei
2321 2929 154 33 Monate
2518 2927 99 35 nach
2660 2926 82 34 dem
2769 2926 112 33 Feste
2919 2924 40 34 in
2989 2924 163 45 Coburg.
3207 2922 68 35 Als
3302 2923 41 33 in

1945 2994 72 35 den
2060 2992 211 35 Concerten
2310 2989 61 34 für
2415 2988 58 34 die
2519 2985 342 37 Hinterbliebenen
2901 2985 95 35 Kar
3006 2983 53 35 Ts
3164 2983 99 35 auch
3305 2995 39 23 er

1943 3053 101 38 starb
2073 3064 80 23 arm
2259 3051 59 33 die
2348 3049 97 36 oben
2475 3046 219 36 erwähnten
2722 3044 347 47 Verwechslungen
3105 3044 97 35 auch
3243 3044 101 35 noch

1943 3114 221 42 vorkamen,
2212 3115 105 42 sagte
2345 3110 244 42 Andreas,
2632 3108 70 34 wie
2730 3117 116 25 unser
2874 3106 295 35 Gewährsmann
3197 3104 126 35 berich-

1945 3181 73 29 tet:
2052 3175 72 45 „Es
2152 3174 98 32 freut
2278 3171 114 43 mich,
2423 3181 112 23 wenn
2564 3169 101 33 mein
2694 3168 118 34 Name
2841 3167 84 33 eine
2954 3165 235 46 Kleinigkeit
3217 3176 48 23 zu
3288 3165 38 45 je-

1944 3248 74 23 nen
2047 3235 350 42 Unterstützungen
2425 3230 175 46 beiträgt.
2661 3229 89 33 Gott
2779 3227 93 42 Lob,
2917 3226 84 34 dass
3037 3226 63 34 ich
3133 3225 100 35 noch
3260 3225 84 34 lebe

1944 3297 79 36 und
2049 3296 61 34 für
2138 3295 59 33 die
2225 3293 195 45 Meinigen
2451 3302 136 34 sorgen
2876 3287 52 34 Er
2956 3286 112 34 ahnte
3096 3285 117 43 nicht,
3258 3284 86 35 dass

1946 3359 98 36 auch
2073 3359 58 33 die
2160 3356 179 45 Seinigen
2366 3353 90 35 bald
2490 3354 39 33 in
2559 3351 165 36 dieselbe
2752 3351 103 45 Lage
2885 3349 177 34 kommen
3090 3347 175 35 würden!

2023 3419 116 36 Beide
2182 3416 84 35 sind
2299 3415 108 35 nicht
2447 3426 48 23 zu
2535 3412 258 36 verwechseln
2838 3412 67 34 mit
2945 3408 117 36 Karl
3105 3408 243 35 Heinrich

1947 3480 196 37 Zöllner
2184 3488 67 24 aus
2294 3475 91 35 Oels
2426 3475 39 33 in
2507 3473 196 35 Schlesien
2747 3470 97 48 (geb.
2890 3467 109 46 1792,
3037 3472 95 43 gest.
3165 3465 97 38 1830
3299 3480 48 22 zu

1946 3538 244 40 Wandsbeck
2218 3537 62 35 bei
2308 3533 228 48 Hamburg),
2581 3533 84 35 dem
2691 3531 176 47 genialen
2899 3530 229 46 Organisten
3155 3528 78 35 und
3262 3528 64 35 Cla-

1948 3596 233 52 vierspieler,
2217 3597 199 46 tüchtigen
2446 3594 273 47 Componisten
2746 3592 78 35 und
2851 3591 181 36 Kritiker.
3082 3589 136 35 Leider
3257 3588 91 36 liess

1948 3664 81 35 sein
2056 3660 219 47 regelloses,
2304 3660 140 32 wüstes
2473 3656 127 35 Leben
2639 3655 66 33 ihn
2741 3653 108 35 nicht
2874 3664 48 22 zu
2950 3653 103 33 einer
3082 3650 265 35 andauernden

1946 3721 307 37 künstlerischen
2295 3716 276 38 Wirksamkeit
2611 3715 190 35 kommen.
2857 3714 126 33 Wenn
3028 3711 100 34 diese
3174 3710 149 46 umfang-

1946 3784 141 46 reiche,
2115 3780 270 48 pausbackige,
2414 3777 296 47 kupferfarbige,
2747 3773 270 47 dickfingerige
3048 3770 297 47 Falstaff-Figur

1948 3847 59 35 die
2035 3844 124 35 Nacht
2186 3841 187 36 hindurch
2401 3838 164 48 poculirt
2592 3838 103 34 hatte
2720 3836 79 35 und
2827 3836 99 33 dann
2955 3834 63 35 des
3048 3834 179 44 Morgens
3257 3831 88 34 früh

1950 3907 67 35 auf
2041 3907 59 33 die
2129 3903 115 48 Orgel
2271 3903 103 46 ging,
2411 3912 40 23 so
2481 3900 153 34 dauerte
2654 3909 40 23 es
2718 3896 173 35 dennoch
2908 3895 105 33 nicht
3034 3893 123 47 lange,
3177 3892 78 34 und
3282 3892 66 34 das

1948 3970 124 34 Feuer
2099 3966 65 35 des
2194 3965 139 35 Genies
2361 3961 153 48 sprühte
2534 3959 140 36 wieder
2702 3970 67 23 aus
2789 3958 130 34 seinen
2940 3956 150 45 Augen,
3114 3953 78 35 und
3211 3951 137 35 Hände

1949 4030 78 35 und
2054 4029 119 34 Füsse
2202 4036 125 24 waren
2357 4023 224 47 geschäftig,
2611 4020 106 35 Alles
2746 4030 86 23 zum
2861 4017 168 35 Staunen
3058 4027 47 23 zu
3135 4015 170 45 bringen.

3161 4077 41 37 L.
3231 4078 41 34 B.

2975 4132 71 72 [•]
