2253 3883
158 295 50 45 64

660 296 271 35 EXÉCUTIONS
966 303 49 26 ET
1046 303 317 28 PUBLICATIONS
1396 295 225 35 RÉCENTES

158 390 246 43 d'incarner
453 393 39 41 le
530 406 295 39 personnage,
866 390 101 43 c'est
1018 393 208 51 possible,
1285 396 194 49 quoique
1529 400 108 33 cette
1687 390 295 40 constatation
2035 391 84 40 soit

157 461 343 41 médiocrement
534 462 202 40 flatteuse
773 473 111 40 pour
934 460 61 40 les
1044 461 232 41 chanteurs
1314 462 58 40 du
1407 470 157 43 temps.
1608 459 45 40 M
1658 463 47 17 me
1743 457 182 41 Viardot
1966 456 62 40 fut
2079 458 36 40 la

158 530 119 39 seule
314 530 147 39 artiste
503 529 115 40 alors
670 527 182 52 capable
883 527 53 40 de
972 541 54 26 ne
1066 529 121 51 point
1223 529 137 40 trahir
1397 529 37 38 la
1472 532 160 48 pensée
1654 527 57 38 du
1741 529 169 36 maître,
1938 537 56 27 on
2018 535 101 40 peut

156 595 244 41 l'admettre
435 609 169 27 encore.
642 595 115 39 Mais
795 597 43 37 ni
871 608 80 26 son
990 595 134 40 talent
1146 597 42 38 ni
1221 609 78 26 son
1338 596 278 49 intelligence
1635 607 53 26 ne
1709 591 206 41 l'eussent
1958 591 160 41 rendue

157 663 182 52 capable
358 664 52 38 de
433 663 180 40 chanter
635 663 56 39 tel
709 662 100 51 quel
833 662 10 39 l
848 660 177 55 'Orphée
1046 662 205 51 français.
1284 662 70 41 On
1392 677 165 36 songea
1593 662 116 39 alors
1731 665 85 34 très
1857 664 236 47 opportuné-

158 739 118 31 ment
294 735 20 34 à
332 729 162 52 YOrfeo
513 731 54 38 de
591 734 115 45 1762.
733 728 129 55 Orfeo
869 760 9 16 ,
904 727 138 42 c'était
1061 744 58 26 un
1142 731 229 40 contralto.
1397 731 108 40 Bien
1529 729 177 52 spécial,
1731 728 28 39 il
1781 736 64 30 est
1872 729 109 45 vrai,
2008 729 110 39 mais

157 798 264 53 qu'importe
444 798 15 38 ?
480 797 240 40 L'étendue
743 797 304 40 considérable
1070 797 52 40 de
1144 798 38 39 la
1213 800 97 38 voix
1343 798 52 40 de
1427 797 43 40 M
1477 802 45 17 me
1548 796 181 41 Viardot
1770 795 59 40 lui
1870 797 247 48 permettait

156 866 232 40 d'aborder
410 878 102 27 sans
532 874 96 43 trop
649 864 191 41 d'efforts
864 865 36 40 le
922 866 181 49 registre
1137 879 133 36 grave
1307 866 57 40 du
1406 865 215 40 contralto
1662 863 182 40 féminin
1870 863 62 48 (ce
1971 864 72 49 qui
2067 877 52 26 ne

157 934 238 52 l'empêcha
421 935 121 50 point
565 934 52 38 de
638 932 181 40 chanter
836 931 171 41 Alceste
1025 937 20 35 à
1070 931 191 54 l'Opéra,
1281 936 105 38 trois
1410 946 79 26 ans
1508 932 99 52 plus
1632 931 110 46 tard,
1768 931 108 39 dans
1897 930 38 39 la
1957 931 161 50 reprise

156 1003 53 39 de
231 1000 159 52 l'opéra
422 1001 53 40 de
498 998 173 54 Gluck).
699 999 70 41 On
793 998 177 42 s'arrêta
1003 1000 111 40 donc
1138 1004 19 36 à
1178 1015 46 26 ce
1263 1002 266 49 compromis
1557 1012 7 27 :
1588 1012 89 28 non
1699 1011 78 39 pas
1802 998 124 52 jouer
1959 997 158 55 YOrfeo

155 1070 53 39 cle
231 1073 117 47 1762,
374 1070 111 38 mais
508 1068 160 50 garder
690 1067 195 53 YOrphée
907 1080 143 28 connu
1075 1068 75 40 des
1173 1068 251 41 dilettantes
1462 1067 190 51 français
1677 1079 102 27 avec
1802 1074 90 32 tout
1912 1079 45 26 ce
1980 1079 83 38 que
2082 1066 37 40 le

155 1141 156 36 maître
332 1152 26 36 y
379 1138 113 38 avait
516 1136 145 51 ajouté
682 1148 52 26 en
758 1134 39 40 le
821 1144 327 43 retransposant
1171 1136 108 40 dans
1303 1137 60 39 les
1387 1136 202 40 tonalités
1627 1135 244 51 primitives
1891 1133 56 40 du
1970 1132 149 42 drame

153 1205 166 46 italien,
346 1217 102 27 sans
468 1216 45 27 se
532 1202 107 40 faire
656 1204 202 50 scrupule
875 1200 223 43 d'ailleurs
1120 1204 52 39 de
1195 1202 323 42 modifications
1556 1202 98 52 plus
1691 1202 286 40 audacieuses
2009 1201 108 40 dans

156 1272 39 40 la
217 1281 138 31 trame
370 1272 53 39 de
437 1270 226 52 beaucoup
678 1271 52 39 de
751 1272 140 39 récits.
910 1268 172 49 C'était,
1101 1284 52 27 en
1174 1284 183 35 somme,
1379 1270 202 41 l'inverse
1604 1271 52 39 de
1669 1284 44 26 ce
1738 1282 84 39 que
1844 1267 143 42 Gluck
2004 1271 113 38 avait

152 1339 77 41 fait
251 1353 53 27 en
333 1353 119 37 1774.
482 1338 114 40 Mais
617 1336 141 42 Gluck
781 1339 102 39 était
906 1336 185 42 l'auteur
1112 1348 6 37 ;
1143 1338 28 40 il
1206 1340 193 50 pouvait,
1441 1352 100 26 avec
1580 1351 80 27 son
1700 1350 165 29 œuvre,
1907 1338 96 48 agir
2025 1340 21 35 à
2070 1349 44 27 sa

151 1409 126 49 guise
299 1406 87 41 !Ni
409 1406 47 41 M
458 1411 47 17 me
526 1405 182 42 Viardot
731 1407 43 39 ni
795 1406 38 39 le
855 1404 188 41 Théâtre
1067 1406 168 52 lyrique
1256 1404 217 42 n'avaient
1498 1406 37 39 le
1558 1405 113 40 droit
1703 1405 51 39 de
1778 1405 170 39 revenir
1971 1417 75 27 sur
2068 1418 46 26 ce

153 1475 103 52 qu'il
277 1476 114 39 avait
410 1474 150 49 voulu,
582 1486 156 27 encore
758 1473 144 40 moins
925 1472 53 40 de
1000 1473 167 40 donner
1189 1482 107 31 cette
1319 1474 240 50 entreprise
1575 1472 152 40 hardie
1747 1485 110 38 pour
1879 1486 58 26 un
1970 1480 146 32 retour

152 1557 54 25 au
227 1551 110 32 texte
353 1541 228 40 véritable.

205 1608 62 41 Ce
295 1622 54 27 ne
372 1617 98 32 sont
491 1610 121 50 point
637 1617 91 32 tant
748 1608 212 52 quelques
981 1608 315 50 changements
1312 1608 52 39 de
1385 1607 130 40 détail
1540 1608 73 51 qui
1633 1607 183 40 rendent
1835 1615 108 32 cette
1967 1615 121 32 trans-

150 1675 236 42 formation
409 1675 266 52 déplorable.
702 1675 120 40 Celle
845 1689 84 38 que
950 1673 141 42 Gluck
1132 1677 115 38 avait
1286 1679 154 47 opérée
1479 1675 227 40 lui-même
1745 1672 146 43 n'était
1925 1688 78 38 pas
2027 1689 86 26 non

149 1745 99 50 plus
271 1757 102 27 sans
395 1745 324 48 inconvénient,
742 1741 69 54 n'y
835 1743 190 40 aurait-il
1059 1756 83 38 que
1177 1743 108 39 celui
1327 1743 51 39 de
1421 1742 153 40 rendre
1613 1743 75 49 (au
1727 1745 145 37 moins
1896 1755 84 27 une
2011 1741 100 51 fois,

148 1813 109 38 dans
281 1813 37 38 la
341 1817 125 35 scène
489 1813 75 38 des
581 1811 176 49 Enfers)
777 1809 361 42 l'enchaînement
1162 1811 118 40 tonal
1303 1810 76 40 des
1394 1811 143 39 divers
1560 1823 231 28 morceaux
1814 1811 145 40 moins
1983 1819 103 32 natu-

149 1880 61 39 rel
251 1888 39 31 et
327 1882 142 37 moins
509 1879 126 51 juste.
667 1878 113 40 Mais
821 1892 46 26 ce
902 1879 74 50 qui
1018 1879 186 50 importe
1242 1879 110 38 dans
1396 1891 84 27 une
1522 1878 204 46 mélodie,
1760 1891 46 27 ce
1837 1877 110 41 n'est
1991 1880 121 49 point

148 1955 92 32 tant
263 1961 45 26 sa
327 1947 187 40 hauteur
535 1947 110 39 dans
662 1944 192 42 l'échelle
882 1945 183 40 absolue
1080 1946 75 39 des
1173 1959 104 26 sons
1301 1959 84 38 que
1407 1945 38 40 la
1467 1945 121 52 place
1620 1945 157 52 qu'elle
1813 1959 161 38 occupe
2004 1947 107 38 dans

148 2014 61 40 les
231 2015 143 39 divers
397 2016 207 47 registres
626 2013 110 40 delà
760 2014 98 39 voix
882 2014 73 51 qui
979 2011 221 42 l'exécute.
1228 2011 174 52 Qu'une
1431 2014 99 39 voix
1568 2013 208 40 féminine
1810 2013 156 40 chante
2001 2013 108 40 dans

147 2113 215 41 l'étendue
383 2113 53 39 de
459 2121 107 31 cette
590 2114 149 50 quinte
762 2126 7 26 :

1233 2126 58 24 un
1312 2115 123 37 ténor
1454 2111 110 40 dans
1595 2109 217 43 l'étendue
1834 2112 52 39 de
1908 2112 164 40 celle-ci
2100 2124 5 26 :

522 2255 45 26 ce
605 2249 146 33 seront
781 2240 102 41 bien
921 2241 62 39 les
1017 2244 162 37 mêmes
1219 2249 125 32 notes
1367 2255 7 34 ;
1416 2241 243 51 cependant
1692 2238 293 55 l'impression
2008 2255 93 27 sera

146 2350 118 32 toute
286 2340 229 41 différente
537 2349 40 31 et
600 2338 127 42 l'effet
750 2338 217 54 expressif
983 2340 137 40 aussi.
1153 2337 124 43 Nous
1299 2339 229 52 parlerons
1560 2340 53 40 de
1649 2341 99 38 voix
1781 2352 135 37 grave
1940 2352 111 40 pour
2070 2340 37 40 le

144 2410 190 50 premier
354 2422 86 34 cas,
466 2408 51 40 de
541 2409 96 39 voix
661 2409 129 48 aiguë
821 2420 111 38 pour
954 2407 38 39 le
1016 2406 176 40 second.

199 2475 77 48 Or,
299 2477 35 39 si
366 2476 38 40 la
443 2477 98 39 voix
580 2474 210 42 féminine
833 2488 121 26 assez
995 2476 346 50 improprement
1369 2479 203 35 nommée
1589 2474 279 52 aujourd'hui
1901 2475 206 39 contralto

144 2557 110 27 nous
276 2547 141 48 paraît
433 2557 84 26 une
542 2545 94 38 voix
659 2556 150 36 grave,
831 2542 39 40 le
886 2542 213 40 contralto
1124 2542 75 40 des
1218 2544 217 38 virtuoses
1459 2540 221 42 artificiels
1701 2556 53 26 ne
1776 2547 141 47 paraît
1947 2556 78 38 pas
2049 2543 55 40 du

143 2620 92 31 tout
256 2613 120 38 avoir
392 2615 65 36 été
477 2612 100 51 jugé
600 2611 52 39 de
675 2614 156 36 même.
870 2608 305 50 Assurément,
1209 2622 111 27 nous
1342 2623 53 26 ne
1418 2611 203 39 saurions
1714 2618 40 31 et
1776 2623 110 39 pour
1907 2623 129 27 cause

143 2692 53 27 en
218 2677 158 42 définir
398 2684 85 34 très
503 2686 268 32 exactement
790 2678 38 39 le
848 2683 231 34 caractère.
1105 2676 309 54 Remarquons
1435 2677 242 41 seulement
1691 2691 100 39 que,
1810 2678 111 39 dans
1945 2677 158 53 l'opéra

141 2746 151 40 italien
308 2747 57 38 du
388 2761 88 24 xvn
480 2750 14 17 e
513 2754 40 31 et
576 2746 57 39 du
651 2761 102 24 xvm
758 2750 14 18 e
796 2745 142 47 siècle,
965 2745 38 39 le
1026 2744 214 41 contralto
1264 2745 76 40 des
1379 2751 166 33 castrati
1555 2776 9 16 ,
1587 2746 99 39 voix
1724 2745 223 40 d'ailleurs
1987 2759 119 26 assez

143 2827 108 36 rare,
278 2829 26 24 n
323 2822 65 31 est
410 2814 155 51 jamais
591 2813 38 39 la
650 2815 99 38 voix
772 2813 53 40 de
850 2825 301 39 personnages
1183 2811 221 41 féminins.
1429 2811 139 51 Règle
1600 2826 102 27 sans
1737 2815 227 50 exception
1983 2822 100 42 peut-

140 2884 90 37 être
248 2890 40 31 et
310 2880 102 41 bien
432 2879 307 52 significative,
764 2893 109 39 pour
907 2882 74 50 qui
1005 2880 225 40 considère
1261 2879 209 50 l'étrange
1505 2879 161 41 facilité
1708 2893 102 28 avec
1834 2881 189 51 laquelle
2046 2881 60 39 les

141 2950 320 51 compositeurs
480 2948 160 40 d'alors
658 2947 199 42 affectent
877 2949 38 38 le
938 2960 207 40 soprano,
1169 2945 196 43 artificiel
1390 2960 54 27 ou
1468 2961 104 34 non,
1598 2962 81 26 aux
1716 2948 113 40 rôles
1858 2946 243 43 d'hommes

140 3024 93 32 tout
257 3017 116 39 aussi
395 3015 100 40 bien
519 3015 96 52 qu'à
638 3029 105 27 ceux
765 3016 51 39 de
835 3014 201 42 femmes.

193 3083 119 40 Pour
332 3081 124 43 s'être
476 3085 111 38 ainsi
611 3083 295 52 spécialisées,
930 3084 29 39 il
981 3082 94 41 faut
1098 3082 100 41 bien
1219 3095 83 39 que
1325 3095 70 28 ces
1417 3084 98 39 voix
1540 3084 116 39 aient
1685 3083 168 40 semblé
1883 3098 82 26 aux
1985 3098 90 26 ama-

139 3160 116 31 teurs
277 3151 161 40 d'alors
461 3151 99 51 plus
579 3151 183 52 proches
782 3151 58 40 du
864 3151 159 40 timbre
1042 3151 55 40 du
1134 3156 123 36 ténor
1279 3163 83 39 que
1384 3151 52 39 de
1475 3150 110 40 celui
1621 3151 75 39 des
1725 3151 200 41 femmes.
1961 3151 69 48 Et,
2051 3166 53 26 en

138 3218 92 47 fait,
255 3218 29 40 il
308 3217 170 41 semble
501 3218 100 40 bien
627 3217 101 53 qu'il
752 3231 53 27 en
839 3220 57 38 ait
918 3223 67 35 été
1009 3220 127 38 ainsi.
1171 3218 69 40 Du
1263 3219 159 46 moins,
1449 3218 61 39 les
1548 3222 229 47 étrangers
1820 3223 21 35 à
1877 3217 228 43 l'audition

141 3288 52 38 de
216 3300 68 26 ces
306 3288 233 46 virtuoses,
564 3286 106 40 dont
689 3286 151 40 l'ltalie
859 3287 115 39 avait
997 3287 39 39 le
1059 3286 254 52 monopole,
1338 3286 330 51 comparent-ils
1707 3300 69 26 ces
1796 3288 97 38 voix
1919 3291 21 35 à
1977 3287 127 39 celles

139 3355 75 39 des
234 3355 337 39 hautes-contre
612 3354 75 39 des
711 3358 147 36 ténors
900 3355 144 49 aigus,
1086 3362 245 32 autrement
1349 3351 95 54 dit),
1480 3351 130 53 qu'ils
1637 3356 327 38 connaissaient
1987 3354 115 40 bien.

140 3434 19 24 «
180 3420 84 40 Les
281 3421 324 41 hautes-contre
621 3430 98 32 sont
739 3422 53 39 ici
816 3434 120 27 rares
959 3431 39 30 et
1019 3423 181 49 prisées,
1219 3423 104 38 écrit
1341 3421 37 39 le
1392 3420 222 52 président
1631 3421 53 39 de
1700 3420 184 41 Brosses
1903 3422 110 39 dans
2037 3435 68 27 ses

137 3488 146 40 lettres
306 3488 182 47 d'ltalie,
513 3490 171 50 parlant
707 3490 75 39 des
805 3491 176 38 castrati
1002 3487 103 54 qu'il
1129 3490 196 40 entendit
1352 3499 7 37 ;
1379 3488 104 40 elles
1506 3496 103 32 vont
1633 3492 20 35 à
1677 3488 122 40 si-mi
1811 3487 74 54 [mi
1900 3498 120 32 entre
2044 3490 59 40 les

136 3572 24 33 4
163 3561 14 17 e
193 3565 39 31 et
257 3571 15 36 5
280 3561 15 17 e
317 3556 141 50 lignes
478 3570 52 26 en
562 3556 85 42 clef
665 3558 53 39 de
748 3557 80 48 sol]
860 3565 40 33 et
931 3570 54 28 ne
1016 3566 99 32 sont
1153 3570 79 37 pas
1270 3557 57 40 du
1364 3560 141 37 même
1538 3569 135 37 genre
1712 3570 85 37 que
1828 3556 63 41 les
1915 3561 149 37 nôtres
2091 3571 10 35 ;
