2253 3883
678 274 271 34 EXÉCUTIONS
985 281 52 26 ET
1069 280 320 28 PUBLICATIONS
1424 271 226 35 RÉCENTES

223 319 0 0 76

169 371 131 50 enfin,
322 374 52 39 de
397 373 189 40 Félicien
617 373 157 49 David,
800 372 99 52 plus
922 369 128 43 d'une
1067 371 83 41 fois
1173 385 111 27 nous
1308 384 111 27 nous
1442 375 263 43 arrêterons,
1750 369 245 52 perplexes,
2032 369 82 44 hési-

172 450 129 32 tants.

224 509 166 48 Certes,
410 510 62 40 les
492 509 230 40 faiblesses
743 509 71 51 qui
840 508 210 51 déparent
1068 521 77 27 son
1164 522 149 26 œuvre
1332 506 120 43 n'ont
1469 511 83 44 été,
1573 520 55 26 au
1651 518 127 28 cours
1799 505 53 39 de
1872 513 108 31 cette
2001 507 134 51 étude,

172 580 42 37 ni
236 577 277 41 dissimulées
532 578 42 38 ni
594 580 240 36 atténuées.
880 574 113 40 Mais
1017 577 35 39 si
1075 589 112 27 nous
1207 584 175 32 tentons
1402 576 52 39 de
1478 583 222 32 remonter
1723 587 81 25 aux
1840 585 169 34 causes,
2035 586 102 30 nous

169 659 153 26 serons
341 644 139 41 forcés
504 645 53 38 de
574 657 111 27 nous
700 645 148 45 écrier,
864 656 102 26 avec
984 643 37 39 le
1044 644 101 51 juge
1167 643 209 41 excellent
1400 656 83 39 que
1501 656 112 27 nous
1628 643 155 38 citions
1802 649 94 31 tout
1917 644 21 35 à
1957 638 161 45 l'heure
2132 656 5 27 :

174 726 19 24 «
219 711 57 42 Sa
302 714 190 38 manière
516 721 63 31 est
603 711 239 51 singulière
863 720 40 31 et
920 711 254 40 déconcerte
1195 712 38 39 la
1253 713 184 50 critique
1453 725 78 38 par
1552 723 69 27 ses
1640 709 320 49 irrégularités.
1999 706 116 45 Avait-

170 781 30 38 il
225 779 268 47 réellement,
510 793 170 26 comme
703 793 54 26 on
780 779 51 39 Ta
857 779 228 51 prétendu,
1108 777 77 41 fait
1204 779 76 40 des
1301 779 152 40 études
1476 776 288 53 incomplètes
1781 779 16 37 }
1819 774 70 42 On
1913 775 39 40 le
1974 775 126 42 dirait
2121 783 17 36 à

172 849 211 38 certaines
401 847 281 40 défaillances
701 849 73 50 qui
795 847 274 39 laisseraient
1091 848 137 39 croire
1246 861 77 38 par
1340 854 219 33 moments
1583 842 132 55 qu'on
1736 859 21 25 a
1777 856 103 28 sous
1894 843 63 40 les
1970 856 110 39 yeux
2093 845 45 42 de

170 915 41 40 la
232 917 203 50 musique
452 916 245 39 d'amateur
722 929 8 35 ;
753 914 105 40 mais
879 920 205 34 comment
1105 914 215 54 expliquer
1341 915 112 40 alors
1475 920 99 34 cette
1592 913 151 51 finesse
1765 912 49 39 de
1837 910 146 41 touche
2001 911 98 53 quil
2119 929 18 25 a

172 986 184 37 montrée
374 989 90 34 tant
485 984 49 38 de
544 983 111 54 fois,
680 989 99 33 cette
798 982 238 39 délicatesse
1058 983 48 38 de
1125 982 168 49 coloris,
1310 988 99 34 cette
1432 983 198 52 élégance
1653 981 48 38 de
1719 980 139 53 plume
1877 978 72 55 qui
1962 993 42 24 se
2016 981 123 40 révèle

172 1056 86 34 tout
275 1053 22 36 à
318 1058 120 46 coup,
456 1057 38 33 et
517 1064 41 25 ce
577 1050 165 39 charme
760 1051 190 53 profond
971 1050 71 53 qui
1060 1064 49 25 ne
1130 1064 41 25 se
1193 1056 141 35 trouve
1356 1062 78 41 que
1451 1051 106 38 dans
1579 1049 56 40 les
1654 1051 170 37 maîtres
1835 1046 91 41 ?Ce
1941 1044 110 43 n'est
2069 1061 69 38 pas

174 1120 111 38 ainsi
307 1117 266 52 qu'écrivent
592 1118 61 40 les
676 1120 231 47 ignorants
926 1132 8 34 ;
958 1131 56 27 on
1035 1120 176 39 croirait
1241 1118 142 52 plutôt
1407 1123 21 35 à
1453 1118 76 40 des
1550 1122 122 36 accès
1704 1116 53 40 de
1785 1114 211 41 faiblesse
2032 1115 78 54 phy-

172 1188 140 50 sique,
340 1190 20 36 à
385 1187 76 39 des
483 1187 343 39 intermittences
841 1186 241 40 maladives
1105 1186 33 47 (i
1150 1188 24 45 ).
1200 1199 20 24 »

228 1254 189 47 Berlioz,
439 1254 107 40 dont
569 1254 212 51 l'opinion
802 1268 19 25 a
847 1254 56 40 du
926 1254 126 51 poids
1077 1252 198 54 lorsqu'il
1296 1252 127 53 s'agit
1445 1251 270 54 d'apprécier
1738 1252 38 40 le
1795 1254 275 50 pittoresque
2097 1253 43 41 de

174 1322 368 47 l'orchestration,
559 1323 192 48 écrivait,
769 1322 109 40 dans
898 1319 178 43 l'article
1092 1323 105 39 dont
1212 1336 112 27 nous
1346 1335 136 27 avons
1500 1322 95 51 déjà
1610 1323 81 38 cité
1709 1320 215 52 quelques
1938 1333 203 39 passages

175 1389 164 41 relatifs
365 1404 53 26 au
440 1389 146 40 Désert
609 1400 8 29 :
646 1403 18 24 «
686 1389 441 42 L'instrumentation
1148 1391 74 49 (du
1240 1390 164 40 scherzo
1428 1390 52 39 de
1500 1390 38 38 la
1564 1388 264 52 symphonie
1851 1402 53 26 en
1922 1387 57 40 mi
1997 1388 143 52 bémol)

179 1471 45 27 se
266 1457 77 41 fait
385 1471 255 39 remarquer
663 1472 76 38 par
762 1472 47 26 sa
831 1457 117 41 force
985 1467 229 38 contenue,
1239 1473 78 37 par
1339 1473 58 25 un
1421 1463 108 44 goût
1552 1458 153 50 exquis
1729 1456 110 40 dans
1863 1456 38 39 le
1924 1456 125 40 choix
2073 1457 67 40 des

176 1525 196 41 timbres.
399 1539 19 24 »
442 1525 105 41 Plus
570 1525 91 42 loin
684 1541 6 25 :
729 1524 78 50 «Je
830 1541 26 24 n
875 1525 42 41 ai
936 1534 76 45 pas
1035 1526 140 40 besoin
1199 1526 206 53 d'ajouter
1424 1539 75 39 que
1518 1524 143 41 David
1682 1524 100 40 écrit
1802 1536 49 26 en
1876 1527 147 36 maître
2042 1538 12 30 ;
2075 1539 65 39 que

173 1608 61 25 ses
250 1608 223 25 morceaux
485 1599 95 34 sont
597 1596 161 51 coupés,
783 1593 259 54 développés,
1066 1594 188 39 modulés
1270 1609 97 24 avec
1388 1599 146 33 autant
1553 1593 49 39 de
1618 1598 81 34 tact
1713 1606 75 39 que
1805 1592 48 39 de
1865 1606 161 25 science
2046 1597 36 34 et
2101 1593 40 39 de

174 1665 104 49 goût
312 1667 36 33 et
365 1661 104 54 quil
491 1667 57 34 est
568 1663 145 51 grand
728 1661 255 40 harmoniste
1005 1673 9 38 ;
1038 1676 77 39 que
1153 1677 45 24 sa
1231 1661 177 40 mélodie
1428 1667 57 34 est
1505 1661 192 51 toujours
1731 1659 240 54 distinguée
1994 1665 36 34 et
2051 1660 90 53 quil

174 1730 275 38 instrumente
471 1729 454 40 extraordinairement
948 1729 108 40 bien,
1078 1742 19 25 »

229 1796 201 53 Lorsque
449 1799 104 38 trois
573 1798 166 49 grands
762 1799 236 38 musiciens
1019 1797 268 41 s'accordent
1309 1800 109 37 ainsi
1442 1811 113 38 pour
1576 1810 54 27 en
1653 1797 127 52 juger
1804 1810 59 27 un
1887 1796 251 51 quatrième,

176 1865 28 40 il
243 1865 166 40 semble
433 1866 111 51 juste
567 1863 222 42 d'estimer
812 1879 84 37 que
915 1865 115 40 leurs
1052 1870 136 36 arrêts
1227 1875 99 31 sont
1358 1867 201 39 motivés.
1604 1863 235 53 Quelques
1876 1868 194 36 réserves
2094 1877 46 27 ou

175 1935 265 38 corrections
462 1947 84 37 que
566 1931 84 42 l'on
669 1948 27 36 y
718 1933 160 40 veuille
901 1943 218 42 apporter,
1141 1934 28 40 il
1193 1933 98 41 n'en
1311 1934 207 40 demeure
1538 1947 78 38 pas
1640 1934 145 39 moins
1807 1946 85 38 que
1914 1931 140 41 David
2087 1931 54 42 fut

179 2000 336 40 véritablement
538 2016 59 25 un
620 2005 168 35 maître.

231 2068 32 40 Il
286 2067 64 41 fut
383 2070 118 38 aussi
534 2083 58 25 un
631 2070 239 45 initiateur,
896 2077 55 40 et,
978 2070 35 39 si
1033 2069 87 40 l'on
1145 2083 68 26 me
1235 2078 167 43 permet
1440 2078 110 31 cette
1590 2070 257 50 expression
1872 2081 84 39 que
1980 2068 38 39 le
2041 2068 100 51 sujet

179 2134 176 54 justifie,
383 2136 52 40 de
455 2149 81 27 son
559 2145 147 31 retour
727 2136 200 42 d'Orient
950 2137 99 40 date
1071 2150 84 26 une
1175 2137 152 50 hégire
1344 2137 220 40 nouvelle.

229 2203 125 42 Nous
377 2218 136 26 avons
536 2204 61 40 dit
622 2205 99 51 quel
746 2205 105 48 rôle,
877 2218 53 26 en
946 2205 179 50 général
1151 2207 118 38 aussi
1293 2204 98 40 faux
1412 2204 226 52 qu'effacé,
1665 2206 115 38 avait
1800 2206 100 50 joué
1934 2213 131 31 avant
2089 2204 51 40 lui

174 2270 332 42 l'orientalisme
525 2285 53 27 en
601 2274 220 50 musique.
843 2273 115 39 Mais
978 2274 154 50 depuis
1155 2273 103 49 lors,
1285 2286 83 38 que
1390 2273 53 39 de
1466 2274 239 39 musiciens
1723 2281 98 31 sont
1840 2272 107 40 allés
1970 2272 142 40 deman-

176 2340 90 43 der,
363 2340 285 40 directement
669 2354 55 26 ou
748 2354 103 37 non,
948 2355 80 26 aux
1052 2341 263 51 mystérieux
1335 2354 107 38 pays
1465 2341 57 39 du
1547 2340 125 40 soleil
1696 2340 161 47 levant,
1899 2340 75 40 des
2012 2341 107 50 inspi-

174 2410 167 38 rations
357 2421 163 27 neuves
544 2409 212 39 traduites
779 2423 77 37 par
878 2409 75 39 des
976 2408 209 52 procédés
1206 2421 230 27 nouveaux
1454 2411 7 35 !
1481 2407 118 41 C'est
1621 2408 366 51 principalement
2005 2409 133 51 parmi

175 2489 81 27 nos
278 2477 357 51 contemporains
661 2489 83 39 que
767 2475 84 41 l'on
882 2486 101 42 peut
1006 2478 104 37 citer
1132 2476 75 39 des
1228 2477 307 49 témoignages
1558 2476 53 39 de
1630 2484 108 31 cette
1761 2475 159 40 ardeur
1956 2480 20 35 à
2017 2476 126 50 partir

176 2557 51 26 en
264 2544 199 39 croisade
501 2557 111 38 pour
649 2552 229 43 rapporter
924 2545 212 51 quelques
1172 2543 210 40 mélodies
1413 2544 233 50 indigènes
1691 2543 106 41 dont
1837 2543 37 40 la
1914 2543 149 40 nudité
2103 2556 38 26 se

176 2625 104 38 pare
376 2611 276 52 quelquefois
671 2616 141 36 même
833 2625 45 26 se
898 2613 160 51 dépare
1150 2612 299 40 d'harmonies
1472 2613 243 39 inconnues
1737 2625 82 27 aux
1840 2613 237 38 musiciens
2096 2611 44 39 de

177 2677 176 43 l'lslam.

229 2746 62 41 La
310 2746 144 40 Statue
468 2748 53 39 de
537 2746 60 40 M.
618 2747 144 52 Reyer
777 2757 40 32 et
831 2749 37 39 la
884 2747 216 50 Djamileh
1115 2748 51 39 de
1181 2747 117 41 Bizet
1313 2748 207 39 chantent
1534 2748 110 39 dans
1661 2755 143 33 toutes
1819 2748 62 39 les
1898 2749 241 38 mémoires.

174 2815 64 40 La
259 2814 133 41 Reine
414 2815 49 39 de
485 2815 114 40 Saba
622 2816 52 40 de
697 2815 206 48 Gounod,
930 2816 36 40 la
993 2815 154 40 Lakmè
1169 2816 52 39 de
1243 2815 89 40 Léo
1355 2815 193 48 Delibes,
1591 2814 25 41 Y
1620 2815 119 40 Aida
1760 2816 53 40 de
1837 2815 148 48 Verdi,
2008 2816 38 39 le
2068 2814 76 41 Roi

176 2884 48 38 de
261 2882 166 40 Lahore
456 2884 52 39 cle
530 2882 61 40 M.
617 2882 239 49 xMassenet,
883 2884 206 50 s'érigent
1112 2898 52 26 en
1190 2883 146 41 bonne
1374 2883 123 52 place
1531 2883 111 39 dans
1667 2897 46 27 ce
1752 2888 151 36 musée
1926 2885 211 50 exotique»

175 2947 147 54 Enfin,
356 2950 61 41 M.
442 2950 188 41 Camille
663 2950 300 43 Saint-Saëns
1005 2966 37 32 a,
1088 2966 53 26 en
1176 2953 160 38 maints
1379 2949 356 50 chefs-d'œuvre,
1778 2954 143 49 parmi
1960 2950 181 53 lesquels

176 3032 111 28 nous
315 3032 287 28 nommerons
638 3020 38 39 la
715 3019 109 41 Nuit
854 3028 176 45 persane
1038 3051 7 17 ,
1071 3020 37 40 la
1132 3018 117 40 Suite
1284 3018 247 54 algérienne
1552 3027 41 31 et
1614 3019 39 40 le
1677 3021 250 50 cinquième
1950 3027 191 33 concerto

176 3100 112 38 pour
309 3088 147 50 piano,
480 3087 99 39 allié
598 3085 281 51 l'originalité
901 3088 151 40 tendre
1075 3101 56 27 ou
1165 3086 208 41 farouche
1397 3086 75 40 des
1496 3086 169 40 thèmes
1687 3091 21 35 à
1733 3087 40 39 la
1795 3089 169 39 science
1987 3089 128 38 incom-

176 3154 181 53 parable
391 3154 75 40 des
508 3155 401 51 développements.
948 3156 106 40 Plus
1087 3156 103 47 loin,
1216 3164 39 30 et
1278 3155 199 51 jusqu'en
1502 3154 399 49 Extrême-Orient,
1924 3154 61 42 M.
2009 3155 106 40 Bour-

179 3222 413 52 gault-Ducoudray
612 3231 64 32 est
696 3223 81 39 allé
797 3223 217 40 recueillir
1033 3223 61 41 les
1113 3222 146 42 motifs
1277 3223 52 40 de
1347 3236 46 26 sa
1408 3221 114 41 belle
1534 3220 244 56 Rhapsodie
1800 3220 338 56 cambodgienne»

219 3416 54 42 (i)
297 3416 253 40 Saint-Saëns,
573 3416 62 31 loc.
657 3417 54 32 cit.
731 3416 55 33 On
809 3425 85 32 peut
912 3417 142 42 joindre
1092 3421 18 30 à
1145 3425 93 26 cette
1261 3417 247 42 appréciation
1531 3420 88 31 celle
1634 3418 43 33 de
1699 3418 46 32 M.
1766 3419 116 42 Reyer
1901 3430 8 21 :
1933 3428 19 24 c(
1971 3418 54 34 Au
2049 3416 79 36 senti-

179 3473 94 25 ment
292 3466 41 33 de
355 3469 162 36 couleur,
539 3475 42 23 au
607 3468 143 31 charme
772 3467 205 41 mélodique
1002 3468 43 32 de
1064 3467 251 41 l'inspiration,
1336 3468 157 32 Félicien
1518 3468 114 32 David
1654 3469 153 41 joignait
1827 3479 69 22 une
1918 3471 69 31 très
2018 3467 125 45 grande

177 3516 126 38 pureté
325 3515 42 33 de
390 3519 104 38 style,
517 3526 69 22 une
609 3515 156 33 habileté
786 3519 284 38 exceptionnelle
1103 3518 88 32 dans
1213 3520 8 29 l
1239 3526 50 24 art
1312 3517 42 33 de
1377 3517 136 33 manier
1538 3516 209 34 l'orchestre
1769 3524 33 26 et
1828 3518 42 32 de
1896 3519 85 33 faire
2006 3519 137 32 chanter

177 3566 49 32 les
248 3564 81 33 voix
351 3574 18 23 »
390 3565 137 34 {Notice
546 3574 59 23 Sur
626 3567 24 29 F
687 3566 110 31 David
818 3566 9 33 )
