2253 3883
777 278 142 26 COURS
954 279 57 25 DU
1045 271 196 34 COLLÈGE
1274 280 54 25 DE
1362 280 166 25 FRANCE

174 278 49 36 94

229 388 61 41 La
315 388 284 42 substitution
622 388 53 40 de

1001 395 110 33 texte
1130 388 144 41 donné
1293 403 78 37 par
1385 390 52 39 de
1458 388 343 50 Coussemaker,
1825 392 21 35 à

174 475 161 40 résulte
357 475 51 40 de
447 475 37 38 la
518 473 229 41 confusion
771 472 214 52 probable
1021 472 102 41 d'un
1159 475 180 53 podatus
1374 475 56 57 (J)
1463 487 102 27 avec
1593 488 86 25 une
1710 472 118 41 clivis
1851 471 77 59 (fl,)
1968 486 78 39 par
2072 487 55 27 un

174 548 139 40 scribe
334 550 73 49 qui
431 546 159 41 n'avait
613 550 217 48 peut-être
849 559 102 27 sous
969 546 59 39 les
1059 560 108 39 yeux
1192 545 160 55 qu'une
1373 553 198 35 notation
1613 551 21 36 à
1667 548 144 50 points
1842 551 278 47 superposés.

227 614 62 39 La
315 619 184 47 réponse
519 613 237 50 singulière
774 613 101 40 delà
901 612 158 52 Vierge
1080 615 16 48 (
1102 613 218 41 Comment
1341 616 86 38 cela
1446 613 247 55 pourrait-il
1707 626 42 26 se
1763 612 130 51 faire,
1906 612 173 54 puisque
2088 614 38 50 je

174 696 48 25 ne
244 680 173 40 connais
435 680 118 54 point
574 679 204 41 d'homme
798 685 14 35 ?
832 688 64 32 est
919 682 109 38 ainsi
1045 686 126 35 notée
1195 693 7 27 :

223 1271 165 51 L'ange
412 1274 58 40 lui
493 1274 145 40 donne
661 1272 285 52 l'explication
971 1273 156 52 qu'elle
1157 1274 168 41 semble
1348 1274 197 40 attendre
1565 1287 51 27 en
1639 1281 249 42 annonçant
1910 1287 84 38 que
2015 1272 87 42 l'Es-

168 1341 83 50 prit
273 1341 52 39 de
344 1340 109 40 Dieu
475 1340 87 40 fera
579 1350 91 31 tout
696 1351 8 27 :

205 3305 68 42 Un
297 3314 121 33 autre
431 3306 148 41 cachet
596 3306 52 41 de
668 3311 172 37 naïveté
861 3316 120 33 toute
999 3313 233 49 primitive,
1251 3309 101 42 c'est
1374 3311 39 41 la
1437 3314 259 42 soudaineté
1716 3316 53 40 de
1792 3316 40 40 la
1848 3320 186 48 réponse
2055 3318 47 39 de

151 3372 37 38 la
214 3372 158 51 Vierge
407 3375 90 49 qui,
524 3387 101 27 avec
656 3387 58 27 un
729 3375 137 40 calme
889 3376 172 51 parfait,
1087 3391 45 27 se
1155 3377 170 41 déclare
1340 3382 125 49 prête
1505 3385 21 34 à
1575 3381 136 41 obéir.
1752 3382 349 45 Humainement,

150 3440 178 50 pareille
351 3446 124 34 scène
493 3443 131 38 serait
638 3442 401 51 prodigieusement
1058 3446 167 39 dénuée
1240 3446 52 39 de
1313 3446 347 43 vraisemblance
1674 3459 40 31 et
1734 3451 51 39 de
1797 3452 282 51 psychologie
2093 3461 7 38 ;

149 3508 112 39 mais
285 3507 26 40 il
336 3521 52 26 ne
408 3507 126 51 s'agit
557 3522 77 38 pas
658 3511 51 38 ici
732 3509 108 41 d'art
860 3511 201 50 profane:
