2253 3883
665 254 273 36 EXÉCUTIONS
973 265 49 25 ET
1053 265 317 28 PUBLICATIONS
1403 257 223 35 RÉCENTES

208 302 0 0 70

160 360 228 45 étrangers
409 357 90 50 qui,
525 355 148 51 quand
690 355 53 40 ils
763 355 38 40 le
823 355 189 48 veulent,
1039 369 111 28 nous
1174 357 195 41 donnent
1387 357 62 40 les
1473 357 250 40 meilleures
1744 356 147 51 leçons
1914 355 52 41 de
1988 356 114 41 décla-

158 425 183 43 mation,
367 428 21 35 à
422 436 275 27 commencer
718 437 79 37 par
828 422 179 41 Rossini
1030 423 110 40 dans
1176 423 242 42 Guillaume
1444 423 90 41 Tell
1541 456 6 7 .
1576 422 148 52 Qu'on
1746 423 161 40 veuille
1938 422 101 41 bien
2060 438 64 27 me

157 493 144 38 suivre
340 490 229 52 jusqu'aux
606 492 175 48 régions
804 491 61 39 les
905 491 99 50 plus
1037 491 156 41 hautes
1222 493 57 39 du
1301 493 126 38 mélos
1460 494 179 49 inspiré.
1671 489 69 42 On
1759 507 28 36 y
1808 504 123 27 verra
1955 491 169 41 Berlioz

155 558 181 51 planant
360 562 21 35 à
397 555 135 48 l'aise,
557 556 102 53 qu'il
679 557 184 50 s'agisse
883 558 56 39 du
960 558 129 41 chant
1112 559 273 41 douloureux
1407 569 40 31 et
1471 559 189 41 sublime
1674 559 52 39 de
1749 557 276 41 Xlnvocation
2048 562 22 35 à
2086 559 38 41 la

152 624 179 48 Nature,
358 638 55 27 ou
436 625 52 39 de
513 623 228 42 l'enivrant
765 623 192 54 Septuor
993 626 77 41 des
1096 626 186 54 Troyens
1289 660 9 18 ,
1324 641 56 27 ou
1402 628 52 40 de
1477 636 109 32 cette
1606 627 160 52 phrase
1798 626 328 53 incomparable

158 693 53 38 de
233 692 39 39 la
294 698 126 34 scène
443 690 200 44 d'amour
662 692 53 40 de
736 691 160 42 Roméo
923 707 8 24 :

153 1328 198 52 Wagner
374 1329 38 39 la
437 1329 257 51 proclamait
717 1342 59 26 un
813 1328 98 52 jour
943 1340 19 25 «
985 1328 37 39 la
1047 1328 98 50 plus
1167 1327 113 41 belle
1303 1327 159 51 phrase
1489 1324 210 42 musicale
1733 1324 57 40 du
1815 1323 130 40 siècle
1970 1335 38 35 »,
2035 1326 21 35 à
2081 1336 43 28 ce

154 1411 85 39 que
263 1396 81 41 m'a
370 1401 177 36 raconté
566 1411 59 26 un
649 1397 164 39 témoin
834 1396 132 51 digne
988 1396 52 39 de
1058 1395 74 40 foi.

207 1464 32 40 Il
260 1479 28 38 y
306 1466 141 39 aurait
471 1464 225 51 beaucoup
721 1468 21 35 à
781 1464 92 39 dire
912 1477 74 26 sur
1008 1472 107 32 cette
1152 1462 244 41 admirable
1419 1461 230 41 cantilène.
1677 1459 247 51 Signalons
1948 1458 150 52 simple-

153 1541 118 32 ment
293 1534 52 37 ici
364 1533 38 39 le
425 1533 152 51 départ
601 1533 35 38 si
660 1536 229 48 pénétrant
910 1531 109 40 dans
1042 1531 38 40 le
1099 1540 75 31 ton
1197 1530 88 42 d'ut
1314 1531 120 39 dièse
1458 1531 172 38 mineur
1651 1537 40 31 et
1729 1542 45 26 ce
1794 1525 54 51 fa
1888 1526 188 50 naturel,
2102 1531 19 35 à

151 1601 39 40 la
212 1601 186 40 seconde
421 1613 187 35 mesure,
644 1601 74 52 qui
757 1608 90 31 sort
873 1601 33 38 si
940 1599 339 40 heureusement
1301 1598 52 39 de
1388 1597 39 40 la
1450 1597 182 40 tonalité
1663 1605 41 31 et
1736 1608 112 28 nous
1871 1596 147 39 donne
2041 1608 81 28 une

151 1670 266 49 impression
456 1669 35 38 si
518 1667 150 41 tendre
705 1676 40 31 et
783 1669 35 38 si
866 1667 266 52 suppliante,
1173 1666 155 53 j'allais
1366 1666 92 39 dire
1494 1666 35 38 si
1562 1664 252 47 humble...,
1857 1665 99 49 puis
1995 1662 128 41 l'élan

151 1734 274 54 magnifique
464 1736 51 39 de
571 1736 38 39 la
647 1740 23 35 6
674 1740 15 18 e
724 1748 186 29 mesure,
944 1742 56 33 où
1032 1735 184 40 éclatent
1263 1733 363 40 l'enthousiasme
1665 1740 40 32 et
1743 1731 39 40 la
1823 1731 210 40 certitude
2068 1731 56 40 du

154 1803 255 41 bonheur...
436 1805 114 50 puis,
575 1803 110 40 deux
712 1817 196 26 mesures
931 1803 98 51 plus
1052 1803 105 42 loin,
1183 1803 40 38 la
1247 1802 299 50 réapparition
1564 1801 34 38 si
1621 1799 274 47 inattendue,
1917 1800 35 39 si
1976 1803 119 36 émou-

153 1880 131 31 vante
304 1872 58 39 du
372 1871 56 52 fa
453 1871 170 40 naturel
644 1872 89 49 qui,
771 1878 108 32 cette
903 1869 97 45 fois,
1025 1871 38 50 je
1083 1883 53 26 ne
1166 1871 87 38 sais
1288 1870 235 51 pourquoi,
1564 1871 220 48 peut-être
1804 1881 78 37 par
1903 1865 129 41 l'effet
2067 1867 52 38 de

155 1939 262 39 l'harmonie
437 1939 73 50 qui
534 1938 38 39 le
593 1938 218 49 souligne,
837 1937 170 50 change
1021 1936 280 41 absolument
1324 1937 52 39 de
1395 1941 217 34 caractère
1634 1935 226 40 etdevient
1884 1933 237 51 affirmatif,

154 2008 255 51 passionné,
453 2005 288 52 triomphant,
767 2018 103 27 avec
907 2013 109 32 cette
1053 2006 252 39 succession
1345 2001 296 42 d'intervalles
1679 2002 271 48 inattendus,
1987 2003 106 38 auda-

151 2076 121 39 cieux
298 2087 8 25 :
331 2072 51 47 si,
402 2076 48 45 fa
473 2073 171 39 naturel
666 2072 58 49 (le
747 2073 151 48 triton)
914 2081 40 31 et
972 2076 44 36 ut
1035 2073 118 40 dièse
1168 2073 172 50 (quinte
1360 2069 437 53 augmentée).qu'on
1821 2071 164 50 jugeait
2009 2070 114 40 alors

153 2141 345 40 anti-chantants
518 2149 40 31 et
581 2142 89 50 qui,
712 2154 78 37 par
835 2140 37 40 la
898 2149 123 31 vertu
1055 2140 130 40 d'une
1219 2140 174 50 géniale
1423 2140 280 51 inspiration,
1727 2146 245 44 rayonnent
1995 2135 128 44 d'une

153 2209 236 52 splendeur
412 2208 251 51 mélodique
685 2208 345 52 incomparable.

207 2276 96 52 Que
322 2277 54 39 de
397 2278 236 38 musiciens
649 2278 356 49 contemporains
1094 2283 40 32 et
1151 2288 87 28 non
1253 2275 75 39 des
1349 2275 224 40 moindres
1663 2271 91 43 s'en
1774 2282 99 32 sont
1885 2286 236 36 souvenus,

151 2346 53 38 de
234 2353 109 31 cette
365 2344 160 52 phrase
553 2342 190 42 sublime
765 2353 55 38 et,
855 2357 53 26 en
931 2343 267 51 particulier,
1240 2343 53 39 de
1326 2340 267 42 l'étonnante
1634 2342 256 40 conclusion
1917 2344 6 37 !
1962 2342 54 40 Et
2035 2355 87 27 non

151 2413 242 40 seulement
421 2412 76 39 des
522 2412 221 48 Français,
779 2413 111 38 mais
912 2411 76 40 des
1009 2412 235 39 musiciens
1269 2410 243 40 allemands
1526 2419 41 32 et
1590 2422 163 34 russes,
1775 2422 52 27 en
1851 2410 76 40 des
1948 2424 171 28 œuvres

152 2481 236 51 justement
405 2478 193 42 célèbres
618 2481 8 37 !

203 2547 124 41 Nous
351 2549 180 38 aurions
554 2547 152 52 plaisir
728 2551 21 36 à
782 2547 241 52 multiplier
1044 2547 62 40 les
1129 2546 233 52 exemples,
1404 2546 195 40 heureux
1637 2547 53 40 de
1728 2547 155 40 rendre
1907 2547 37 40 la
1970 2549 152 50 justice

153 2617 73 50 qui
251 2615 60 40 lui
334 2624 64 31 est
420 2616 84 39 due
528 2619 21 35 à
575 2615 89 40 l'un
699 2615 77 40 des
807 2619 180 36 maîtres
1026 2615 61 40 les
1108 2615 98 51 plus
1229 2614 198 50 glorieux
1465 2614 52 39 de
1549 2623 124 32 notre
1695 2615 119 40 école
1840 2647 26 8 ..
1906 2617 113 37 mais
2056 2615 63 39 les

150 2683 274 40 dimensions
464 2683 221 39 modestes
726 2683 53 39 de
811 2696 45 26 ce
894 2683 176 40 volume
1112 2695 111 27 nous
1263 2684 221 49 imposent
1530 2695 84 27 une
1650 2683 169 49 grande
1877 2684 241 39 concision.

151 2751 342 40 Bornons-nous
519 2754 20 35 à
562 2749 108 41 faire
694 2764 270 38 remarquer,
990 2759 129 32 avant
1142 2750 51 39 de
1224 2751 159 50 quitter
1406 2750 38 39 la
1467 2750 203 48 mélodie,
1696 2763 84 38 que
1799 2750 189 46 Berlioz,
2014 2751 86 39 l'im-

154 2817 199 52 placable
374 2818 249 40 adversaire
645 2819 53 39 de
721 2817 147 42 l'école
891 2819 209 40 italienne
1119 2819 224 45 moderne,
1373 2826 72 31 eut
1472 2833 57 25 un
1554 2817 132 41 faible
1706 2831 113 39 pour
1851 2819 62 39 les
1952 2819 111 40 duos
2100 2822 19 36 à

153 2886 37 39 la
227 2888 130 39 tierce
378 2895 40 31 et
443 2890 20 35 à
484 2886 37 39 la
548 2888 122 37 sixte.
699 2885 92 41 Son
814 2900 150 27 œuvre
986 2900 53 26 en
1061 2895 65 31 est
1146 2887 157 50 pleine.
1324 2884 113 41 Mais
1456 2885 29 40 il
1510 2900 21 25 a
1555 2886 160 39 excellé
1733 2890 20 35 à
1778 2887 170 39 donner
1967 2890 21 36 à
2013 2895 107 32 cette

152 2953 156 43 forme,
336 2956 34 37 si
398 2954 247 39 facilement
662 2954 213 49 vulgaire,
902 2956 37 51 je
963 2967 53 27 ne
1035 2956 87 38 sais
1146 2955 103 50 quoi
1272 2953 52 40 de
1352 2966 218 34 nouveau,
1606 2954 52 39 de
1693 2954 251 51 personnel,
1964 2957 75 48 qui
2065 2968 50 26 en

157 3021 211 39 rehausse
391 3021 38 38 le
453 3026 216 34 caractère
692 3029 39 31 et
753 3034 52 26 en
825 3020 76 40 fait
924 3021 146 52 jaillir,
1101 3019 181 54 parfois,
1304 3033 86 27 une
1412 3021 194 39 émotion
1629 3020 274 41 irrésistible.
1929 3020 189 41 Ecoutez

158 3088 37 39 la
221 3087 161 52 phrase
407 3088 57 40 du
485 3087 169 41 célèbre
674 3088 85 40 duo
784 3088 53 40 de
854 3087 192 41 Béatrice
1065 3095 35 33 et
1126 3087 200 40 Bénédict
1331 3120 9 17 ,
1366 3094 56 34 où
1446 3087 222 42 abondent
1691 3088 62 41 les
1771 3091 274 39 successions
2068 3090 52 39 de

158 3157 152 38 tierces
332 3166 8 27 :

149 3550 106 41 celle
278 3550 58 41 du
359 3551 86 40 duo
463 3550 53 41 de
535 3550 144 41 Didon
701 3559 40 32 et
767 3538 177 60 d'Énée,
969 3550 112 40 dans
1106 3550 62 40 les
1196 3548 184 51 Troyens
1401 3550 25 38 à
1451 3547 216 54 Carthage
1674 3579 9 22 ,
1709 3554 56 35 où
1789 3546 252 51 s'enlacent,
2067 3562 49 27 en
