2222 3881
552 248 276 35 EXÉCUTIONS
863 257 52 25 ET
948 256 320 28 PUBLICATIONS
1304 249 227 36 RÉCENTES

1988 254 44 40 71

51 363 59 26 un
134 350 265 40 croisement
418 347 52 41 de
494 345 129 43 l'effet
648 347 125 40 vocal
811 347 38 39 le
872 347 100 52 plus
1006 347 209 48 heureux,
1253 349 132 40 sixtes
1421 356 39 32 et
1498 349 153 39 tierces
1695 347 257 50 mélangées
1974 347 54 40 de

51 418 215 52 quelques
289 425 148 32 autres
461 415 258 41 intervalles
743 430 7 25 :

108 1294 121 42 Pour
252 1295 38 41 le
308 1296 166 40 lecteur
496 1294 267 54 superficiel,
789 1309 69 27 ces
877 1296 183 52 phrases
1082 1304 75 32 ont
1179 1310 86 26 une
1289 1308 244 40 apparence
1568 1296 230 40 italienne.
1829 1296 62 40 La
1911 1296 135 40 vérité

55 1372 120 32 toute
193 1364 159 52 simple
367 1373 65 32 est
451 1378 84 38 que
552 1364 175 40 Berlioz
745 1373 234 43 emprunte
993 1366 53 38 ici
1063 1368 19 36 à
1098 1364 152 40 l'école
1266 1364 209 40 italienne
1495 1376 46 27 ce
1559 1361 157 54 qu'elle
1735 1378 21 24 a
1771 1362 300 42 cTincontes-*

55 1432 246 41 tablement
324 1432 103 46 bon,
455 1446 86 26 une
561 1434 187 39 écriture
769 1433 152 41 vocale
945 1430 103 42 d'un
1073 1440 97 32 tour
1192 1432 176 50 élégant
1390 1440 42 32 et
1451 1430 361 42 d'uneheureuse
1831 1433 211 39 sonorité.

53 1499 88 53 Qui
161 1502 164 39 oserait
350 1501 39 40 le
420 1500 173 41 blâmer
611 1498 168 43 d'avoir
802 1501 200 52 déployé,
1026 1501 110 39 dans
1159 1514 70 26 ces
1253 1514 153 38 pages,
1433 1508 119 33 toute
1584 1500 39 40 la
1649 1501 229 40 séduction
1902 1502 120 50 possi-

55 1568 71 41 ble
145 1573 15 36 ?
180 1568 237 55 J'imagine
438 1567 159 54 qu'elle
620 1583 54 26 ne
691 1569 63 41 fut
771 1571 157 51 jamais
948 1571 143 38 mieux
1113 1573 20 35 à
1156 1583 45 26 sa
1225 1568 139 53 place,
1389 1577 41 32 et
1452 1569 176 52 j'ajoute
1652 1582 85 38 que
1762 1569 38 40 le
1825 1569 221 52 triomphe

55 1638 58 40 du
133 1639 215 39 musicien
373 1646 65 32 est
458 1637 198 42 d'autant
681 1638 97 52 plus
799 1638 191 52 complet
1012 1635 132 54 qu'ici
1188 1637 262 50 l'agrément
1490 1639 233 45 extérieur,
1749 1637 38 40 le
1812 1637 64 39 bel
1902 1644 142 42 canto,

55 1719 46 27 se
124 1707 214 40 rehausse
375 1705 104 41 d'un
504 1708 236 39 sentiment
773 1707 186 40 musical
983 1708 171 51 exquis,
1180 1706 129 39 d'une
1333 1707 181 50 passion
1554 1707 168 38 sincère
1746 1714 41 32 et
1810 1705 233 52 profonde.

109 1773 343 53 L'impartialité
469 1788 113 26 nous
601 1774 76 40 fait
693 1789 59 25 un
776 1775 153 40 devoir
951 1774 51 40 de
1032 1776 120 45 citer,
1173 1787 52 27 en
1249 1775 156 49 regard
1434 1774 52 40 de
1506 1787 69 27 ces
1599 1774 247 40 merveilles
1866 1774 158 52 d'inspi-

55 1845 159 46 ration,
242 1843 216 52 quelques
481 1844 248 51 spécimens
752 1844 53 39 de
825 1843 190 40 mélodie
1046 1841 235 41 inférieure
1305 1856 55 26 ou
1396 1842 199 52 baroque
1629 1866 49 4 —
1714 1843 38 52 je
1776 1856 54 26 ne
1851 1844 96 38 vois
1968 1856 78 38 pas

54 1912 52 39 de
126 1920 92 31 mot
242 1913 75 50 qui
331 1913 259 39 caractérise
604 1913 146 39 mieux
767 1925 68 27 ces
859 1916 205 46 étranges
1082 1913 275 38 successions
1376 1912 52 39 de
1448 1919 140 40 notes,
1603 1917 55 34 où
1682 1910 171 42 Berlioz
1876 1908 169 43 semble

55 1979 167 52 parfois
243 1994 45 26 se
311 1980 154 52 plaire.

110 2048 87 40 Des
220 2048 154 40 chants
397 2049 260 47 médiocres,
677 2048 183 40 d'allure
879 2049 216 49 vulgaire,
1118 2048 279 40 boursouflés
1422 2049 135 46 aussi,
1582 2061 108 27 vous
1707 2061 54 27 en
1785 2056 176 32 trouvez
1985 2063 59 25 un

56 2129 82 39 peu
166 2125 175 43 partout
361 2128 6 27 :
392 2117 28 39 il
444 2118 111 39 n'est
578 2131 79 38 pas
681 2116 194 41 d'oeuvre
896 2117 52 39 de
969 2116 171 41 Berlioz
1158 2117 74 51 qui
1249 2116 98 39 n'en
1365 2118 84 38 soit
1468 2116 99 52 plus
1581 2129 55 26 ou
1654 2117 144 39 moins
1814 2117 229 47 entachée,

56 2188 144 36 même
240 2185 38 39 la
314 2184 264 40 Damnation
601 2186 50 38 de
674 2185 128 39 Faust
808 2216 10 16 ,
844 2189 142 36 même
1011 2182 23 41 Y
1038 2184 198 53 Enfance
1259 2185 55 38 du
1334 2183 143 40 Christ
1499 2193 40 30 et
1563 2183 177 40 Roméo.
1766 2182 67 54 Ap
1839 2190 68 34 rès
1932 2193 112 39 tout,

56 2254 37 51 je
117 2253 209 40 voudrais
350 2253 101 40 bien
475 2255 149 38 savoir
646 2253 101 52 quel
782 2262 65 31 est
886 2253 38 40 le
958 2253 214 40 musicien
1196 2253 74 50 qui
1289 2266 21 25 a
1335 2265 50 26 su
1409 2252 218 52 échapper
1646 2253 341 51 complètement
2022 2258 22 34 à

56 2335 45 26 ce
121 2321 165 48 défaut,
307 2322 102 39 chez
428 2324 74 50 qui
521 2320 88 42 l'on
634 2335 52 26 ne
709 2330 154 31 trouve
886 2321 76 40 des
985 2321 184 52 phrases
1191 2321 98 52 plus
1312 2333 56 28 ou
1395 2322 145 39 moins
1564 2321 264 47 ordinaires,
1863 2321 183 40 banales

56 2393 197 37 même...
296 2404 56 26 en
384 2390 163 40 dehors
574 2391 53 39 de
658 2404 104 26 ceux
804 2391 91 51 qui,
930 2403 112 38 pour
1074 2389 219 52 échapper
1328 2403 53 26 au
1404 2389 127 52 péril,
1563 2398 74 31 ont
1662 2390 89 51 pris
1789 2390 36 39 le
1861 2391 112 50 parti
1994 2390 53 39 de

54 2470 214 28 renoncer
291 2463 21 35 à
338 2467 120 32 toute
481 2465 153 46 espèce
674 2460 51 38 de
748 2458 204 40 mélodie.
992 2458 48 54 Je
1072 2459 102 51 juge
1209 2457 114 40 donc
1361 2458 155 39 inutile
1540 2458 51 39 de
1628 2459 105 39 citer
1766 2458 38 39 le
1844 2459 201 39 moindre

54 2527 200 51 exemple
271 2527 53 40 de
343 2540 70 27 ces
433 2528 119 39 idées
578 2528 242 49 vulgaires,
844 2540 85 38 que
955 2526 169 40 chacun
1147 2538 130 27 saura
1312 2525 101 40 bien
1446 2530 277 36 reconnaître
1746 2540 53 26 au
1836 2539 208 39 passage.

54 2593 115 41 Mais
202 2596 28 39 il
254 2609 70 26 me
348 2599 140 47 paraît
506 2595 88 41 bon
617 2596 52 39 de
691 2604 155 32 mettre
876 2608 104 27 sous
1013 2594 62 40 les
1096 2607 112 38 yeux
1232 2594 57 38 du
1314 2593 162 41 lecteur
1500 2596 188 38 certains
1717 2596 249 50 spécimens
1989 2596 56 39 de

55 2676 47 27 ce
126 2663 139 40 mélos
288 2663 171 40 bizarre
483 2677 84 39 que
591 2663 171 41 Berlioz
787 2663 261 40 affectionne
1082 2667 21 35 à
1136 2663 188 39 certains
1345 2663 135 50 jours.
1505 2662 49 55 Je
1587 2664 115 39 crois
1725 2663 198 40 d'autant
1946 2664 100 52 plus

57 2734 248 38 nécessaire
325 2733 53 39 de
401 2732 39 39 le
463 2731 106 41 faire
591 2747 57 37 qu
667 2735 52 37 ici
756 2733 40 39 la
820 2733 252 40 discussion
1095 2738 64 32 est
1182 2730 195 51 possible
1400 2739 41 32 et
1463 2745 86 38 que
1572 2733 189 39 certains
1785 2734 258 46 musiciens,

58 2804 21 36 à
104 2814 102 27 mon
226 2801 143 50 grand
408 2805 301 46 étonnement,
736 2802 220 39 admirent
998 2813 69 26 ces
1091 2803 251 45 étrangetés
1375 2808 54 40 et,
1464 2804 21 35 à
1510 2808 84 32 tort
1617 2813 57 26 ou
1700 2804 20 35 à
1747 2802 165 46 raison,
1936 2815 84 38 qua-

55 2867 139 42 lifient
217 2868 291 41 d'admirable
528 2883 45 26 ce
594 2874 74 47 qui
694 2883 67 26 me
785 2873 143 48 paraît
948 2871 249 38 tourmenté
1221 2879 102 26 sans
1347 2869 151 38 raison
1521 2876 40 31 et
1582 2869 295 40 antimusical.

109 2936 115 41 L'un
247 2937 76 40 des
347 2938 222 51 exemples
593 2938 63 40 les
691 2938 100 51 plus
815 2938 397 49 caractéristiques,
1246 2934 103 41 c'est
1386 2935 39 40 la
1462 2936 160 51 phrase
1646 2937 88 39 dite
1763 2936 198 41 Tristesse
1998 2938 50 39 de

58 3005 158 40 Roméo
225 3039 7 17 ,
260 3020 78 38 par
371 3006 191 52 laquelle
594 3006 161 41 débute
795 3006 39 40 la
859 3022 20 24 2
885 3011 15 18 e
940 3007 142 51 partie
1116 3004 52 39 de
1208 3000 276 44 l'admirable
1509 3003 277 55 Symphonie
1808 3005 164 41 Roméo
2011 3011 38 34 et

46 3073 174 48 Juliette
241 3089 8 25 :
