4617 6228
268 6088 75 34 150

242 141 957 81 Nachrevolutionäre

241 263 111 51 Der
391 262 350 63 Kunstglaser

379 343 395 49 Verschiedene
825 350 328 54 sogenannte
1204 343 253 50 moderne
1507 341 401 52 Kunstkritiker
1960 343 224 49 machen

241 426 127 59 jetzt
419 428 51 45 in
517 425 447 64 Ueberwindung,
1049 425 86 51 Sie
1186 426 179 50 halten
1415 426 84 49 die
1553 426 113 49 Zeit
1718 426 80 49 für
1849 425 331 63 gekommen,

242 508 200 48 wieder
474 508 265 50 ablehnen
770 527 64 31 zu
866 508 202 61 dürfen,
1103 528 111 32 was
1245 513 77 45 sie
1357 509 81 50 für
1618 508 165 50 Mode
1817 507 196 51 halten.
2081 506 102 49 Für

2035 573 11 13 v

243 593 118 45 eine
391 589 180 61 Mode,
606 590 84 50 die
723 596 74 45 sie
828 602 187 53 wegen
1047 592 93 49 des
1169 591 347 50 Fortschritts
1551 590 277 51 immerhin
1861 590 323 49 mitmachen

242 670 234 53 wollten.
550 673 107 51 Der
697 674 440 64 Berufprofessor
1178 674 191 50 Glaser
1408 674 204 50 kommt
1656 673 110 51 sich
1810 673 121 50 sehr
1970 671 212 62 wichtig

244 772 109 31 vor.
425 754 68 50 Er
529 756 141 51 klärt
712 757 85 49 die
837 757 467 50 demokratischen
1342 757 160 49 Leser
1542 755 92 50 des
1675 755 241 50 Berliner
1954 754 197 49 Börsen-

243 837 242 51 kouriers
529 840 132 49 über
701 840 84 50 die
827 840 164 50 Mode
1034 841 95 48 der
1169 839 261 50 Moderne
1476 838 102 50 auf.
1652 837 136 51 Herr
1830 836 191 51 Glaser
2064 856 90 30 ver-

243 920 111 64 fügt
392 922 128 49 über
558 922 102 50 den
695 922 335 51 natürlichen
1062 922 167 58 Blick,
1270 925 93 46 mit
1402 922 121 49 dem
1562 941 57 31 er
1655 919 360 51 Kunstwerke
2054 922 96 45 mei-

243 1008 146 45 stert-
455 1004 135 51 Herr
621 1005 193 50 Glaser
846 1006 92 49 hat
971 1005 93 50 das
1097 1005 208 50 sichere
1339 1003 172 51 Urteil
1545 1003 93 50 des
1675 1001 506 52 Kunsthistorikers.

242 1084 70 50 Er
341 1086 90 51 hat
461 1086 270 52 vielleicht
760 1091 94 48 mit
883 1087 210 50 heißem
1124 1087 273 50 Bemühen
1424 1085 221 64 gelernt,
1677 1104 109 30 was
1819 1095 249 52 gewesen
2099 1087 82 47 ist.

244 1167 67 50 Er
353 1169 304 51 betrachtet
697 1171 85 49 die
822 1169 382 63 gesammelten
1247 1174 364 58 sogenannten
1650 1167 394 50 Kunstschätze
2086 1165 96 49 des

246 1250 634 64 Kupferstichkabinetts,
923 1253 93 50 das
1064 1271 56 30 er
1164 1252 133 50 auch
1619 1249 305 53 betrachtet
1966 1252 76 46 sie
2090 1250 93 47 mit

244 1338 200 46 seinem
485 1334 334 50 natürlichen
860 1335 150 50 Blick
1052 1335 107 49 und
1200 1334 308 65 vergleicht.
1587 1334 99 49 Die
1729 1331 159 64 Folge
1934 1332 117 50 sind
2095 1342 58 51 ge-

243 1416 314 51 schriebene
594 1417 449 51 Kabinettstücke
1086 1417 408 51 überhebender
1534 1414 474 51 Kunstfremdheit.
2047 1413 135 49 Herr

245 1498 189 52 Glaser
463 1499 143 51 kann
635 1500 145 51 nicht
812 1500 192 59 umhin,
1037 1500 94 50 das
1163 1498 136 51 Gras
1333 1499 251 50 wachsen
1617 1517 64 29 zu
1711 1498 182 48 hören.
1962 1495 70 50 Er
2062 1513 90 30 ver-

246 1580 198 51 kündet
472 1586 93 46 mit
596 1581 381 65 ahnungsloser
1010 1582 315 50 Sicherheit:
1358 1581 189 60 „Nicht
1581 1581 200 49 ebenso
1816 1579 209 50 einfach
2055 1578 126 62 liegt

243 1665 93 49 der
364 1663 110 51 Fall
500 1665 97 50 des
625 1664 302 60 Kubismus,
958 1665 132 50 über
1119 1665 105 50 den
1250 1665 171 63 gewiß
1452 1664 133 50 auch
1616 1662 191 51 einmal
1838 1662 137 49 Gras
2005 1659 141 51 wach-

242 1765 94 30 sen
366 1746 147 60 wird,
549 1747 96 49 der
681 1748 128 49 aber
839 1748 92 49 das
966 1767 95 30 vor
1096 1746 119 51 dem
1247 1746 370 52 italienischen
1650 1740 531 55 Futuristenrummel

240 1847 193 33 voraus
464 1830 106 59 hat,
603 1830 103 50 daß
734 1836 146 44 ernst
910 1850 65 29 zu
1001 1828 302 52 nehmende
1334 1828 315 51 malerische
1680 1826 223 51 Talente
1936 1826 110 49 sich
2077 1824 104 51 ihm

695 1912 99 51 Die
820 1912 353 51 malerischen
1198 1911 223 52 Talente
1449 1916 213 45 müssen
1689 1928 56 31 es
1777 1909 111 50 sich
1917 1907 263 50 durchaus

239 1995 285 59 verbitten,
560 2015 104 30 von
699 1995 119 50 dem
851 1994 469 64 Berufsprofessor
1357 1993 191 50 Glaser
1584 1999 145 43 ernst
1765 2002 314 52 genommen
2117 2006 64 31 zu

239 2077 233 51 werden.
538 2077 88 51 Sie
661 2085 286 57 vertragen
980 2076 181 52 solche
1198 2076 309 51 schlechten
1545 2075 228 51 Scherze
1807 2073 161 49 nicht.
2005 2071 175 50 Schon

241 2160 221 51 deshalb
498 2161 162 59 nicht,
698 2159 123 51 weil
860 2161 174 50 dieser
1073 2160 136 49 Herr
1247 2158 193 51 Glaser
1478 2162 93 46 mit
1612 2161 198 46 seinem
1848 2153 333 53 natürlichen

239 2242 151 51 Blick
426 2242 131 50 über
596 2248 154 45 einen
786 2242 113 51 Fall
938 2242 136 50 Gras
1116 2242 253 50 wachsen
1407 2240 125 51 läßt.
1608 2239 182 50 Gras
1833 2237 347 49 wachsen

236 2324 114 51 läßt
384 2325 129 50 über
552 2330 154 45 einen
742 2325 192 59 Fall,
972 2325 93 50 der
1102 2331 168 44 etwas
1308 2343 95 30 vor
1441 2326 174 47 einem
1649 2319 327 51 Rummel
2012 2336 128 32 vor-

240 2427 84 30 au
346 2429 22 28 s
402 2409 105 49 hat.
571 2408 191 52 Dieser
792 2408 216 60 Literat,
1043 2408 94 49 der
1168 2407 179 50 solche
1380 2405 180 51 Bilder
1590 2404 153 59 sieht,
1775 2408 140 56 wagt
1948 2401 139 50 dann
2118 2419 63 30 zu

239 2491 302 50 schreiben:
584 2491 160 60 „Man
780 2491 122 49 muß
941 2511 56 29 es
1033 2490 316 61 Kandinsky
1386 2488 192 58 lassen,
1616 2485 104 50 daß
1757 2505 56 30 er
1851 2487 113 47 sein
2002 2481 143 51 Hand-

242 2574 148 49 werk
425 2574 138 49 noch
600 2578 185 45 immer
817 2574 187 49 besser
1042 2572 256 59 versteht,
1338 2571 75 50 als
1452 2570 145 49 diese
1634 2568 351 56 Nachahmer,
2026 2583 158 30 wenn

245 2674 116 32 man
394 2657 133 49 auch
557 2656 145 50 nicht
734 2656 179 50 umhin
941 2655 158 59 kann,
1132 2657 148 46 seine
1311 2653 317 61 Zeichnung,
1660 2669 83 30 wo
1777 2653 76 46 sie
1882 2646 302 62 überhaupt

239 2739 140 50 noch
416 2738 163 51 Reste
614 2737 336 52 kenntlicher
985 2737 156 50 Form
1177 2734 220 60 enthält,
1439 2734 215 49 äußerst
1689 2730 175 52 trivial
1904 2749 62 30 zu
2003 2728 181 50 finden

240 2822 109 51 und
379 2822 103 50 den
513 2822 236 62 Ausweg
780 2821 94 50 der
907 2820 314 51 abstrakten
1256 2818 172 50 Farbe
1463 2816 80 50 für
1579 2819 117 47 eine
1732 2812 299 53 literarisch
2064 2830 90 30 ver-

242 2903 238 51 kleidete
511 2902 188 52 Flucht
731 2907 80 47 ins
843 2900 380 54 Ornamentale
1261 2920 64 29 zu
1357 2899 227 50 halten.''
1654 2896 136 50 Herr
1824 2894 191 50 Glaser
2052 2892 133 51 fühlt

244 2988 112 49 sich
387 3005 87 30 um
507 2986 86 50 die
627 2985 293 63 Stimmung
954 2983 93 52 der
1079 2982 346 52 kenntlichen
1457 2981 156 50 Form
1646 2978 255 65 gebracht
1936 2976 106 50 und
2076 2975 109 50 hält

243 3088 55 29 es
326 3069 82 50 für
433 3074 116 45 eine
575 3067 205 61 Flucht,
808 3087 85 31 wo
925 3087 55 30 er
1007 3067 197 49 keinen
1231 3065 235 61 Ausweg
1496 3061 183 53 findet.
1741 3060 70 49 Er
1840 3060 143 49 kann
2011 3057 174 50 Kunst

244 3170 97 31 nur
366 3170 66 32 an
458 3150 337 51 kenntlicher
818 3150 156 51 Form
1000 3148 289 51 erkennen.
1349 3148 68 49 Er
1442 3144 294 64 vergleicht
1759 3147 77 45 sie
1863 3145 95 46 mit
1983 3142 202 46 seinem

242 3233 372 52 literarischen
642 3232 152 51 Blick
824 3232 107 50 und
957 3230 114 51 fällt
1102 3231 134 49 über
1265 3229 93 50 das
1391 3229 153 57 Gras,
1572 3225 99 50 das
1703 3225 136 50 ohne
1871 3227 112 47 sein
2015 3221 171 50 Zutun

245 3317 130 50 über
415 3317 89 50 ihn
544 3315 220 50 wächst.
840 3312 275 51 Nachdem
1160 3311 94 50 der
1295 3311 138 49 Herr
1474 3307 468 63 Berufsprofessor
1985 3301 201 52 schnell

248 3400 136 49 noch
427 3396 218 65 Chagall
686 3398 80 48 für
811 3402 84 44 ein
934 3394 208 51 kleines
1181 3392 193 52 Talent
1416 3390 217 59 erklärt,
1678 3388 142 50 stößt
1864 3406 56 29 er
1964 3385 112 50 sich
2121 3404 66 30 an

249 3482 93 50 der
386 3481 220 50 Plastik:
656 3479 98 62 „Es
798 3485 144 44 wäre
988 3477 170 64 gewiß
1205 3476 120 50 sehr
1369 3474 246 62 bequem,
1659 3489 159 31 wenn
1861 3487 122 31 man
2029 3467 158 50 allein

248 3562 164 52 durch
458 3562 485 62 Schematisierung
993 3560 93 50 der
1132 3557 231 51 Flächen
1411 3573 90 33 zur
1548 3550 434 54 monumentalen
2031 3548 156 51 Form

247 3646 258 64 gelangen
542 3646 219 59 könnte,
802 3648 100 46 wie
944 3642 232 52 William
1217 3640 199 50 Wauer
1457 3657 55 31 es
1556 3656 63 31 zu
1660 3634 228 65 glauben
1931 3631 222 51 scheint.

246 3728 172 51 Kunst
444 3734 68 45 ist
537 3727 231 52 nämlich
795 3726 318 62 unbequem,
1144 3743 97 30 vor
1269 3721 155 51 allem
1453 3720 120 50 dem
1601 3718 174 52 Herrn
1805 3715 207 51 Glaser.
2039 3712 148 49 Aber

246 3812 137 50 Herr
415 3811 192 51 Glaser
636 3810 134 50 wird
800 3809 111 51 sich
941 3809 302 61 bequemen
1275 3809 227 52 müssen,
1536 3801 95 51 das
1664 3800 80 49 für
1776 3798 173 50 Kunst
1979 3816 64 29 zu
2076 3793 84 51 hal-

246 3902 107 53 ten,
385 3914 111 31 was
527 3894 102 50 ihm
662 3893 147 50 nicht
846 3891 74 51 als
954 3889 172 51 Kunst
1163 3888 280 50 erscheint-
1510 3883 110 50 Ihm
1655 3888 67 45 ist
1752 3879 229 53 nämlich
2014 3877 172 49 Kunst

250 3979 484 59 Schematisierung
774 3975 94 50 der
906 3973 248 50 Flächen.
1229 3970 110 49 Ihm
1376 3967 135 52 wird
1550 3966 84 50 die
1674 3965 156 50 Form
1875 3968 106 44 erst
2022 3959 164 50 durch

248 4061 484 59 Schematisierung
756 4055 291 52 kenntlich.
1112 4053 129 50 Man
1264 4053 145 49 kann
1436 4049 147 52 nicht
1611 4047 194 58 umhin,
1838 4044 94 51 das
1963 4042 225 50 Schema

249 4143 173 51 dieses
474 4142 290 50 Schemens
812 4138 218 50 äußerst
1078 4135 176 51 trivial
1304 4153 65 30 zu
1418 4132 194 51 finden.
1695 4129 109 49 Der
1854 4126 192 50 Glaser
2095 4124 92 48 hat

248 4230 182 46 seinen
469 4224 161 50 Beruf
667 4220 244 52 verfehlt.
982 4219 69 50 Er
1091 4214 156 54 sollte
1288 4209 525 57 Scherbensammler
1851 4207 235 51 werden.

250 4333 57 49 In
333 4331 245 52 Schmelz
607 4332 317 62 empfangen

386 4411 108 51 Der
537 4410 445 52 Dramendichter
1030 4407 231 51 Gerhart
1305 4406 357 61 Hauptmann,
1711 4401 93 48 der
1851 4396 223 52 Schiller
2120 4397 49 59 ju-

254 4499 115 46 nior
416 4494 135 50 ohne
598 4493 428 63 Temperament,
1072 4490 92 50 hat
1212 4492 115 47 eine
1375 4483 369 66 Kundgebung
1791 4499 68 33 an
1904 4479 94 51 das
2044 4477 150 51 Neue

253 4576 365 52 Deutschland
651 4575 251 60 erlassen,
937 4573 106 50 und
1074 4591 142 31 zwar
1247 4574 70 47 im
1349 4569 187 51 Neuen
1568 4566 220 50 Wiener
1819 4561 239 53 Journal.
2126 4572 68 37 £r

257 4659 328 63 verständigt
620 4660 110 50 sich
762 4662 94 47 mit
890 4656 103 51 den
1027 4648 738 57 deutsch-österreichischen
1799 4644 239 52 Brüdern
2075 4642 121 51 sehr

258 4743 263 50 sinnreich
565 4742 87 50 auf
694 4738 315 61 italienisch,
1068 4736 177 52 indem
1303 4755 57 31 er
1401 4734 161 50 ihnen
1621 4729 192 52 zuruft:
1878 4724 318 64 „Entweder

253 4824 398 52 Reichseinheit
686 4824 129 50 oder
843 4853 61 3 —
933 4821 222 51 lasciate
1190 4822 120 59 ogni
1722 4812 149 50 Aber
1904 4810 94 49 der
2035 4803 128 55 Dich-

257 4915 83 43 ter
379 4908 341 62 Hauptmann
762 4906 143 50 kann
949 4902 240 60 deutsch,
1235 4919 156 31 wenn
1434 4916 122 32 man
1600 4895 133 51 auch
1779 4893 101 51 alle
1926 4890 269 60 Hoffnung

258 4992 183 49 fahren
475 4990 179 51 lassen
689 4989 138 59 muß,
882 4992 164 45 sowie
1083 4985 176 51 dieser
1296 4982 220 51 Dichter
1570 4975 362 54 höchstselbst
1971 4973 220 50 dichtet:

262 5071 189 60 „Diese
497 5070 306 53 Einheit
850 5069 122 50 muß
1020 5066 272 58 entdeckt,
1340 5063 215 66 gefühlt,
1604 5058 300 66 ergründet,
1952 5057 243 55 erkannt,

259 5153 186 62 erlebt,
502 5155 257 51 erfunden
811 5152 108 52 und
972 5155 54 47 in
1062 5150 120 52 dem
1220 5141 646 67 Schmelzprozeß
1904 5140 94 50 der
2037 5136 133 64 allge-

260 5241 209 45 meinen
509 5236 381 64 Begeisterung
933 5233 331 65 geboren
1308 5227 246 52 werden.'
1649 5224 223 52 Worauf
1915 5222 96 50 der
2053 5218 108 50 Mut-

259 5326 84 44 ter
372 5318 442 65 Schmelzprozeß
845 5318 175 50 nichts
1049 5316 151 62 übrig
1230 5313 184 60 bleibt*
1446 5311 75 51 als
1551 5310 123 50 dem
1701 5306 174 50 Kinde
1904 5304 210 51 Einheit
2147 5305 52 45 in

256 5402 207 50 Wehen
491 5401 306 50 zuzurufen;
823 5401 248 49 Lasciate
1102 5401 119 60 ogni
1252 5413 271 46 speranza.

261 5521 292 62 Gekämpft
586 5522 104 49 wie
722 5521 317 61 geschmiert

388 5598 136 51 Herr
566 5599 129 50 Paul
737 5599 295 52 Westheim
1074 5600 91 50 hat
1209 5619 95 30 vor
1349 5602 134 47 zwei
1523 5597 203 51 Jahren
1768 5596 297 62 begonnen,
2112 5592 84 50 die

263 5680 383 52 unwesentlich
690 5681 358 52 Schaffenden
1086 5682 178 51 dieser
1308 5682 113 50 Zeit
1466 5699 64 31 zu
1574 5678 276 52 erkennen
1889 5675 109 51 und
2041 5693 127 32 anzu-

269 5763 284 61 erkennen,
589 5764 145 51 nicht
772 5764 135 50 ohne
944 5765 194 50 vorher
1176 5763 165 51 durch
1379 5762 139 53 viele
1558 5762 164 51 Jahre
1762 5759 84 52 die
1887 5756 313 53 wesentlich

264 5843 356 53 Schaffenden
652 5846 108 51 und
794 5846 84 50 die
913 5846 384 51 unwesentlich
1333 5843 361 54 Schaffenden
1728 5862 66 31 zu
1827 5840 370 63 beschimpfen

267 5927 102 49 und
410 5947 61 30 zu
507 5928 304 60 bespotten.
883 5927 119 52 Nun
1039 5927 98 52 soll
1174 5929 255 50 Direktor
1468 5927 141 51 Justi
1645 5946 107 30 von
1791 5925 94 50 der
1921 5921 276 53 National-

2430 137 198 62 Galerie
2663 134 82 52 die
2779 142 330 57 sogenannte
3143 138 208 60 jüngste
3386 134 173 50 Kunst
3594 134 79 49 für
3710 138 115 45 sein
3859 133 249 50 Museum
4144 132 197 50 berück-

2432 220 256 62 sichtigen
2716 218 210 51 wollen.
2955 219 196 49 Hierzu
3178 216 247 51 bemerkt
3456 216 94 50 der
3579 216 418 61 unverdächtige
4027 214 136 51 Herr
4196 214 141 50 West-

2431 303 142 49 heim
2621 307 51 45 in
2724 306 174 46 seiner
2949 299 578 65 expressionistischen
3576 297 388 53 Gartenlaube:
4068 337 8 19 ,
4085 336 8 19 f
4098 296 96 49 ßei
4246 295 127 50 aller

2429 385 208 50 Freude
2672 385 244 60 darüber,
2946 385 105 50 daß
3082 404 123 32 man
3235 382 260 50 nunmehr
3529 381 137 50 auch
3699 400 67 31 an
3799 399 58 31 so
3892 377 281 52 offizieller
4207 376 164 51 Stelle

2433 468 84 50 die
2559 466 312 52 wesentlich
2914 466 360 52 Schaffenden
3320 464 175 50 dieser
3540 464 115 51 Zeit
3700 482 65 31 zu
3810 461 274 53 erkennen
4131 460 108 50 und
4283 480 60 29 an-

2430 551 343 50 zuerkennen
2800 551 233 62 beginnt,
3062 554 67 46 ist
3158 548 137 51 doch
3323 567 64 30 zu
3413 558 181 51 sagen,
3625 546 103 50 daß
3755 564 97 32 uns
3879 544 84 50 die
3995 542 129 60 Eile,
4153 546 95 47 mit
4281 541 92 50 der

2429 633 143 51 Justi
2616 652 60 32 so
2719 631 252 65 plötzlich
3015 631 473 61 Rückendeckung
3536 629 152 50 sucht
3734 628 176 50 hinter
3959 626 176 50 dieser
4181 629 192 59 jungen

2430 716 188 61 Kunst,
2655 717 394 65 einigermaßen
3083 714 313 63 verdächtig
3430 713 317 50 erscheinen
4023 710 136 49 Herr
4195 708 144 50 West-

2430 800 140 49 heim
2605 800 89 51 hat
2732 819 56 31 es
2821 810 172 52 genau
3028 802 133 46 zwei
3199 798 163 50 Jahre
3399 795 199 63 eiliger,
3633 812 158 31 wenn
3829 794 135 49 auch
4003 795 112 47 sein
4152 790 222 51 Rücken

2433 887 185 45 immer
2651 882 139 50 noch
2827 881 356 50 verwundbar
3219 885 83 46 ist.
3373 878 174 50 Wenn
3583 897 60 30 er
3680 876 136 50 auch
3854 876 160 49 heute
4053 875 139 50 noch
4230 873 144 51 nicht

2432 965 85 50 die
2555 964 313 51 wesentlich
2907 962 360 52 Schaffenden
3303 981 104 31 von
3449 960 104 51 den
3590 958 387 52 unwesentlich
4016 955 360 52 Schaffenden

2431 1047 414 50 unterscheiden
2879 1047 155 49 kann.
3104 1045 129 62 „Die
3270 1044 184 60 Geste,
3490 1043 86 51 die
3612 1042 66 50 da
3714 1040 204 52 beliebt
3949 1039 148 60 wird,
4133 1044 67 46 ist
4238 1039 136 50 doch

2434 1136 166 45 etwas
2633 1148 63 31 zu
2727 1128 285 63 eindeutig.
3078 1127 128 51 Man
3236 1127 133 51 wird
3405 1146 55 30 es
3491 1145 98 31 uns
3617 1124 149 52 nicht
3799 1122 311 51 verdenken
4142 1121 232 58 können,

2432 1232 158 32 wenn
2622 1215 94 46 wir
2749 1217 50 45 In
2833 1211 80 50 ihr
2946 1215 234 59 weniger
3215 1215 85 45 ein
3335 1209 296 50 sachliches
3669 1206 405 53 Sicheinsetzen
4109 1204 81 50 für
4228 1204 145 50 diese

2431 1296 173 51 Kunst
2634 1295 77 51 als
2741 1298 155 47 einen
2921 1292 115 54 Akt
3066 1292 128 51 kühl
3221 1291 406 51 berechnender
3653 1287 367 66 Kunstpolitik
4052 1286 289 51 erblicken.

2435 1379 129 50 Man
2607 1380 135 49 wird
2787 1397 56 30 es
2888 1381 98 45 mir
3025 1375 149 50 nicht
3219 1375 311 49 verdenken
3575 1374 230 57 können,
3851 1390 157 30 wenn
4055 1369 84 50 ich
4184 1372 52 46 in
4283 1368 93 49 der

2433 1461 269 63 Tätigkeit
2742 1460 93 50 des
2872 1458 172 50 Herrn
3081 1457 298 52 Westheim
3419 1459 234 60 Weniger
3693 1460 84 46 ein
3816 1452 372 52 unsachliches
4230 1450 116 51 Sich-

2434 1548 277 46 einsetzen
2740 1543 81 49 für
2850 1542 147 49 diese
3031 1541 146 50 nicht
3208 1538 358 51 verstandene
3598 1539 172 49 Kunst
3804 1536 74 52 als
3914 1541 155 47 einen
4102 1534 113 50 Akt
4251 1532 126 51 kühl

2432 1625 405 51 berechnender
2866 1623 339 65 Konjunktur
3240 1620 252 51 erblicke.
3555 1620 156 51 Auch
3740 1638 156 32 wenn
3931 1618 176 50 dieser
4137 1617 114 49 Akt
4283 1615 92 51 des

2433 1710 173 49 Herrn
2635 1707 299 52 Westheim
2965 1710 128 58 jetzt
3126 1703 503 64 expressionistisch
3661 1701 336 64 aufgemacht
4030 1706 83 45 ist.
4183 1700 191 59 „Diese

2434 1793 101 49 Art
2565 1789 384 65 Kunstpolitik,
2987 1788 83 51 die
3102 1807 94 31 aus
3230 1784 596 53 außerkünstlerischen
3859 1784 106 50 und
3998 1795 91 52 gar
4128 1802 91 31 aus
4255 1801 90 44 per-

2432 1874 277 51 sönlichen
2737 1872 365 51 Rücksichten
3134 1871 111 50 sich
3275 1870 82 49 für
3390 1868 129 50 oder
3551 1878 168 53 gegen
3749 1866 184 63 irgend
3963 1864 205 52 welche
4201 1864 174 50 Kunst

2436 1956 353 61 entscheidet,
2834 1960 67 45 ist
2947 1954 133 51 altes
3128 1950 483 54 Wilhelminisches
3658 1947 226 63 System,
3931 1947 304 63 gegen.das
4280 1949 96 46 wir

2434 2041 145 49 nicht
2620 2044 240 46 umsonst
2897 2035 399 65 jahrelang
3339 2032 343 65 angekämpft
4021 2029 136 49 Herr
4198 2028 144 50 West-

2434 2124 140 49 heim
2604 2123 91 50 hat
2727 2125 83 46 ein
2841 2141 63 29 zu
2934 2119 301 51 schlechtes
3263 2115 348 61 Gedächtnis,
3640 2134 87 31 um
3755 2110 368 65 Kunstpolitik
4155 2130 64 30 zu
4251 2115 100 45 trei-

2441 2206 112 49 ben.
2624 2205 157 50 Seine
2821 2207 132 46 zwei
2991 2203 162 50 Jahre
3191 2200 96 50 der
3323 2197 484 62 Hochkonjunktur
3844 2196 251 49 kommen
4132 2192 105 51 ihm
4277 2197 99 45 wie

2435 2292 120 46 eine
2586 2286 261 64 Ewigkeit
2876 2306 110 30 vor.
3048 2285 138 49 Herr
3213 2281 298 52 Westheim
3537 2284 69 46 ist
3633 2277 270 65 jahrelang
3933 2275 279 63 bekämpft
4242 2293 102 31 wor-

2438 2371 103 50 den
2576 2370 107 50 und
2716 2369 133 50 fühlt
2885 2369 109 50 sich
3033 2367 75 51 als
3144 2365 198 64 Sieger,
3377 2363 267 52 trotzdem
3681 2381 57 30 er
3771 2379 101 31 nur
3903 2356 355 52 Ueberläufer
4295 2359 83 48 ist.

2435 2453 356 50 Ueberläufer
2854 2461 288 52 vergessen
3205 2452 185 46 immer
3437 2444 218 60 schnell,
3703 2443 185 51 woher
3936 2445 77 47 sie
4063 2440 315 64 gekommen

2436 2536 132 50 sind.
2636 2535 141 50 Justi
2805 2535 93 49 hat
2926 2536 323 59 wenigstens
3280 2528 396 52 Wesentliches
3706 2526 147 52 nicht
3881 2522 295 63 bekämpft.
4242 2520 137 51 Herr

2438 2618 298 51 Westheim
2777 2618 127 49 aber
2942 2612 464 54 Unwesentliches
3447 2609 312 64 verdächtig
3799 2607 120 64 eilig
3958 2603 286 67 gefördert.
4284 2603 96 49 Die

2438 2702 184 59 Geste,
2650 2701 87 50 die
2768 2700 66 50 da
2861 2699 203 51 beliebt
3096 2696 147 60 wird,
3276 2700 67 48 ist
3370 2694 141 51 doch
3544 2700 166 44 etwas
3744 2710 64 30 zu
3840 2689 281 61 eindeutig.

2439 2858 484 62 Materialisierung
2954 2855 95 52 der
3081 2855 267 60 Dichtung

2573 2941 99 50 Die
2698 2939 324 51 Gebildeten
3050 2957 186 31 unsrer
3264 2937 116 49 Zeit
3409 2934 115 51 sind
3551 2954 109 32 nun
3688 2932 193 53 einmal
3909 2932 83 50 für
4018 2931 189 51 Kunst.
4272 2928 111 51 Seit

2437 3024 366 49 Jahrzehnten
2839 3021 308 50 verschickt
3187 3025 85 45 ein
3311 3017 137 52 Herr
3484 3017 136 64 Aug.
3660 3015 219 63 Ludwig
3916 3012 466 64 Ankündigungen

2437 3110 177 45 seiner
2647 3106 177 48 Wort-
2857 3104 107 49 und
2996 3102 498 62 Tonschöpfungen.
3562 3100 58 48 In
3654 3102 175 47 seiner
3859 3102 266 45 neuesten
4157 3093 186 51 Ankün-

2440 3192 191 59 digung
2664 3186 146 52 heißt
2841 3207 74 29 es:
2952 3184 305 62 „Nachdem
3287 3203 96 31 uns
3414 3182 181 51 bisher
3627 3181 84 50 die
3745 3179 348 52 Versdichter
4124 3181 94 47 mit
4248 3175 102 51 Vor-

2438 3269 140 50 liebe
2615 3288 99 31 nur
2751 3269 346 58 Erträumtes,
3137 3264 316 53 Gefabeltes
3494 3263 374 65 vorgedichtet
3902 3261 191 59 haben,
4135 3259 129 64 liegt
4301 3259 83 50 für

2446 3371 93 31 uns
2584 3351 368 51 Neuzeitliche
2997 3351 95 49 das
3136 3349 281 51 Bedürfnis
3461 3367 110 39 vor,
3618 3365 95 31 uns
3760 3344 259 50 nunmehr
4069 3342 93 51 der
4207 3341 181 52 vollen

2440 3435 377 51 Wirklichkeit
2847 3435 107 50 und
2987 3434 104 50 den
3120 3431 304 53 Tatsachen
3456 3427 380 53 zuzuwenden.
3865 3427 209 50 Unsere
4106 3424 278 58 Forscher,

2441 3518 219 50 Denker
2688 3518 106 49 und
2821 3517 244 50 Erfinder
3093 3515 175 52 haben
3296 3533 98 33 uns
3423 3518 95 47 mit
3544 3511 396 52 reichlichstem
3968 3507 254 53 Material
4251 3506 136 51 dazu

2443 3601 279 60 versehen,
2753 3620 57 30 so
2839 3599 102 51 daß
2968 3600 201 49 bereits
3200 3596 190 51 manch
3414 3595 243 50 früherer
3684 3593 397 51 Dichtertraum
4113 3592 61 60 (z.
4206 3589 57 50 B.
4290 3589 96 50 der

2442 3681 425 63 Fliegertraum!)
2913 3682 162 51 heute
3117 3684 54 46 in
3214 3679 265 64 greifbare
3524 3675 270 64 Erfüllung
3841 3684 272 55 gegangen
4157 3672 108 50 und
4311 3670 76 52 als

2444 3766 210 50 solcher
2687 3764 222 63 erledigt
2938 3763 202 51 wurde.
3208 3762 119 49 Ach
3357 3765 65 59 ja,

2444 3849 84 50 die
2561 3848 174 51 vielen
2768 3846 314 64 unzähligen
3113 3843 355 53 Dichtenden:

2444 3930 87 51 Sie
2563 3931 184 50 bieten
2778 3949 97 31 uns
2911 3928 77 52 als
3017 3927 400 64 Dichtergaben
4174 3968 9 22 ,

2446 4014 128 50 Was
2613 4017 75 46 sie
2726 4018 256 44 erträumt
3022 4009 226 53 erfabelt
3285 4009 189 50 haben.

2444 4096 126 50 Fort
2607 4100 93 45 mit
2737 4096 94 49 der
2864 4092 423 51 Nebelfantasie!

2444 4178 115 51 Wir
2592 4177 193 51 wollen
2818 4175 613 63 Wirklichkeitspoesie!

2440 4260 166 52 Nicht
2639 4260 474 63 Gaukelrichtung,

2443 4342 139 52 Nein
2614 4341 578 63 Tatsachendichtung!

2446 4427 149 63 Zeigt
2635 4430 117 47 eine
2791 4425 160 61 Welt,

2446 4509 86 51 die
2564 4509 226 50 Wahres

2574 4592 98 50 Die
2705 4590 326 53 Gebildeten
3058 4608 222 32 unserer
3310 4588 117 51 Zeit
3457 4586 119 52 sind
3602 4605 108 31 nun
3745 4583 193 51 einmal
3969 4583 81 49 für
4082 4580 84 50 die
4201 4579 188 49 Kunst.

2445 4675 184 51 Ueber
2661 4674 185 51 diesen
2876 4673 134 64 Aug.
3040 4672 224 51 Dichter
3296 4669 106 52 und
3436 4673 147 47 seine
3616 4667 174 51 Kunst
3821 4666 221 50 werden
4074 4662 283 51 Aeußerun-

2446 4768 104 53 gen
2579 4755 415 61 veröffentlicht,
3026 4755 85 51 die
3500 4758 161 57 getan
3687 4749 194 51 haben.
3946 4746 138 51 Herr
4115 4744 276 51 Professor

2451 4840 146 52 Silex
2628 4840 255 51 schreibt:
2925 4837 183 62 „Viele
3142 4835 217 65 Kapitel
3390 4836 98 50 der
3526 4833 195 51 Schrift
3757 4832 151 50 Neue
3941 4829 141 52 Note
4119 4826 118 52 sind
4272 4825 120 53 sehr

2890 4921 137 50 Herr
3064 4920 276 50 Professor
3377 4917 89 52 Dr.
3500 4916 212 52 Franke
3752 4913 198 51 Berlin:
3992 4912 89 61 „In
4119 4915 147 46 einer
4305 4919 58 52 ge-

2448 5006 199 50 radezu
2676 5004 453 52 hellseherischen
3158 5001 309 65 Eingebung
3496 5003 70 47 ist
3598 5019 57 31 es
3688 4998 120 50 dem
3838 4995 422 61 scharfsinnigen
4290 4995 101 46 wie

2446 5087 317 64 poetischen
2816 5087 177 50 Autor
3046 5085 275 64 gelungen,
3379 5083 94 51 das
3532 5086 70 46 im
3655 5078 266 52 Hohelied
3977 5076 241 52 Salomes
4273 5092 89 30 ver-

2449 5190 212 31 worren
2694 5168 429 53 schlummernde
3157 5168 310 51 Geheimnis
3501 5184 67 31 zu
3603 5166 303 48 entwirren.
3975 5158 123 53 Und
4135 5158 93 50 das
4262 5156 99 50 Ver-

2446 5253 329 52 blüffendste
2804 5253 166 51 daran
2994 5255 85 57 ist,
3109 5250 101 51 daß
3238 5250 113 51 dies
3381 5252 95 48 mit
3502 5247 118 52 dem
3651 5249 257 60 ureignen
3936 5242 138 51 Text
4102 5240 92 50 der
4224 5237 166 52 Bibel,

2447 5340 50 60 ja
2531 5339 94 49 mit
2662 5336 102 51 den
2799 5334 229 52 Worten
3059 5334 226 50 Luthers
3323 5330 304 65 geschehen
3663 5330 218 57 konnte,
3921 5326 84 50 die
4043 5342 98 31 nur
4174 5321 218 64 gehörig

2452 5418 303 65 umgestellt
2798 5438 63 30 zu
2900 5417 221 51 werden
3157 5414 314 60 brauchten,
3515 5433 88 30 um
3642 5417 132 44 statt
3815 5410 93 51 des
3947 5406 449 62 bisherigen

2450 5502 332 51 Unsinns
2821 5500 260 51 nunmehr
3114 5498 202 52 wieder
3357 5494 364 67 ursprünglich
3760 5492 108 51 und
3920 5489 191 51 höchst
4168 5487 227 51 sinnvoll

2456 5605 92 30 vor
2580 5584 121 51 dem
2733 5588 314 46 erstaunten
3079 5582 303 62 Leserauge
3413 5599 68 31 zu

2587 5666 121 51 Und
2746 5666 146 50 diese
2931 5677 166 53 ganze
3138 5660 582 65 „Entwicklungslehre
3758 5662 54 47 in
3848 5656 207 50 Versen
4093 5657 97 47 mit
4223 5652 139 52 Buch-

2451 5750 257 50 schmuck
2746 5749 106 51 und
3403 5744 183 51 kostet
3622 5760 99 33 nur
3760 5743 132 47 zwei
3931 5737 176 51 Mark.
4179 5736 109 50 Das
4328 5739 68 46 ist

2451 5831 613 63 Wirklichkeitspoesie,
3097 5849 122 32 vom
3252 5828 280 50 Professor
3562 5824 145 51 Silex
3742 5821 329 52 untersucht.

3779 5919 285 51 Herwarth
4101 5915 229 52 Walden
