4617 6228
284 6078 71 34 154

346 146 166 63 Klang

347 226 153 58 WAd

343 312 237 51 erhoben
616 315 83 51 ich
734 315 188 52 Knabe
955 316 137 53 Knie
1128 317 251 52 Andacht
1415 339 96 31 vor
1548 320 97 50 dir!

344 393 183 66 Ersing
567 400 94 48 mir
703 397 83 52 die
826 394 231 56 dunkele
1098 399 150 51 Ruhe
1291 401 91 50 des
1425 402 207 51 Lebens

342 477 180 52 seelen
527 479 305 51 versunken

338 559 231 52 trunken

340 641 90 52 fall
469 644 81 50 ich
589 664 96 30 vor
725 645 192 52 deinen
956 646 195 53 Säulen
1188 652 49 46 in
1280 648 193 52 Schlaf.

338 761 300 54 Schweben
675 767 133 52 über
843 773 97 47 mir
980 770 191 52 Winde

336 849 161 58 grüne
529 846 155 53 deine
716 849 183 65 Bogen
928 852 166 51 falten
1124 857 96 45 mir
1253 853 227 50 Träume
1516 874 91 30 zur
1639 854 187 53 Nacht.

334 1007 98 52 Ein
457 1007 226 51 Mensch

334 1093 46 50 Ö
411 1098 84 49 ich
527 1097 154 66 Kind,

335 1179 238 64 spielend
610 1185 89 49 auf
735 1185 192 52 bunter
963 1187 180 52 Wiese

332 1282 32 29 o
398 1264 86 51 ich
522 1265 240 62 Mensch,

329 1349 281 49 träumend
643 1354 140 46 mein
815 1350 179 52 Leben
1026 1356 78 47 ins
1140 1354 200 53 Nichts,

330 1426 152 64 Erde,

330 1515 94 48 mir
452 1518 51 45 in
535 1513 101 50 den
671 1515 174 50 Schoß
878 1517 228 62 gefallen

329 1598 171 46 meine
535 1594 193 64 Augen
760 1598 172 63 gehen
966 1604 127 47 weit
1130 1620 105 32 von
1271 1601 93 61 dir,

326 1675 259 54 fröstelnd
624 1680 151 51 stehe
813 1680 85 51 ich
936 1686 245 47 inmitten
1221 1685 96 49 der
1359 1685 159 63 Tage.

325 1758 119 51 Alle
476 1759 202 54 Kinder
710 1762 116 51 sind
856 1766 202 49 einsam
1091 1765 215 53 zutiefst

325 1841 105 50 und
467 1841 206 66 spielen
710 1846 92 51 mit
840 1844 94 52 der
971 1850 223 61 eigenen
1231 1846 233 54 Stimme.

325 1923 43 50 0
397 1923 141 51 Kind
565 1930 113 47 sein
708 1928 89 50 auf
825 1928 95 50 der
948 1928 182 52 W'iese
1196 1962 5 8 •

318 2236 252 83 Über
628 2241 612 83 Moralisches

318 2357 230 53 William
580 2359 200 51 Wauer

450 2454 189 62 Moral,
681 2462 100 46 wie
821 2479 119 30 man
980 2466 75 47 sie
1097 2464 255 61 versteht,
1393 2467 68 47 ist
1501 2470 184 46 immer
1728 2465 83 50 die
1854 2466 401 64 Verpflichtung

316 2536 92 50 des
442 2536 271 54 Anderen.

448 2620 106 50 Der
590 2621 218 53 Andere
846 2626 123 49 muß
1008 2627 283 51 moralisch
1330 2634 111 45 sein
1479 2658 61 5 -—
1578 2630 92 50 das
1709 2636 66 45 ist
1817 2633 105 49 und
1961 2633 168 50 bleibt
2169 2634 84 49 die

312 2701 173 52 Moral
514 2724 105 33 von
642 2703 131 54 aller
799 2707 189 52 Moral,

443 2785 224 53 Feinere
716 2788 251 64 Egoisten
1015 2792 174 51 haJben
1240 2795 112 50 sich
1402 2795 164 51 daran
1616 2797 265 62 gewöhnt,
1935 2798 317 50 moralische

303 2867 435 67 Anschauungen
773 2872 82 51 für
891 2873 395 66 minderwertig
1323 2895 65 32 zu
1424 2877 181 52 halten
1641 2879 108 50 und
1786 2882 74 48 sie
1901 2884 78 45 ins
2017 2879 199 52 Aesthe-

303 2950 172 51 tische
507 2961 379 45 umzuwerten.

439 3033 148 52 Aber
618 3039 74 47 sie
723 3038 236 51 erheben
986 3039 239 53 dadurch
1253 3042 145 52 nicht
1426 3043 96 51 das
1552 3043 325 52 Moralische
1906 3049 81 48 ins
2015 3045 200 53 Aesthe-

308 3116 183 61 fische,
530 3121 77 47 sie
645 3120 188 50 ziehen
870 3139 99 32 nur
1006 3121 97 51 das
1141 3122 382 54 Aesthetische
1564 3131 78 46 ins
1686 3126 325 52 Moralische
2053 3128 194 49 hinein«

442 3197 112 52 Wir
590 3199 216 54 können
844 3202 138 52 eben
1019 3203 102 51 alle
1160 3204 147 51 nicht
1347 3224 93 34 aus
1477 3206 121 51 dem
1638 3207 364 52 Moralischen
2038 3210 209 50 heraus.

436 3280 176 53 Moral
642 3288 71 47 ist
745 3285 335 63 eingeboren.

439 3363 85 51 Sie
563 3365 182 52 wuchs
784 3369 54 49 in.
875 3365 102 54 den
1017 3368 296 52 Menschen
1354 3371 192 60 hinein,
1589 3376 74 46 sie
1704 3373 204 50 wächst
1950 3372 164 51 durch
2155 3373 89 51 ihn

304 3443 272 55 hindurch,

435 3526 88 53 Sie
555 3530 223 52 wurzelt
810 3536 68 47 im
910 3533 329 52 Landstrich.

433 3610 101 52 Mit
556 3612 121 52 dem
703 3612 253 53 Erdreich
979 3617 259 51 wechselt
1264 3618 110 51 ihre
1402 3619 602 51 Beschaffenheit-—ihr
2027 3618 215 51 Wesen.

431 3691 131 52 Eine
604 3696 200 49 andere
844 3696 177 52 Moral
1078 3699 165 63 gebar
1287 3699 96 51 der
1422 3700 258 61 Urwald,-
1716 3705 118 47 eine
1896 3701 197 50 andere
2153 3701 85 50 die

297 3773 217 65 Steppe,
546 3780 118 47 eine
698 3778 199 51 andere
925 3779 170 61 Rand,
1126 3779 132 53 Ufer
1289 3783 107 51 und
1426 3782 175 52 Saum,

423 3856 363 67 Eigenartiges
827 3860 232 53 Erleben
1097 3862 194 53 schafft
1333 3863 588 66 Erinnerungsgebilde,
1982 3866 83 51 die
2125 3866 112 50 sich

298 3939 74 51 als
408 3939 366 67 Erfahrungen
810 3947 50 47 in
898 3944 94 50 des
1027 3944 299 52 Menschen
1365 3945 130 52 Hirn
1530 3946 429 64 hineiripflanzen
1998 3948 107 50 und
2144 3967 95 32 aus

290 4022 108 49 Ihm
432 4022 394 54 herausblühen
858 4025 76 52 als
968 4027 450 66 Anschauungen,

424 4104 325 54 Artbildend
784 4109 160 50 wirkt
984 4109 204 63 gleiche
1228 4110 361 66 Befruchtung
1627 4113 88 49 bei
1753 4111 332 54 dauerndem
2123 4111 75 52 An-

291 4190 122 47 reiz.
474 4187 249 53 Moralen
748 4190 172 51 reifen
944 4224 67 5 —
1033 4191 197 51 reiften
1258 4191 236 64 langsam
1521 4199 157 45 unter
1707 4194 104 50 den
1841 4193 250 53 Strahlen
2121 4194 85 50 auf-

289 4269 278 61 gehenden
590 4271 392 53 Bewußtseins.

422 4351 248 54 Moralen
706 4354 117 52 sind
859 4355 228 53 Früchte

422 4435 292 65 Gepflückt
747 4458 122 31 vom
902 4439 200 51 Baume
1140 4441 93 50 der
1269 4441 337 51 Erkenntnis.

422 4518 107 50 Der
559 4518 358 54 menschliche
946 4520 197 66 Kampf
1174 4541 112 32 ums
1319 4522 200 52 Dasein
1544 4524 132 62 paßt
1707 4523 112 51 sich
1850 4528 53 46 in
1933 4522 158 52 Form
2125 4522 105 51 und

293 4598 166 53 Farbe
502 4605 179 48 seiner
721 4601 314 67 Umgebung
1080 4623 81 33 an.

421 4683 339 53 Besonderer
793 4685 195 65 Zwang
1018 4687 97 52 der
1144 4686 291 66 Erhaltung
1468 4687 152 52 schuf
1650 4687 300 52 besondere
1981 4685 249 65 Haltung.

424 4766 68 50 So
521 4767 164 62 gebar
712 4767 96 50 der
835 4767 220 53 Urwald
1081 4768 105 53 den
1215 4768 164 65 Jäger
1405 4802 68 8 —
1500 4789 59 34 so
1590 4780 159 53 erzog
1776 4768 87 53 die
1893 4768 203 65 Steppe
2126 4767 104 53 den

291 4848 200 63 Hirten,
546 4868 58 31 so
640 4848 182 52 lockte
863 4850 95 51 der
995 4850 327 63 Waldsaum,
1381 4852 93 51 das
1517 4851 148 61 Ufer,
1719 4851 96 52 der
1855 4852 375 65 Steppenrand

284 4948 117 32 zum
425 4930 209 53 Anbau.

413 5011 341 54 Geschieden
783 5019 53 47 in
866 5015 167 51 ihrem
1066 5015 228 53 Können
1322 5046 59 6 —
1413 5016 353 53 verschieden
1797 5022 56 48 in
1878 5018 169 51 ihrem
2078 5017 111 53 Wol-

286 5093 101 60 len,
431 5096 314 52 erwuchsen
784 5116 61 32 so
888 5097 111 52 drei
1041 5098 281 65 Artungen
1364 5118 94 33 aus
1503 5098 97 53 der
1637 5098 255 53 Notdurft
1936 5099 96 53 des
2073 5099 117 52 Men-

284 5175 164 53 schen
475 5178 107 50 und
607 5179 94 51 der
731 5178 356 65 Gelegenheit
1113 5181 95 51 des
1240 5181 146 52 Orts:

415 5258 109 52 Der
548 5260 176 64 Jäger.

414 5341 110 52 Der
554 5342 133 54 Hirt,

415 5424 109 52 Der
560 5425 190 55 Bauer,

413 5507 194 66 Zwang
644 5509 152 52 schuf
842 5511 339 64 Gegensätze
1224 5546 67 5 —
1335 5512 383 65 Entfremdung
1762 5514 280 50 verwirrte
2090 5512 98 51 Ver-

280 5590 188 52 stehen
496 5621 60 5 —
584 5591 358 54 Gewohnheit
979 5594 77 52 riß
1090 5594 292 65 Abgründe
1418 5596 105 52 auf.

405 5672 81 52 Da
525 5674 168 50 fändet
732 5673 143 53 Eifer
910 5676 107 51 und
1054 5677 320 52 Uebereifer
1414 5678 157 52 keine
1612 5679 210 53 Brücke
1864 5681 150 52 mehr

411 5754 119 52 Und
563 5755 95 54 der
692 5755 219 55 verliert
946 5757 105 54 den
1082 5759 150 65 Weg,
1271 5759 95 52 der
1401 5766 178 58 meint,
1620 5761 102 53 daß
1756 5761 99 56 das
1890 5763 326 53 Moralische

281 5838 83 46 ein
418 5840 69 47 im
541 5837 234 53 Jenseits
832 5840 366 62 verankertes,
1259 5840 158 53 allein
1474 5844 456 64 seligmachendes
1991 5846 226 52 Schema

281 5921 138 44 wäre
454 5951 65 6 —

2665 162 176 63 Jäger,

2670 245 129 50 Hirt.

2664 327 190 52 Bauer.

2665 410 165 50 Jeder
2870 412 165 52 kennt
3079 420 84 46 ein
3203 416 226 50 anderes
3472 417 227 60 Wissen,
3742 417 146 62 jeder
3932 417 137 52 lehrt
4111 422 118 49 eine
4274 421 198 50 andere

2529 490 277 65 Weisheit,
2837 493 149 64 jeder
3016 495 202 65 huldigt
3251 502 145 46 einer
3430 499 236 49 anderen
3697 499 190 60 Moral,
3921 499 148 65 jeder
4101 501 152 52 betet
4284 521 67 33 zu
4383 523 60 31 an-

2530 573 165 52 deren
2735 574 245 54 Göttern,

2666 658 145 51 Viele
2848 659 194 51 Götter
3078 662 217 52 verehrt
3329 662 95 52 der
3458 663 177 51 Bauer
3667 697 68 6 —
3770 668 75 47 sie
3883 664 230 52 wohnen
4147 686 87 31 um
4271 668 105 60 ihn,
4414 688 57 30 er

2526 738 90 51 hat
2647 740 114 51 Zeit
2791 760 64 32 zu
2882 741 199 54 Kulten
3113 744 107 51 und
3251 745 368 52 Zeremonien.

2661 822 105 51 Der
2796 823 175 52 Bauer
3002 824 168 66 pflegt
3198 830 149 50 seine
3379 827 211 53 Götter.

2659 904 68 50 Er
2764 905 123 64 hegt
2920 909 265 61 geweihte
3224 908 150 54 Orte.
3410 910 70 50 Er
3517 910 130 52 baut
3683 912 159 52 ihnen
3881 913 221 66 Tempel
4139 917 106 50 und
4281 917 186 51 Dome.

2658 986 189 65 Wenig
2876 989 193 52 Götter
3094 991 191 52 führen
3310 993 102 52 den
3439 992 190 53 Hirten
3654 1028 67 6 —
3743 994 144 51 denn
3914 1016 56 29 er
3997 998 180 50 mußte
4207 1002 108 47 sie
4343 1004 124 45 mit

2523 1069 160 50 sich
2716 1069 287 54 führen.

2654 1150 265 55 Leicht
2966 1156 354 52 mitzuführen
3367 1163 215 47 müssen
3627 1159 370 65 Hirtengötter
4047 1166 130 48 sein:
4229 1167 100 46 wie
4378 1163 86 50 die

2517 1231 252 63 Plamme,
2800 1235 131 50 oder
2961 1236 450 68 allgegenwärtig:
3441 1246 101 47 wie
3572 1243 85 51 die
3688 1242 265 52 Gestirne.

2647 1315 102 51 Am
2785 1317 191 52 besten
3012 1320 128 50 aber
3171 1325 66 46 ist
3276 1327 116 45 ein
3426 1323 133 51 Gott
3592 1358 68 6 —
3693 1328 120 48 ein
3848 1325 202 52 Führer
4086 1356 61 4 —
4182 1331 119 46 ein
4337 1327 96 52 Mit-

2520 1397 284 62 geführter,

2653 1479 107 51 Der
2797 1482 118 52 Hirt
2953 1485 176 62 opfert
3166 1491 203 46 seinem
3407 1487 181 53 Gotte,

2651 1562 68 51 Er
2751 1563 130 52 liebt
2915 1564 253 66 Prediger
3199 1570 53 49 in
3285 1569 94 51 der
3408 1568 192 53 Wüste
3633 1572 109 51 und
3771 1572 195 66 heilige
3997 1573 230 52 Stätten.

2649 1645 106 51 Des
2782 1646 188 65 Jägers
2996 1648 195 52 Götter
3216 1650 118 51 sind
3358 1656 148 46 seine
3531 1653 284 64 Begleiter.
3876 1654 88 53 Sie
3991 1662 216 49 müssen
4231 1662 95 46 mit
4354 1658 106 50 ihm

2513 1725 186 62 gehen,
2724 1747 36 31 n
2778 1729 184 51 eben
2988 1731 107 49 ihm
3120 1732 187 64 gehen.
3367 1733 210 65 Tragen
3603 1736 145 52 kann
3775 1756 56 32 er
3860 1741 77 48 sie
3962 1758 115 41 nur,
4107 1758 158 32 wenn
4295 1758 57 32 er
4382 1743 75 48 sie

2513 1812 16 45 i
2549 1827 32 30 n
2617 1809 112 50 sich
2761 1815 160 59 trägt:
2958 1833 58 30 so
3053 1814 180 52 mußte
3267 1835 58 33 er
3360 1820 184 48 seinen
3581 1816 132 53 Gott
3748 1819 441 53 verinnerlichen.

2647 1891 107 50 Der
2782 1892 165 64 Jäger
2975 1896 157 53 feiert
3160 1896 151 53 Gott.

2647 1974 107 51 Der
2786 1976 162 63 Jäger
2980 1977 169 53 findet
3179 1979 133 52 Gott
3345 1985 53 47 in
3428 1982 94 51 der
3554 1982 184 52 Natur.

2644 2056 96 52 Ein
2777 2057 382 66 Einzelgänger
3195 2067 66 44 ist
3297 2062 97 51 der
3431 2063 163 65 Jäger
3630 2066 102 50 und
3776 2071 171 59 wenig
3985 2087 96 30 nur
4119 2073 237 60 verträgt
4399 2089 55 30 er

2511 2138 308 53 Gefährten.

2644 2221 107 51 Der
2781 2223 151 52 liirte
2964 2225 130 51 aber
3128 2227 158 51 wirkt
3318 2233 53 47 in
3404 2229 93 50 der
3528 2229 422 64 Gemeinschaft,
3986 2253 55 30 er
4075 2237 68 47 ist
4179 2235 274 51 fruchtbar

2508 2304 106 49 und
2645 2307 148 48 seine
2828 2305 298 59 Sicherheit
3156 2310 206 52 wächst
3395 2317 94 48 mit
3522 2311 94 52 der
3647 2312 213 53 Men^e.

2643 2386 105 51 Der
2781 2387 175 52 Bauer
2990 2389 184 53 duldet
3207 2411 100 31 nur
3341 2393 288 52 Nachbarn
3664 2395 108 52 und
3807 2400 117 48 sein
3954 2396 269 53 Rückhalt
4258 2403 69 47 ist
4367 2399 84 51 die

2507 2467 312 53 Gemeinde.
2886 2470 89 51 Sie
3006 2475 67 49 ist
3103 2474 137 50 auch
3271 2479 145 47 seine
3448 2475 312 63 Rücksicht,
3788 2481 115 49 sein
3933 2478 190 53 Urteil.

2639 2550 234 53 Deshalb
2900 2555 143 52 steht
3071 2555 92 51 des
3188 2556 213 53 Bauern
3424 2557 178 54 Moral
3626 2562 142 51 beim
3793 2560 298 53 Nachbarn.
4121 2562 329 53 Aeußerlich

2503 2632 161 51 leicht
2688 2634 326 64 verletzlich,
3044 2638 234 52 fürchtet
3305 2660 58 31 er
3387 2639 223 52 Klatsch
3634 2642 109 51 und
3770 2642 250 54 Skandal.
4079 2644 210 52 Durchs
4313 2644 103 52 Fen-

2503 2724 110 42 ster
2651 2717 109 51 läßt
2799 2738 57 30 er
2892 2720 111 49 sich
3037 2720 149 51 nicht
3224 2723 250 61 schauen,
3514 2724 143 50 denn
3692 2744 112 32 was
3842 2729 52 46 in
3931 2729 204 48 seinem
4174 2727 147 52 Haus
4359 2740 60 51 ge-

2501 2798 221 63 schieht,
2751 2804 67 46 ist
2843 2819 23 31 s
2890 2820 28 31 e
2939 2804 16 47 i
2973 2821 34 30 n
3028 2823 30 29 e
3088 2802 189 53 Sache.

2637 2880 68 51 Er
2739 2882 111 52 hält
2889 2884 88 50 auf
3014 2884 155 52 Ehre.
3437 2887 164 52 letzte
3640 2890 440 65 Rechtfertigung
4118 2895 68 47 ist
4223 2892 89 51 die
4350 2912 97 31 vor

2501 2967 199 46 seinem
2737 2963 300 54 Nachbarn.
3069 2987 6 9 *

2633 3045 381 54 Bauernmoral
3054 3050 105 51 ruft
3193 3053 140 50 nach
3368 3051 357 55 Gottesurteil
3760 3058 108 50 und
3899 3055 174 52 Duell.

2634 3128 313 54 Schlechtes
2992 3132 282 52 Gewissen
3319 3135 180 53 macht
3539 3136 91 52 ihn
3672 3155 120 33 zum
3837 3137 284 54 Heuchler.

2499 3209 360 55 Hirtenmoral
2899 3216 71 48 ist
3010 3220 236 59 weniger
3289 3224 195 57 streng.
3562 3218 108 52 Hat
3712 3218 95 52 der
3848 3219 121 52 Hirt
4014 3220 111 52 sich
4168 3220 272 64 irgendwo

2500 3292 298 64 unmöglich
2840 3295 246 63 gemacht
3128 3298 143 51 zieht
3313 3319 60 30 er
3416 3304 205 48 weiter.
3700 3301 94 52 Ihn
3853 3301 188 53 fesselt
4097 3303 192 61 nichts,
4353 3304 91 50 ihn

2495 3374 260 52 schändet
2786 3377 189 52 nichts.
3042 3378 71 52 Er
3146 3379 222 52 rechnet
3399 3384 96 50 mit
3527 3381 304 66 Vergessen
3863 3384 109 52 und
4004 3384 298 65 Vergeben.
4372 3385 68 51 Er

2495 3457 167 51 kennt
2707 3457 85 52 die
2837 3458 212 67 Menge.
3126 3461 159 52 Seine
3330 3463 226 65 Strenge
3602 3464 112 52 lebt
3760 3469 55 48 in
3859 3466 94 51 der
3997 3466 236 52 Familie.
4314 3467 125 52 Sein

2492 3539 115 52 Zelt
2641 3540 112 51 hält
2789 3563 57 30 er
2879 3547 130 48 rein.

2622 3623 196 52 Schuld
2845 3625 179 53 macht
3057 3626 103 52 den
3188 3627 191 52 Hirten
3409 3635 181 45 unstet
3616 3629 109 52 und
3754 3629 232 66 flüchtig.

2627 3705 105 51 Der
2771 3707 160 63 Jäger
2968 3713 68 46 ist
3075 3709 97 51 der
3207 3710 183 51 tiefste
3427 3710 267 53 Moralist:
3706 3724 5 17 1
3736 3712 90 51 ihn
3864 3713 194 51 richtet
4098 3714 127 51 kein
4261 3714 141 51 Nach-

2490 3787 110 60 bar,
2632 3788 105 51 ihm
2767 3795 150 46 nützt
2949 3790 159 51 keine
3136 3790 209 62 Flucht;
3381 3812 58 32 er
3470 3797 70 48 ist
3575 3795 111 50 sich
3717 3794 169 53 selbst
3916 3794 223 53 Richter
4170 3798 108 51 und
4309 3795 96 52 Klä-

2488 3880 106 52 ger.
2660 3871 249 52 Anderer
2937 3872 254 66 Meinung
3220 3874 267 52 kümmert
3519 3875 91 52 ihn
3637 3877 161 51 nicht.
3864 3877 122 51 Und
4017 3897 58 32 so
4107 3881 70 49 ist
4210 3898 58 30 er
4299 3878 134 51 auch

2489 3951 94 50 der
2624 3952 20 50 I
2665 3954 421 52 mmoralist
3126 3961 70 47 im
3236 3955 162 54 Sinne
3437 3957 96 52 der
3572 3957 275 54 Anderen.

2615 4033 217 53 Zerfällt
2862 4037 94 51 der
2989 4037 163 64 Jäger
3185 4044 94 46 mit
3312 4039 127 60 sich,
3475 4040 130 51 wird
3644 4062 58 31 er
3732 4041 339 52 Verbrecher
4102 4077 68 5 —

2619 4117 153 51 Denn
2809 4118 95 52 der
2940 4120 164 63 Jäger
3140 4121 167 50 kennt
3345 4122 161 49 keine
3577 4127 235 50 Gesetze
3846 4141 128 34 —'er
4013 4126 127 50 haßt
4180 4125 251 52 Gesetze.

2484 4198 68 50 Er
2594 4204 67 47 ist
2699 4199 305 54 Anarchist.

2616 4281 106 52 Der
2755 4283 151 51 Hirte
2939 4287 214 61 umgeht
3185 4287 84 51 die
3303 4287 251 61 Gesetze,
3587 4289 85 51 die
3704 4309 57 31 er
3795 4289 199 52 achtet.
4027 4288 72 51 Er
4128 4292 68 47 ist
4226 4289 203 53 liberal.

2619 4363 108 51 Der
2761 4364 176 53 Bauer
2970 4366 132 53 liebt
3139 4367 251 53 Gesetze.
3461 4369 70 52 Er
3565 4375 68 47 ist
3666 4371 364 53 konservativ.

2617 4446 361 54 Konservativ
3015 4453 71 49 ist
3126 4450 95 52 der
3256 4451 194 52 Bauer:
3491 4452 262 62 Erhalter,
3794 4453 143 53 denn
3976 4474 60 32 er
4073 4454 211 52 besitzt.

2619 4529 119 51 Und
2771 4530 128 52 alles
2934 4531 134 52 wird
3101 4533 106 51 ihm
3241 4533 194 53 Besitz.

2616 4612 185 51 Macht
2833 4617 69 49 ist
2933 4618 114 48 sein
3076 4615 240 65 Ehrgeiz,
3349 4616 85 52 die
3467 4618 111 52 sich
3605 4622 71 46 im
3708 4618 179 52 Besitz
3920 4618 286 53 offenbart.

2617 4693 108 52 Der
2771 4695 117 51 Hirt
2937 4695 242 66 verlangt
3226 4697 268 63 Chancen,
3540 4699 145 52 denn
3732 4720 60 30 er
3835 4700 111 51 will
3991 4704 281 61 gewinnen
4319 4701 107 50 und

2480 4775 229 53 Schätze
2741 4777 212 52 häufen.

2616 4857 120 53 Und
2774 4860 131 52 alles
2946 4863 132 50 wird
3115 4863 108 50 ihm
3263 4883 119 31 zum
3423 4863 210 53 Schatz.

2613 4940 282 53 Reichtum
2932 4948 70 47 ist
3036 4948 149 48 seine
3219 4944 145 63 Gier,
3401 4945 103 52 den
3541 4966 59 31 er
3633 4949 253 63 verbirgt.

2610 5023 109 52 Der
2748 5025 163 64 Jäger
2945 5026 152 52 sucht
3125 5027 190 53 Beute.

2615 5105 119 52 Und
2777 5107 128 52 alles
2949 5109 132 51 wird
3124 5109 105 51 ihm
3268 5130 94 32 zur
3402 5110 185 53 Beute.
3628 5142 61 5 —
3729 5111 213 65 Erlegte
3986 5112 171 52 Beute
4202 5113 220 51 verliert

2477 5187 105 52 ihm
2617 5187 104 53 den
2753 5189 170 54 Wert.
3027 5206 5 17 1

2608 5269 100 53 Die
2740 5272 140 64 Jagd
2909 5279 68 46 ist
3009 5279 149 47 seine
3190 5275 394 63 Leidenschaft,
3616 5278 93 51 das
3745 5277 317 52 Abenteuer
4095 5280 147 48 seine
4275 5277 144 51 Lust.

2609 5353 70 53 So
2716 5354 171 53 bleibt
2921 5357 95 50 der
3052 5358 165 63 Jäger
3247 5357 272 55 besitzlos.

2608 5435 69 51 Er
2707 5440 70 50 ist
2810 5437 92 52 der
2936 5437 233 65 Idealist,
3202 5441 95 50 der
3327 5441 272 61 Träumer,
3629 5441 100 51 der
3760 5441 255 53 Künstler
4049 5480 12 14 .
4098 5480 13 14 .
4148 5479 15 15 *

2606 5519 110 52 Der
2745 5520 119 52 Hirt
2896 5524 68 49 ist
2995 5520 326 54 Materialist
3349 5556 68 6 —
3450 5523 96 51 der
3577 5523 271 53 Genießer
3881 5556 67 6 —
3980 5523 94 52 der
4105 5523 312 52 Faulenzer,

2605 5601 112 53 Der
2745 5602 176 52 Bauer
2951 5608 69 48 ist
3049 5603 205 54 Realist
3279 5635 61 5 —
3370 5605 97 51 der
3499 5606 131 51 Säer
3660 5606 109 51 und
3795 5606 193 50 Ernter
4016 5639 69 6 —
4114 5604 96 52 der
4241 5605 176 52 Bauer

3905 5661 9 11 \

2472 5684 108 52 tind
2617 5684 215 52 Aufbau
2840 5706 73 32 er.

2598 5766 107 52 Des
2740 5768 190 64 Jägers
2962 5769 204 53 Rasten
3196 5771 148 51 heißt
3379 5771 316 65 Schweigen
3728 5771 109 51 und
3866 5771 253 51 Grübeln.

2605 5849 108 52 Des
2749 5850 191 52 Hirten
2971 5851 181 53 Laune
3186 5886 70 6 —
3288 5851 320 53 Schwatzen
3642 5852 107 52 und
3782 5852 365 54 Kalkulieren.

2602 5932 109 52 Des
2745 5932 212 55 Bauern
2995 5934 355 53 Zeitvertreib
3385 5964 60 4 —
3478 5934 235 53 Trinken
3752 5935 107 52 und
3894 5935 385 52 Räsonmeren.
