4800 7018
361 6382 43 39 14

363 572 250 53 tenlocke
653 572 201 53 könnte
895 571 140 51 dann
1073 574 128 47 weit
1240 569 189 51 besser
1467 587 65 32 zu
1573 585 214 33 unserm
1827 564 155 63 Auge
2026 562 279 64 sprechen,

359 661 120 52 Wie
515 659 221 53 wollten
771 663 96 47 wir
906 657 140 52 dann
1082 659 72 48 im
1195 654 142 52 Takt
1372 658 95 47 mit
1506 657 201 48 seinem
1744 649 166 52 Stabe
1949 647 122 50 teils
2108 646 196 64 jubeln,

362 743 119 52 teils
519 742 194 53 leiden.
785 741 167 51 Jeder
989 740 193 50 Irrtum
1222 743 146 47 wäre
1409 734 458 67 ausgeschlossen.
1941 730 114 52 Seit
2093 729 83 50 ich
2214 727 93 52 ihn

360 826 252 64 gesehen,
652 824 157 66 glaub
847 823 86 51 ich
971 822 148 51 nicht
1160 820 151 52 mehr
1348 819 130 53 taub
1517 837 65 32 zu
1623 820 131 48 sein.
1861 814 99 51 Die
2000 812 170 63 Frage
2210 809 95 52 der

359 909 325 63 Drehungen
723 907 124 51 muß
895 905 366 64 aufgeworfen
1302 902 235 52 werden.
1615 900 180 50 Damit
1841 897 86 51 die
1968 893 307 53 Musikkriti-

360 993 99 51 ker
493 990 210 53 endlich
737 989 257 62 sehen,
1028 1008 115 31 was
1181 986 182 52 Musik
1399 988 85 48 ist.
1585 981 166 52 Jeder
1788 980 189 52 Irrtum
2011 981 70 48 ist
2118 985 157 54 ausge-

360 1073 293 53 schlossen.
722 1072 117 53 Wie
881 1071 157 53 sollte
1076 1072 95 50 der
1207 1066 411 55 Musikkritiker
1661 1070 150 46 sonst
1845 1065 215 56 wissen,
2102 1059 68 51 ob
2211 1056 96 51 der

359 1157 203 50 Pianist
600 1155 86 52 die
723 1154 199 52 Pedale
960 1155 190 63 richtig
1187 1156 132 55 tritt,
1358 1168 158 33 wenn
1557 1166 123 33 man
1716 1145 107 53 ihm
1871 1143 150 52 nicht
2073 1141 90 51 auf
2218 1139 86 52 die

359 1240 147 51 Füße
545 1239 166 52 sehen
751 1238 160 51 kann.
980 1237 121 52 Wie
1138 1237 143 50 kann
1319 1233 95 51 der
1450 1228 415 54 Musikkritiker
1901 1231 152 48 sonst
2091 1227 214 55 wissen,

361 1322 69 52 ob
458 1324 85 52 die
569 1321 259 65 Sängerin
851 1324 95 48 mit
974 1318 156 53 Seele
1157 1321 151 60 singt,
1333 1333 159 34 wenn
1519 1333 57 31 er
1599 1311 146 53 nicht
1770 1310 86 51 die
1885 1307 421 59 Erschütterung

361 1404 94 53 des
485 1405 206 52 Busens
723 1404 151 52 sieht.
935 1403 70 53 Es
1033 1401 110 64 gibt
1172 1400 138 51 eben
1338 1393 318 63 Merkmale,
1687 1393 85 51 die
1804 1411 59 33 so
1890 1392 174 61 wenig
2092 1408 65 31 zu
2185 1405 91 31 ver-

359 1488 217 52 kennen
607 1486 133 62 sind,
773 1486 101 52 daß
906 1485 168 51 selbst
1103 1486 84 48 ein
1215 1477 413 55 Musikkritiker
1657 1475 113 53 sich
1797 1473 148 52 nicht
1971 1475 145 49 irren
2144 1470 161 50 kann.

360 1571 110 53 Das
498 1574 71 48 ist
598 1570 95 51 der
723 1569 273 52 bekannte
1027 1566 178 62 Drang
1233 1563 138 51 nach
1402 1558 378 55 Sichtbarkeit.
1846 1556 324 60 Weswegen
2202 1551 104 51 den

361 1654 210 52 Herren
608 1651 449 52 Musikkritikern
1100 1646 136 52 auch
1277 1649 187 47 immer
1508 1642 85 52 die
1636 1646 182 46 ersten
1855 1637 210 52 Reihen
2098 1639 61 50 ftn
2202 1632 104 52 den

360 1734 391 54 Konzertsälen
789 1729 354 55 vorbehalten
1184 1728 131 52 sind.
1388 1727 323 61 Weswegen
1751 1723 85 50 die
1881 1720 175 51 Herrn
2097 1715 174 53 Musik-

359 1819 229 52 kritiker
629 1817 111 52 sich
779 1815 134 52 auch
950 1818 53 47 in
1039 1813 105 51 den
1177 1808 395 54 verdunkelten
1608 1802 392 55 Konzertsälen
2041 1799 262 52 fürchten.

359 1903 155 50 Denn
539 1906 69 46 im
633 1897 250 53 Dunkeln
907 1897 144 51 kann
1077 1913 125 33 man
1228 1890 269 62 munkeln,
1524 1895 103 46 wie
1656 1889 94 51 der
1776 1886 220 53 Dichter
2023 1889 131 57 sagt.
2182 1878 124 53 Und

363 1983 85 52 die
486 1981 411 52 Musikkritiker
938 1984 215 46 müssen
1192 1976 111 51 sich
1342 1975 138 51 eben
1520 1993 83 31 am
1643 1971 165 52 Stabe
1849 1972 54 48 in
1943 1967 85 51 die
2064 1963 239 53 beliebte

361 2064 303 55 Kunstwelt
700 2064 189 51 führen
925 2061 194 53 lassen.
1193 2059 87 51 Sie
1322 2056 196 52 wollen
1557 2055 113 51 sich
1711 2052 264 52 durchaus
2013 2047 149 53 nicht
2201 2045 104 51 den

361 2149 130 51 Stab
524 2167 94 32 aus
652 2148 104 50 den
784 2144 228 52 Händen
1043 2141 250 64 schlagen
1322 2139 194 52 lassen.
1579 2137 89 50 Sie
1698 2133 182 53 fühlen
1912 2132 111 52 sich
2059 2136 149 46 sonst
2239 2146 68 32 an

363 2232 94 51 der
492 2231 143 50 Nase
670 2228 225 66 geführt.
965 2226 153 51 Zwar
1155 2227 72 50 ist
1265 2223 84 51 die
1385 2221 143 51 Nase
1566 2218 136 52 auch
1741 2221 87 49 ein
1864 2209 441 67 Gesichtspunkt.

363 2314 89 52 Sie
488 2318 142 59 trägt
663 2317 53 47 in
751 2311 104 51 den
886 2313 229 48 meisten
1147 2305 184 52 Fällen
1370 2304 85 51 die
1490 2301 178 61 Brille,
1704 2299 85 52 die
1824 2298 97 52 das
1955 2295 155 63 Auge
2144 2292 160 51 führt.

359 2397 154 50 Zwar
545 2394 117 53 sind
691 2393 240 51 Kritiker
961 2390 108 52 und
1097 2390 217 51 Kenner
1346 2391 224 60 empört,
1601 2402 157 33 wenn
1789 2387 144 44 etwa
1965 2380 86 49 ein
2082 2375 223 52 Dichter

359 2480 307 63 behaupten
696 2475 200 61 würde,
928 2474 102 51 daß
1066 2493 56 31 er
1152 2474 95 48 mit
1279 2469 104 51 den
1413 2469 192 62 Augen
1634 2466 138 50 hört.
1834 2463 101 50 Die
1971 2460 209 51 Herren
2210 2457 96 62 be.-

359 2564 238 63 haupten
631 2561 154 59 dann,
823 2558 94 52 das
950 2557 179 50 könne
1168 2573 122 32 man
1325 2552 164 51 nicht.
1559 2548 131 51 Man
1723 2544 230 65 begreift
1986 2545 145 61 jetzt,
2166 2558 104 32 wes-

359 2646 125 50 halb
513 2653 74 43 sie
618 2663 56 32 es
703 2642 325 63 behaupten.
1091 2638 88 51 Sie
1206 2634 197 53 wollen
1432 2652 144 31 zwar
1603 2629 147 54 nicht
1778 2628 149 51 diese
1955 2624 189 59 Kunst,
2176 2621 129 52 aber

360 2729 149 51 diese
538 2727 103 51 Art
672 2724 177 51 Kritik
878 2724 82 49 für
991 2722 112 50 sich
1133 2717 270 54 behalten.
1471 2711 297 56 Jedenfalls
1801 2715 216 46 müssen
2049 2709 97 47 wir
2184 2703 121 52 dem

358 2811 238 52 Kritiker
631 2809 93 51 der
752 2805 328 53 Vossischen
1110 2803 222 60 Zeitung
1363 2797 241 53 dankbar
1635 2797 127 58 sein,
1795 2792 102 52 daß
1927 2810 58 31 er
2014 2808 99 31 uns
2148 2790 157 47 einen

359 2890 427 65 Gesichtspunkt
820 2893 56 49 in
914 2889 93 49 das
1046 2879 602 67 Gefühlsfragezeichen
1685 2877 95 50 der
1817 2869 359 57 Berufskritik
2215 2878 60 54 ge-

360 2983 137 46 setzt
529 2976 108 51 hat.
706 2973 130 51 Man
867 2970 135 52 wird
1035 2973 53 48 in
1121 2965 233 53 Zukunft
1387 2963 88 53 auf
1512 2961 104 52 den
1646 2959 209 51 Namen
1892 2955 173 53 dieses
2104 2950 168 53 Schau-

359 3060 254 52 kritikers
657 3057 133 50 Max
833 3050 310 55 Marschalk
1187 3049 178 49 neben
1443 3045 105 51 den
1592 3042 208 51 Namen
1845 3038 93 51 der
1988 3033 317 54 bewährten

362 3141 479 62 Schaudirigenten
896 3136 216 51 offenen
1160 3131 183 64 Auges
1394 3126 108 54 und
1552 3122 341 65 verstopften
1944 3119 173 51 Ohres
2167 3114 110 52 blik-

359 3226 108 51 ken
495 3230 229 45 müssen.

1681 3286 288 54 Herwarth
2005 3281 231 53 Walden

359 3632 222 80 Deri
598 3661 132 51 oder
759 3659 373 52 Kunstkabale
1159 3657 108 53 und
1294 3657 356 51 Liebermann

357 3812 530 64 Bürgerliches
929 3807 508 66 Trauerspiel
1474 3812 69 46 in
1578 3815 162 43 vier
1777 3804 251 51 Akten

361 3922 275 51 Personen

495 4019 99 50 Die
622 4017 258 51 Derische
912 4014 521 65 Kunstpsychologie

492 4115 100 51 Die
624 4113 498 64 Kunstgeschichte,
1155 4111 187 52 beider
1375 4110 350 52 Stieftochter

492 4210 368 63 Liebermann,
890 4213 86 47 ein
1001 4209 174 51 Maler

490 4305 101 51 Die
627 4304 188 62 Kunst,
852 4309 115 50 sein
999 4305 306 53 Verhältnis

493 4400 125 52 Prof
642 4437 24 24 *
705 4403 94 50 der
841 4402 502 64 Kunstgeschichte,
1387 4403 337 61 Backfische,
1773 4402 282 52 Publikum

492 4542 135 52 Zeit:
654 4542 298 61 Mittwoch,
984 4543 102 50 den
1112 4547 46 49 6.
1180 4543 156 51 März

492 4664 118 52 Ort:
647 4666 218 52 Inneres
900 4666 95 54 des
1028 4668 409 54 Cassirerschen
1469 4671 404 64 Kunsttempels

356 4828 22 51 I

355 4940 140 52 Der
512 4950 16 44 i
554 4962 10 31 :

487 5024 100 52 Die
620 5025 256 52 moderne
912 5027 175 52 Kunst
1123 5029 312 53 entwickelt
1472 5031 113 50 sich
1620 5049 93 33 aus
1753 5031 121 51 dem
1909 5031 391 53 Naturalismus

355 5117 99 54 Die
488 5119 49 52 K
556 5124 652 62 unstgeschichte
1247 5125 208 64 (horcht
1490 5126 107 64 auf)

355 5213 99 51 Die
487 5216 375 53 Derische
896 5220 767 66 Kunstpsychologie
1737 5224 277 64 (schmiegt
2085 5225 112 51 sich
2232 5244 66 31 an

489 5298 131 65 ihn):
659 5301 110 50 Der
802 5302 254 51 Künstler
1090 5307 71 49 ist
1197 5309 85 47 ein
1316 5304 226 52 Mensch
1580 5309 102 49 wie
1716 5309 113 49 wir.
1934 5307 115 51 Wir
2084 5312 216 46 müssen

493 5380 243 55 dahinter
769 5386 267 51 kolmmen.

421 5457 26 11 .JTf

357 5474 110 53 Das
504 5477 882 58 Liebermannlichtbild
1429 5484 222 64 (kommt
1690 5484 173 65 gleich
1903 5485 262 65 dahinter)

356 5570 140 52 Der
511 5574 18 48 i
555 5593 10 30 :

491 5654 132 52 Man
651 5658 122 49 muß
802 5679 57 32 es
886 5660 195 64 fühlen,
1114 5663 135 51 auch
1281 5683 158 32 wenn
1465 5684 123 32 man
1616 5684 56 32 es
1699 5666 147 51 nicht
1875 5667 197 61 wttßte,
2102 5686 60 32 so
2192 5667 107 51 und

490 5737 148 50 nicht
670 5739 191 52 anders
890 5743 220 51 werden
1142 5745 180 51 Gänse
1354 5747 212 64 gerupft

355 5829 101 53 Die
488 5832 456 56 Backfische
979 5839 226 63 (lächeln
1238 5842 435 64 geschmeichelt)

355 5927 210 55 Deri:

489 6010 164 54 Diese
692 6012 260 54 Malerart
997 6019 291 52 verfeinert
1334 6022 111 51 sich
1486 6022 150 51 mehr
1678 6022 108 52 und
1831 6022 165 53 mehr.
2074 6023 123 51 Und
2239 6043 57 32 es

492 6094 285 52 entstehen
812 6096 85 52 die
932 6097 355 55 Manetschen
1323 6103 378 66 Schöpfungen

355 6188 99 54 Die
487 6190 50 52 K
552 6192 631 64 unstgeschichte
1221 6199 195 62 (rechts
1454 6201 86 62 ab)

2548 559 110 51 Das
2694 559 36 50 L
2752 562 17 48 i
2790 557 122 52 cht
2931 558 35 51 b
2986 560 15 49 i
3022 557 16 51 1
3059 557 34 51 d
3133 556 112 65 (hat
3281 556 112 51 sich
3429 554 178 53 derart
3646 553 309 60 verfeinert,
3998 550 102 53 daß
4135 549 173 53 nichts
4348 549 151 50 mehr

2686 661 66 32 zu
2780 642 168 50 sehen
2975 643 88 62 ist)

2548 738 98 53 Die
2681 737 366 52 Derische
3081 731 784 68 Kunstpsychologie:

2683 821 108 51 Das
2825 820 119 51 sind
2972 820 85 52 die
3088 819 250 52 Grenzen
3371 816 94 52 der
3496 814 230 52 Malerei

2547 1039 46 51 II

2546 1149 209 51 Deri:

2684 1232 148 51 Jetzt
2862 1231 206 52 kommt
3099 1229 94 52 der
3222 1229 105 52 Ruf
3356 1229 138 51 nach
3522 1226 159 53 Kraft

2547 1327 109 51 Der
2684 1327 134 50 Ruf
2848 1326 130 65 (läßt
3008 1327 112 51 sich
3149 1325 419 64 entschuldigen,
3602 1344 60 32 er
3689 1327 69 48 ist
3789 1340 66 32 zu
3886 1318 168 54 Schiff
4081 1316 139 53 nach
4249 1315 176 62 Kraft)

2549 1422 209 52 Deri:

2688 1505 127 51 Man
2848 1504 109 51 will
2991 1504 203 51 wieder
3232 1510 168 45 etwas
3433 1499 462 66 Handgreifliches
3934 1496 109 53 und
4076 1494 182 54 macht
4294 1511 57 32 es
4391 1494 107 50 wie

2691 1588 83 51 die
2818 1586 218 51 kleinen
3082 1585 221 52 Kinder:
3350 1586 191 51 Dieser
3586 1585 192 51 Seurat
3799 1587 139 46 setzt
3983 1582 148 49 seine
4173 1575 182 52 Bilder
4398 1592 97 33 aus

2682 1678 175 56 points
2893 1687 322 33 zusammen.
3281 1666 381 53 Pointiiiismus

2548 1767 100 52 Die
2682 1763 754 67 Kunstpsychologie
3473 1760 287 67 (belächelt
3799 1760 85 52 die
3917 1758 210 63 Pointe)

2547 1863 100 53 Die
2680 1860 695 65 Kunstgeschichte
3414 1857 257 66 (meldet):
3703 1857 99 51 Die
3837 1856 264 51 Kubisten

2554 1960 209 51 Deri:

2687 2042 131 51 Man
2856 2040 155 53 sucht
3050 2040 140 51 nach
3226 2042 187 48 immer
3451 2036 282 53 stärkeren
3771 2033 355 65 Komplexen.
4198 2030 149 51 Jetzt
4386 2026 111 52 will

2685 2124 85 53 ich
2798 2123 166 53 Ihnen
2992 2125 202 62 zeigen,
3223 2124 103 48 wie
3356 2140 57 32 es
3446 2119 84 52 die
3557 2118 217 52 kleinen
3806 2117 217 51 Geister
4050 2113 228 53 machen

2552 2222 111 51 Das
2686 2218 392 54 Lichtbild
3107 2218 174 65 (zeigt)
3309 2216 219 52 Picasso

2550 2317 174 52 Deri
2753 2316 220 65 (spricht
3002 2312 346 61 französisch,
3378 2312 165 51 damit
3569 2310 90 52 ihn
3687 2310 85 50 die
3798 2308 174 51 Kunst
3999 2308 190 52 besser
4215 2300 281 65 versteht):

2687 2400 66 50 Je
2786 2403 246 46 constate
3061 2402 47 60 je
3139 2415 69 32 ne
3241 2399 118 60 juge
3390 2413 114 45 pas.
3577 2392 249 51 Cezanne
3859 2389 108 52 und
4001 2409 105 30 van
4138 2386 155 64 Gogh
4327 2385 174 63 gehen

2688 2482 104 51 den
2823 2480 267 63 direkten
3090 2480 134 63 Weg,
3258 2478 149 53 diese
3439 2478 262 61 winzigen
3730 2471 358 54 Pointillisten
4107 2470 107 51 und
4232 2469 269 51 Kubisten

2686 2564 303 50 versuchen
3015 2581 57 33 es
3102 2562 88 51 auf
3216 2561 309 62 Umwegen.
3589 2558 88 50 Sie
3709 2557 166 51 sehen
3900 2555 116 51 hier
4045 2553 83 52 die
4159 2551 208 64 Augen,
4397 2552 104 51 den

2688 2646 185 61 Mund,
2903 2646 165 51 Reste
3099 2647 149 49 einer
3275 2643 144 51 Nase
3452 2681 11 13 .
3502 2680 11 13 .
3553 2680 11 12 .

2552 2743 110 51 Das
2695 2741 385 53 Lichtbild
3116 2742 193 62 (sperrt
3343 2738 209 64 Augen,
3586 2735 146 51 Nase
3766 2733 108 52 und
3905 2730 172 53 Mund
4115 2729 88 52 auf
4239 2728 108 52 und
4380 2746 91 32 ver-

2689 2824 297 53 schwindet
3022 2823 195 63 direkt)

2550 2922 109 51 Das
2692 2920 324 53 nächste
3049 2916 381 54 Lichtbild
3469 2917 177 63 (zeigt)
3680 2912 282 62 Delaunay
3997 2909 51 53 le
4082 2913 123 46 tour
4239 2904 161 52 Eiffel

2552 3018 209 51 Deri:

2687 3100 191 51 Dieser
2917 3097 175 53 Maler
3125 3096 181 53 wollte
3344 3096 104 51 den
3485 3094 299 52 Eiffelturm
3822 3093 192 53 malen.
4081 3092 70 52 Er
4189 3096 167 48 stürzt
4393 3090 109 52 ihm

2688 3188 157 45 unter
2885 3181 104 51 den
3022 3180 226 52 Händen
3282 3197 309 33 zusammen

2556 3279 108 50 Der
2691 3277 439 52 Eiffelturm
3163 3275 226 65 (kracht)

2553 3376 99 50 Die
2701 3373 359 52 Derische
3141 3369 763 66 Kunstpsychologie
3987 3370 187 61 (stürzt
4252 3363 249 53 weinend

2691 3458 326 61 zusammen)

2556 3552 281 53 Beifall
2871 3551 223 63 (schlägt
3120 3549 410 63 bombenmäßig
3558 3550 105 62 ein)

2552 3758 73 51 III

2552 3866 46 50 D
2620 3885 70 31 er
2708 3869 16 48 i
2760 3863 192 65 (allein,
2987 3863 324 63 beschwört)
3356 3862 248 50 Cezanne

2552 3961 109 50 Der
2691 3961 208 52 Geist
2931 3959 394 52 Cezannes
3357 3956 155 66 (nach
3540 3956 139 52 links
3711 3956 85 64 ab)

2553 4056 108 51 Das
2691 4055 386 54 Lichtbild
3111 4058 220 62 (springt
3365 4055 105 62 ein)

2553 4152 140 51 Der
2709 4155 17 47 i
2753 4173 9 31 :

2687 4235 120 50 Nun
2841 4235 181 59 sehen,
3056 4238 102 48 wie
3189 4234 105 50 fest
3326 4252 59 32 so
3420 4236 119 47 eine
3573 4232 193 51 Mauer
3796 4231 91 52 bei
3908 4230 249 52 Cezanne
4192 4228 144 52 steht

2555 4331 108 51 Das
2696 4330 399 51 Lichtbild
3130 4328 269 66 (wackelt)

2552 4426 45 50 D
2622 4447 26 29 e
2672 4447 24 29 r
2714 4430 15 46 i
2763 4427 342 63 (beschwört)
3141 4445 104 31 van
3276 4424 154 64 Gogh

2553 4522 110 52 Das
2696 4522 391 51 Lichtbild
3123 4524 219 61 (springt
3375 4520 172 65 gleich
3581 4521 103 63 ein)

2547 4618 171 51 Deri
2751 4618 312 65 (beleidigt):

2682 4701 117 53 Van
2827 4701 153 63 Gogh
3007 4705 69 48 ist
3100 4700 128 51 kein
3254 4711 131 53 ganz
3414 4698 226 62 Großer,
3668 4698 94 52 der
3789 4696 173 53 Inhalt
3990 4696 338 53 entscheidet
4357 4696 137 51 doch

2686 4783 325 52 schließlich.
3076 4784 97 50 Ein
3201 4783 169 51 Baum
3404 4780 118 53 füllt
3554 4779 137 54 doch
3722 4780 127 52 kein
3878 4780 120 52 Bild
4029 4799 110 34 aus.

2547 4879 110 50 Der
2686 4878 124 53 Saal
2843 4878 154 66 (leert
3027 4878 131 65 sich)

2547 4972 100 52 Die
2681 4973 430 53 Gelehrten
3150 4973 303 65 (klatschen
3484 4972 210 65 Beifall)

2551 5193 71 52 IV

2552 5302 46 51 D
2618 5322 28 31 e
2666 5322 25 31 r
2710 5308 17 46 i
2761 5303 228 64 (strahlt)

2544 5397 100 52 Die
2675 5398 480 53 Lichtbilder
3189 5398 302 65 (erlöschen
3521 5419 68 31 an
3619 5405 201 46 seinem
3851 5398 441 62 Kunsthorizont)

2544 5494 99 52 Die
2680 5495 376 51 Derische
3097 5494 748 66 Kunstpsychologie
3893 5494 214 64 (stirbt):

2679 5578 100 52 Die
2806 5578 291 51 Limonade
3128 5583 68 46 ist
3226 5585 137 45 matt
3392 5582 103 47 wie
3527 5579 170 50 Deine
3729 5576 157 53 Seele

2544 5672 101 52 Die
2679 5673 717 65 Kunstgeschichte
3438 5675 175 64 (stirbt
3651 5693 67 32 an
3754 5672 494 64 Kunstvergiftung)

2542 5769 100 52 Die
2669 5769 238 53 Kunst
2938 5770 112 64 (das
3082 5770 305 52 Verhältnis
3418 5771 94 51 des
3538 5770 355 52 Liebermann
3922 5769 171 52 winkt
4121 5769 107 52 ihm
4261 5788 94 32 aus
4389 5768 103 52 den

2682 5851 255 53 Kulissen
2965 5854 222 63 rechts):

2683 5936 195 52 Komm
2904 5939 96 51 mit

2678 6060 108 50 Der
2817 6060 249 65 Vorhang
3095 6060 115 52 fällt
3238 6060 311 64 vielsagend

3936 6213 212 50 Walter
4179 6212 249 64 Mehring
