3256 4229
228 308 310 60 TEK
614 308 61 56 H
754 308 61 54 N
896 308 47 54 E

2588 3694 189 109 161

298 447 331 54 L'Exposition
682 446 136 42 désire
870 446 148 41 moins
1070 459 223 28 consacrer
1346 458 53 27 au

232 511 118 55 passé
379 520 39 31 et
444 524 52 26 au
524 508 127 42 futur
677 510 137 52 qu'au
841 506 373 54 développement
1239 506 139 42 actuel-

233 577 160 40 lement
420 586 51 26 en
499 584 141 32 cours,
670 581 230 31 assumant
926 569 111 41 ainsi
1067 569 35 41 le
1129 568 91 42 rôle
1246 567 130 43 d'édu-

232 635 149 42 catrice
412 644 39 30 et
482 630 324 54 d'inspiratrice
836 631 72 41 des
936 630 120 42 voies
1089 628 242 43 nouvelles.

299 696 74 41 On
409 696 76 51 n'y
520 705 206 30 trouvera
760 693 133 52 point
924 692 52 41 de
1009 691 181 53 simples
1220 689 182 54 exposés

233 757 267 54 techniques,
529 755 110 42 mais
666 770 60 26 un
752 754 134 43 choix
912 754 50 41 de
987 752 251 55 problèmes
1263 767 112 38 expo-

233 821 59 42 sés
327 820 49 40 de
411 817 190 42 manière
635 816 194 42 vivante.
865 816 69 42 En
968 831 62 26 un
1066 824 112 38 mot,
1216 829 41 28 ce
1290 814 113 42 n'est

232 897 77 39 pas
353 881 136 41 d'une
531 878 308 42 construction
884 887 143 32 morte
1070 877 113 55 qu'il
1228 875 172 55 s'agira,

233 944 107 42 mais
368 943 50 40 de
447 940 275 42 réalisations
752 939 211 54 d'images
991 939 252 54 agissantes,
1274 938 102 42 d'ha-

234 1005 215 42 bitations
484 1014 40 30 et
559 1002 354 42 d'installations
947 1017 49 25 en
1030 1000 146 54 pleine
1209 998 190 44 activité.

301 1066 72 42 On
400 1065 149 41 estime
576 1065 22 41 à
623 1064 150 41 Berlin
799 1078 84 40 que
909 1063 57 42 les
992 1061 111 44 idées
1131 1063 51 42 de
1205 1061 172 44 rationa-

233 1128 178 43 lisation
435 1140 103 31 sonit
562 1141 152 27 encore
737 1137 102 41 trop
863 1124 240 55 disparates
1126 1135 40 30 et
1187 1139 84 39 peu
1295 1138 80 27 con-

233 1205 124 30 nues;
397 1188 99 42 elles
530 1187 227 43 souffrent
791 1188 110 40 d'un
940 1201 194 39 manque
1170 1186 50 42 de
1255 1183 144 44 clarté,

233 1254 49 40 de
303 1250 230 45 cohésion;
560 1249 99 43 elles
683 1261 83 30 ont
787 1249 154 41 besoin
966 1248 135 41 d'être
1125 1246 276 43 rassemblées

232 1326 39 31 et
302 1328 50 26 en
384 1312 190 54 quelque
605 1322 115 31 sorte
752 1310 319 42 matérialisées.

301 1373 330 53 L'Exposition
674 1387 88 27 sera
805 1372 116 42 donc
959 1386 171 27 comme
1170 1386 84 27 une
1296 1385 79 26 con-

232 1435 250 44 crétisation
513 1436 50 41 de
592 1446 145 32 toutes
766 1435 16 20 f
783 1449 39 27 es
853 1433 111 42 idées
993 1432 241 47 nouvelles,
1266 1432 113 41 scien-

234 1499 179 53 tifiques
443 1512 39 29 et
510 1496 266 55 artistiques,
808 1495 168 42 réunies
1006 1495 109 41 dans
1143 1509 61 26 un
1232 1507 141 28 ensem-

233 1561 68 41 ble
333 1560 99 40 bien
462 1559 207 41 cohérent
697 1569 39 31 et
767 1557 110 42 dans
907 1572 60 28 un
997 1555 123 42 cadre
1150 1553 249 56 approprié.

300 1622 60 41 Le
393 1621 56 41 26
480 1620 158 41 février
667 1619 184 45 dernier,
883 1633 84 27 une
997 1617 188 42 réunion
1213 1615 189 55 plénière

233 1701 21 26 a
292 1699 48 26 eu
381 1682 84 42 lieu
503 1682 21 41 à
563 1681 150 41 Berlin
753 1696 98 26 avec
889 1680 37 42 le
962 1693 215 28 concours
1218 1679 51 41 de
1308 1693 93 38 700

233 1743 321 56 personnalités
588 1743 188 42 environ
813 1742 59 41 du
907 1740 167 43 monde
1107 1740 293 54 scientifique,

234 1807 229 53 artistique
501 1818 40 29 et
580 1804 248 54 technique.
870 1803 59 41 Le
967 1817 286 39 programme
1291 1800 89 43 défi-

235 1868 106 42 nitif
374 1868 50 41 de
456 1866 309 54 l'Exposition
797 1880 26 39 y
855 1865 74 42 fut
961 1863 147 43 arrêté.

296 1931 125 40 Dans
444 1945 59 26 un
527 1928 160 53 exposé
709 1927 86 42 très
818 1926 278 44 substantiel,
1121 1924 36 43 le
1177 1924 228 42 conseiller

234 1993 200 52 Rippert,
462 1990 230 43 Président
715 1990 51 41 de
789 1987 325 55 l'Exposition,
1142 1996 180 32 montra
1347 1987 58 41 les

235 2054 167 42 raisons
435 2053 77 54 qui
545 2052 176 42 avaient
752 2050 198 54 prévalu.
985 2050 126 41 Cette
1144 2047 234 43 manifesta-

235 2116 111 47 tion,
383 2115 124 44 a-t-il
537 2114 79 42 dit.
651 2113 96 44 doit
778 2113 85 41 être
897 2112 40 41 la
969 2110 335 43 concentration
1338 2124 44 26 ra-

236 2176 226 45 tionalisée
492 2176 51 41 de
571 2187 101 31 tous
701 2175 59 41 les
786 2173 208 43 éléments
1024 2171 171 54 appelés
1227 2171 109 42 dans
1366 2170 39 41 la

235 2239 202 54 pratique
460 2239 21 41 à
505 2236 247 43 collaborer
775 2237 21 40 à
822 2237 39 40 la
886 2234 322 42 construction.

303 2301 73 41 On
405 2311 220 41 escompte
651 2315 51 25 en
729 2298 265 52 Allemagne
1018 2312 61 26 un
1106 2295 82 43 très
1214 2295 68 42 vif
1310 2308 71 27 suc-

235 2363 62 41 cès
338 2374 40 30 et
419 2377 60 26 on
520 2361 151 41 estime
712 2375 83 39 que
838 2357 323 53 l'Exposition,
1208 2356 114 44 dont
1366 2354 38 42 la

236 2424 128 42 durée
402 2435 60 30 est
500 2423 290 52 exceptionne
815 2421 163 42 lement
1016 2418 178 55 grande,
1237 2431 140 39 provo-

236 2501 131 39 quera
399 2500 92 27 non
521 2484 241 42 seulement
792 2498 58 26 un
881 2482 163 41 nouvel
1077 2495 114 26 essor
1222 2481 50 40 de
1304 2477 80 44 l'in-

237 2549 176 41 dustrie.
454 2547 109 42 mais
600 2545 136 42 créera
774 2559 60 27 un
873 2542 120 43 sitade
1031 2556 204 27 nouveau
1275 2540 50 43 de
1366 2539 38 41 la

237 2609 303 42 construction
572 2620 39 30 et
640 2622 89 27 sera
758 2622 50 26 en
841 2606 191 54 quelque
1062 2613 114 31 sorte
1209 2603 36 41 le
1273 2602 132 53 point

238 2672 49 40 de
313 2671 153 53 départ
493 2670 110 42 d'un
632 2668 371 53 développement
1032 2666 50 41 de
1109 2664 230 43 méthodes
1365 2675 41 30 et

238 2733 395 54 d'enseignements
663 2744 254 27 nouveaux.

304 2795 62 41 La
399 2793 263 43 Fédération
700 2790 345 44 internationale
1081 2789 59 41 du
1178 2787 228 42 Bâtiment

237 2870 38 31 er
310 2856 71 42 des
417 2855 227 53 Travaux;
658 2848 2 60 I
673 2853 174 54 publics
883 2851 87 42 suit
1008 2851 49 42 de
1096 2849 83 44 très
1215 2848 95 53 près
1348 2848 56 41 les

237 2919 271 52 importants
531 2930 190 30 travaux
745 2926 38 31 et
807 2917 56 40 les
886 2912 295 44 innovations
1204 2908 179 44 actuelle-

239 2992 120 30 ment
399 2996 51 27 en
491 2994 127 26 cours
658 2993 50 27 en
749 2976 278 54 Allemagne.
1070 2975 34 40 E
1130 2973 36 42 le
1207 2990 21 25 a
1269 2971 113 53 juste-

229 3053 120 31 ment
371 3041 138 42 choisi
531 3040 208 54 l'époque
760 3039 50 42 de
832 3034 309 55 l'Exposition
1162 3046 117 42 pour
1300 3046 80 28 con-

237 3118 168 39 voquer
445 3103 21 41 à
507 3102 152 42 Berlin
700 3116 85 27 une
825 3098 274 44 Conférence
1141 3095 241 43 internatio-

238 3166 96 40 nale
365 3180 101 27 sous
496 3165 57 42 les
583 3163 191 53 auspices
807 3162 73 41 des
910 3161 117 42 deux
1058 3158 186 55 grandes
1272 3155 108 44 Fédé-

239 3227 167 41 rations
440 3225 271 43 allemandes
746 3225 58 40 du
841 3222 229 43 Bâtiment
1105 3235 39 30 et
1180 3219 71 43 des
1289 3218 88 41 Tra-

238 3304 118 26 vaux
396 3288 187 54 publics.
626 3287 158 41 D'ores
824 3297 40 30 et
903 3283 113 54 déjà,
1060 3283 35 41 le
1135 3280 180 44 Comité
1357 3279 51 41 de

240 3350 305 53 l'Exposition
582 3349 63 42 lui
678 3364 21 26 a
733 3347 245 54 également
1011 3344 144 43 assuré
1188 3355 103 30 tout
1326 3356 80 28 son

238 3426 224 28 concours.

238 3508 49 53 («
318 3509 265 56 Chronique
608 3508 71 42 des
704 3507 220 42 Travaux
953 3521 40 27 »♦
1013 3505 16 54 )

2007 441 715 83 CONCOURS

2368 648 354 41 HOLLANDE

1553 785 397 43 MONUMENT
2004 785 83 42 DE
2141 784 231 48 JONGH,
2428 783 252 44 ROTTER-

1552 847 161 42 DAM.
1750 847 61 42 Ce
1842 861 213 28 concours
2086 846 323 42 international
2442 861 21 27 a
2496 846 226 41 rencontré

1553 924 59 26 un
1642 910 140 53 grand
1811 908 138 45 succès
1974 908 188 56 puisque
2194 924 91 37 204
2315 908 152 42 envois
2494 919 103 31 sont
2623 922 75 37 par-

1553 985 136 29 venus
1722 987 52 26 au
1807 971 120 54 jury.
1957 971 127 42 Dans
2113 986 42 27 ce
2186 971 201 48 nombre,
2423 971 56 54 83
2513 970 183 53 provien-

1553 1046 107 29 nent
1688 1034 300 42 d'architectes
2016 1033 269 49 hollandais,
2320 1048 60 38 94
2410 1032 244 42 allemands
2684 1044 38 30 et

1557 1112 56 38 27
1646 1096 190 52 français
1866 1107 40 30 et
1937 1094 156 42 divers.

2350 1364 372 44 CHARLEROI

1622 1466 130 41 Nous
1793 1480 138 27 avons
1973 1480 94 36 reçu
2110 1467 56 40 les
2207 1463 202 43 résultats
2450 1463 50 41 de
2541 1478 40 26 ce
2623 1475 101 40 trop

1553 1528 183 41 fameux
1762 1542 228 27 concours.
2019 1526 58 41 Ils
2106 1525 307 50 n'intéressent
2437 1523 261 43 vraisembla-

1556 1590 197 40 blement
1776 1604 83 39 que
1883 1588 94 42 fort
2000 1602 82 39 peu
2107 1603 81 27 nos
2214 1590 192 41 lecteurs.
2433 1587 130 41 Nous
2587 1585 115 54 préfé-

1557 1666 104 27 rons
1694 1662 129 31 certes
1855 1654 35 39 le
1921 1650 230 53 jugement
2184 1649 142 54 qu'on
2359 1664 53 25 va
2445 1648 88 46 lire,
2570 1662 39 29 et
2643 1662 83 40 que

1555 1713 56 41 G.
1638 1712 228 42 Brunfaut
1890 1728 21 26 a
1933 1712 153 53 publié
2109 1712 109 41 dans
2247 1727 21 25 «
2294 1711 58 41 Le
2374 1711 258 41 Document
2658 1725 23 26 »
2714 1724 8 26 :

1625 1811 60 42 Ce
1723 1825 227 30 concours,
1992 1809 202 42 annoncé
2229 1809 22 41 à
2288 1808 141 54 grand
2468 1807 173 43 renfort
2676 1807 51 41 de

1555 1872 226 54 publicité,
1816 1874 160 52 auquel
2011 1871 135 43 crédit
2178 1870 289 42 d'honnêteté
2498 1869 230 54 paraissait

1557 1935 186 54 garanti,
1776 1935 122 42 vient
1929 1933 234 42 d'échouer
2195 1933 51 41 de
2277 1932 182 52 superbe
2489 1931 133 52 façon
2656 1930 72 41 dès

1557 1998 39 40 la
1623 1996 207 54 première
1858 1996 196 52 épreuve.

1625 2059 60 41 Ce
1717 2059 77 53 qui
1821 2058 105 41 était
1953 2058 22 40 à
2006 2057 190 54 prévoir,
2225 2072 52 26 en
2309 2056 145 41 raison
2486 2056 50 41 de
2565 2055 39 41 la
2635 2070 62 26 ma-

1557 2120 132 53 jorité
1731 2119 145 44 laissée
1917 2135 87 26 aux
2049 2118 198 53 dé/égués
2291 2118 50 41 de
2383 2116 248 44 Charleroi,
2677 2130 49 26 en

1558 2184 147 40 raison
1739 2182 51 42 de
1825 2183 90 41 leur
1948 2181 134 53 esprit
2115 2181 51 41 de
2197 2180 185 45 clocher,
2421 2178 49 43 de
2505 2178 90 42 leur
2630 2192 74 40 pas-

1557 2245 151 41 séisme
1743 2257 39 31 et
1816 2244 50 41 de
1903 2245 91 40 leur
2029 2241 182 43 franche
2246 2243 236 52 ignorance
2519 2241 50 40 de
2606 2250 123 32 toute

1558 2307 201 41 solution
1800 2305 210 42 moderne
2051 2305 99 42 s'est
2187 2304 199 53 produit.

1627 2367 344 43 Soixante-huit
2030 2376 284 32 concurrents
2378 2364 175 46 avaient
2615 2364 114 40 donc

1558 2431 117 42 tenté
1710 2431 50 40 de
1797 2429 203 42 résoudre
2037 2431 35 40 le
2105 2427 212 54 classique
2350 2425 229 54 problème
2620 2442 8 25 :
2668 2439 60 27 un

1559 2493 121 44 hôtel
1706 2493 50 40 de
1781 2491 117 42 ville.
1924 2491 122 41 Pour
2069 2490 100 46 cela,
2198 2490 183 52 inspirés
2407 2490 51 41 de
2484 2488 221 43 solutions-

1558 2568 139 38 types,
1728 2569 39 26 se
1793 2553 191 42 référant
2010 2567 78 38 par
2115 2552 198 52 exemple
2339 2552 21 40 à
2388 2552 39 40 la
2451 2551 133 52 façon
2616 2551 113 41 dont

1558 2615 402 41 l'administration
1992 2615 50 40 de
2071 2613 230 42 Bruxelles
2329 2613 122 43 vient
2479 2613 50 42 de
2557 2625 172 28 recons-

1938 2863 189 45 Avez
2147 2880 34 18 -
2200 2871 186 37 vous
2437 2861 289 49 envoyé

1938 2951 214 44 votre
2187 2948 539 50 souscription?

1563 3237 85 161 3
1713 3242 249 62 Années
2016 3239 498 63 d'Architecture

1710 3341 295 61 Moderne
2066 3357 80 42 en
2218 3337 296 76 Belgique

1557 3610 200 51 Édité
1793 3622 137 41 par
1977 3611 95 45 LA
2117 3611 155 45 CITE
2319 3610 54 45 4
2416 3609 310 46 TEKHNE
