3256 4229
657 3719 69 51 82

1096 1957 450 43 HABITATION
1607 1954 39 45 A
1701 1952 443 44 BRUXELLES.
2203 1950 347 42 Architecte
2608 1948 59 41 G.
2726 1945 319 43 Hendricx.

1095 2045 125 38 Prix
1270 2044 116 39 Van
1440 2043 68 40 de
1559 2041 116 41 Ven
1727 2040 143 41 1931.

647 2281 119 42 Gela
793 2278 262 43 enlèverait
1079 2294 60 25 au
1167 2276 114 42 Prix
1303 2277 108 41 Van
1438 2275 57 42 de
1519 2275 109 41 Ven
1653 2289 53 27 ce
1731 2289 49 26 ca-

647 2354 186 43 ractère
868 2352 237 51 peut-être
1141 2360 105 41 trop
1282 2349 204 43 exclusif
1524 2348 58 43 de
1617 2363 23 26 «
1678 2346 96 43 Con-

647 2443 140 27 cours
809 2427 57 42 de
889 2425 167 56 façade
1079 2442 36 32 »,
1134 2441 92 35 que
1244 2439 120 27 nous
1385 2422 292 43 constations
1700 2420 107 51 déjà

648 2502 91 42 l'an
767 2500 205 44 dernier.

647 2577 138 41 Nous
818 2589 206 28 sommes
1055 2572 276 52 persuadés,
1362 2586 85 35 par
1477 2570 209 49 ailleurs,
1717 2583 92 36 que

649 2650 45 42 le
722 2648 116 43 Prix
863 2649 108 42 Van
1001 2648 57 42 de
1084 2648 109 41 Ven
1222 2645 239 52 justifiera
1489 2652 101 34 tout
1619 2641 189 51 l'espoir

651 2740 91 35 que
781 2723 68 42 les
889 2721 282 42 architectes
1209 2719 257 42 modernes
1504 2726 81 34 ont
1623 2716 89 42 mis
1752 2730 58 26 en

651 2797 79 43 lui.

651 2907 104 42 Nos
778 2907 205 41 lecteurs
1005 2911 281 36 trouveront
1307 2901 205 51 ci-après
1534 2900 44 42 le
1599 2906 127 36 texte
1750 2897 62 43 du

652 2989 195 42 rapport
881 2979 191 42 élaboré
1105 2993 85 35 par
1224 2975 291 43 l'architecte
1548 2973 65 42 H.
1647 2971 165 49 Louel,

656 3054 195 50 délégué
884 3069 85 34 par
1001 3053 44 41 la
1080 3050 185 44 Société
1301 3050 82 42 des
1416 3047 304 43 Architectes
1755 3045 58 42 de

654 3128 43 41 la
729 3127 210 42 Flandre
971 3124 261 44 Orientale.

657 3273 414 43 IMPRESSION
1128 3269 388 45 GENERALE.

657 3350 68 41 La
750 3348 135 43 tâche
910 3347 62 42 du
997 3346 105 51 jury
1127 3345 71 43 fut
1221 3344 164 49 ardue,
1408 3352 99 34 tant
1530 3342 68 42 les
1623 3355 191 28 œuvres

657 3422 237 51 envoyées
921 3420 160 42 furent
1105 3418 314 43 nombreuses
1445 3417 26 42 à
1494 3415 197 44 éveiller
1716 3414 80 41 l'in-

656 3497 137 42 térêt.

658 3571 49 42 Si
732 3569 206 43 certains
962 3567 180 49 projets
1167 3565 255 44 trahissent
1447 3579 173 27 encore
1644 3562 43 41 le
1712 3577 78 26 sou-

1889 2274 41 41 ci
1969 2273 57 42 de
2060 2272 150 50 plaire
2245 2286 84 35 par
2364 2270 283 41 l'ornement
2681 2267 288 49 inopportun
3004 2272 45 33 et

1890 2368 84 35 par
2009 2352 42 41 la
2088 2348 328 44 combinaison
2452 2356 130 34 toute
2618 2344 200 52 gratuite
2855 2344 115 42 dans
3006 2342 44 41 la

1892 2432 137 50 ligne,
2065 2430 43 42 le
2142 2428 141 43 relief
2318 2437 44 33 et
2396 2427 69 42 les
2500 2435 120 40 tons,
2653 2424 198 41 laissant
2884 2421 167 52 planer

1892 2509 302 52 l'équivoque
2214 2523 81 26 sur
2314 2507 68 41 les
2402 2504 247 52 procédés,
2669 2519 64 26 un
2753 2501 149 51 grand
2919 2515 99 27 nom-

1893 2589 85 41 bre
2014 2588 82 42 des
2134 2601 190 27 œuvres
2362 2584 272 42 examinées
2670 2588 254 44 marquent
2959 2592 94 29 une

1894 2667 234 42 tendance
2162 2665 96 41 très
2293 2663 190 43 résolue
2519 2662 25 42 à
2578 2659 188 43 vouloir
2804 2656 249 44 s'abstenir

1897 2746 57 42 de
1981 2744 191 43 séduire
2197 2742 181 51 l'esprit
2402 2747 270 36 autrement
2697 2753 92 36 que
2814 2753 85 34 par
2924 2735 44 42 le
2993 2734 41 42 ri-

1896 2819 205 50 gorisme
2129 2817 139 42 d'une
2294 2814 279 52 expression
2597 2812 236 51 plastique
2860 2824 168 35 scrupu-

1897 2892 265 42 leusement
2189 2888 297 49 rationnelle,
2513 2902 116 26 avec
2656 2887 43 41 la
2726 2884 193 43 volonté
2945 2881 110 44 bien

1898 2965 186 43 arrêtée
2118 2965 57 42 de
2205 2963 183 42 n'avoir
2418 2977 197 26 recours
2648 2960 108 50 qu'à
2788 2973 55 27 ce
2873 2956 80 52 qui
2985 2963 72 34 est

1899 3038 270 43 l'essentiel.

1899 3187 119 42 LES
2071 3184 291 44 ŒUVRES
2414 3181 310 43 PRIMEES.

1901 3261 68 43 M.
2001 3257 428 49 HENDRICKX,
2461 3255 152 43 classé
2643 3253 224 53 premier,
2898 3268 26 25 a
2956 3251 76 41 réa-

1900 3335 101 49 lisé,
2037 3350 85 34 par
2159 3332 162 43 l'unité
2357 3341 44 32 et
2435 3328 294 49 l'harmonie,
2764 3342 93 27 une
2893 3339 165 29 œuvre

1903 3410 110 41 d'un
2064 3407 243 41 ensemble
2356 3412 225 43 reposant
2630 3411 46 33 et
2727 3401 112 42 dont
2889 3400 43 40 la
2984 3397 57 43 sil-

1901 3483 205 47 houette,
2129 3480 193 42 robuste
2347 3488 45 34 et
2414 3476 234 53 agréable,
2671 3475 144 43 cadre
2836 3471 199 54 parfaite-

1901 3565 131 32 ment
2063 3571 115 26 avec
2210 3553 294 43 l'ambiance.
