3246 4455
3020 4049 53 41 63

65 2275 54 60 5.
174 2272 70 63 La
299 2296 151 52 pose
502 2271 75 62 du
633 2271 301 62 Linoléum

73 2392 65 36 Les
173 2389 194 51 planchers
400 2405 46 22 ou
480 2388 52 39 les
564 2388 69 39 sols
667 2395 113 44 ayant
813 2392 66 34 été
915 2392 62 47 pré-

73 2449 111 47 parés
222 2461 150 23 comme
413 2444 18 38 il
470 2451 58 32 est
566 2445 55 37 dit
660 2460 44 22 au
745 2446 173 49 chapitre
960 2445 35 37 111

72 2518 45 22 on
154 2502 215 50 procédera
404 2503 19 37 à
458 2501 31 38 la
524 2517 93 34 pose
650 2502 48 37 du
731 2501 170 38 linoléum
936 2504 59 47 qui

71 2563 203 46 comporte
301 2558 51 38 les
378 2561 220 47 opérations
624 2560 187 35 suivantes
840 2573 7 22 :

130 2618 26 35 1.
190 2616 226 48 Nettoyage
450 2613 51 38 de
537 2613 30 38 la
603 2613 149 38 surface
790 2616 205 47 préparée;

125 2674 33 35 2.
191 2672 238 48 Découpage
458 2670 47 37 du
535 2669 185 45 linoléum;

126 2729 32 35 3.
189 2726 175 49 Collage,
393 2729 91 35 mise
510 2742 46 22 en
586 2726 109 50 place
722 2731 41 32 et
788 2726 114 49 façon
929 2726 69 37 des

190 2786 121 47 joints.

79 2876 26 35 1.
139 2872 290 38 NETTOYAGE
459 2873 53 36 DE
543 2874 58 35 LA
630 2870 217 39 SURFACE

74 2929 226 37 PREPAREE

73 2985 48 37 Le
146 2990 214 45 nettoyage
385 2999 40 23 se
448 2984 72 38 fait
545 2985 19 37 à
590 2999 65 23 sec
679 2987 78 34 très
781 2986 195 45 soigneuse-

73 3046 103 33 ment
210 3056 44 23 au
289 3043 160 46 grattoir
482 3039 218 51 métallique
734 3045 41 32 et
808 3055 45 22 au
887 3039 111 38 balai.

73 3098 136 37 Toutes
241 3097 51 38 les
325 3100 142 47 petites
498 3095 252 49 irrégularités
782 3097 47 36 du
861 3095 50 39 sol
943 3110 38 23 se-

73 3159 84 31 ront
183 3154 181 37 enlevées
391 3169 44 22 au
465 3168 106 23 cours
600 3153 47 37 du
676 3156 183 45 grattage
889 3152 51 37 de
967 3151 30 38 la

73 3210 162 37 surface.
266 3209 18 37 Il
315 3225 45 22 ne
388 3210 85 37 faut
501 3211 128 48 jamais
659 3208 196 50 employer
884 3208 113 38 d'eau

74 3265 74 39 afin
174 3266 162 38 d'éviter
361 3265 218 39 l'humidité.

75 3358 32 36 2.
141 3354 303 38 DECOUPAGE
470 3356 61 36 DU
558 3354 248 38 LINOLEUM

75 3412 31 37 Si
139 3410 174 51 plusieurs
343 3410 172 38 rouleaux
545 3411 51 37 de
625 3410 170 38 linoléum
825 3415 83 33 sont
938 3411 41 35 né-

74 3470 182 35 cessaires
291 3483 90 34 pour
414 3466 32 39 le
479 3469 243 35 revêtement
754 3467 86 37 d'un
874 3467 124 36 même

75 3522 103 45 local,
202 3523 17 38 il
240 3523 84 38 faut
344 3524 174 37 s'assurer
539 3524 51 37 de
612 3522 30 39 la
665 3521 334 51 correspondance

75 3579 70 38 des
167 3582 140 35 teintes
329 3585 113 32 avant
465 3579 32 38 le
520 3580 247 49 découpage,
792 3578 50 38 de
864 3577 137 38 faibles

74 3636 236 37 différences
340 3636 50 37 de
419 3641 86 33 tons
534 3651 40 23 se
606 3638 222 48 présentant
860 3634 140 51 parfois

75 3691 92 39 dans
194 3691 31 38 la
252 3691 242 39 fabrication.

77 3749 65 36 Les
165 3747 51 38 lés
237 3751 165 47 toujours
428 3751 110 47 posés
564 3747 437 51 perpendiculairement

76 3819 65 22 aux
178 3803 182 45 fenêtres,
401 3820 92 34 pour
530 3819 74 35 que
644 3803 50 38 les
731 3806 108 47 joints
877 3805 124 34 soient

75 3862 94 35 aussi
202 3875 72 35 peu
305 3860 147 38 visibles
483 3876 75 34 que
592 3859 175 52 possible.

77 3917 48 37 Le
149 3915 169 39 linoléum
343 3932 40 22 se
407 3919 242 35 rétrécissant
672 3916 93 38 dans
788 3915 32 37 le
844 3929 83 23 sens
952 3914 49 37 de

1583 252 78 37 138.

1578 305 197 50 Encollage

1576 362 85 38 d'un

1578 417 188 50 plancher.

1579 1155 76 35 139.

1569 1209 141 50 Coupe

1569 1266 86 37 d'un
1683 1268 101 47 joint.

1110 2268 30 37 la
1168 2267 179 48 longueur
1373 2282 83 23 sous
1484 2266 126 37 l'effet
1637 2266 50 37 de
1715 2266 30 37 la
1773 2265 106 44 colle,
1907 2265 18 36 il
1952 2265 82 37 faut

1108 2327 164 47 toujours
1312 2323 32 37 le
1385 2324 200 49 découper
1624 2338 46 21 en
1713 2326 250 43 augmentant
2002 2320 30 37 la

1109 2379 179 49 longueur
1325 2381 214 36 nécessaire
1576 2379 51 37 de
1665 2379 42 49 1/2
1745 2380 20 36 à
1810 2381 5 34 I
1859 2393 69 22 cm.
1968 2392 65 35 par

1110 2440 122 34 mètre
1256 2439 165 34 environ^

1112 2495 94 35 Dans
1234 2492 32 37 le
1293 2507 83 22 sens
1403 2492 50 37 de
1482 2491 30 38 la
1542 2491 158 47 largeur,
1729 2490 19 37 il
1774 2490 83 38 faut
1888 2492 146 48 prévoir

1110 2564 44 21 un
1183 2553 291 33 recouvrement
1502 2548 69 37 des
1600 2547 51 38 lés
1679 2547 50 38 de
1767 2550 5 33 I
1809 2562 84 28 cm.;
1925 2550 109 33 cette

1110 2607 221 47 précaution
1361 2609 59 33 est
1449 2602 282 51 indispensable
1763 2618 90 35 pour
1882 2602 150 37 réaliser

1110 2660 68 38 des
1201 2663 107 47 joints
1333 2660 168 50 parfaits.

1112 2717 89 37 Pour
1226 2731 74 35 que
1326 2716 32 37 le
1385 2715 169 38 linoléum
1582 2718 71 35 soit
1677 2714 113 38 facile
1816 2716 20 36 à
1865 2728 121 36 poser,
2014 2714 18 36 il

1110 2789 19 33 y
1157 2788 19 21 a
1204 2775 139 34 intérêt
1369 2774 20 35 à
1418 2771 124 38 laisser
1570 2771 51 37 les
1648 2770 51 38 lés
1727 2769 162 39 étendus
1917 2785 56 23 sur
2000 2769 32 37 le

1108 2827 49 39 sol
1197 2827 170 50 pendant
1405 2827 175 50 plusieurs
1615 2830 95 46 jours
1746 2832 112 32 avant
1894 2826 50 37 de
1981 2826 50 36 les

1110 2884 124 39 coller.

1111 2964 32 35 3.
1174 2961 246 43 COLLAGE,
1454 2961 105 37 MISE
1592 2962 56 36 EN
1681 2960 148 37 PLACE

1111 3019 45 36 ET
1187 3018 175 47 FAÇON
1397 3018 78 37 DES
1505 3017 169 38 JOINTS

1112 3075 64 36 Les
1201 3072 50 38 lés
1275 3074 199 49 découpés
1498 3077 83 33 sont
1605 3075 64 35 mis
1692 3074 20 36 à
1737 3072 74 37 leur
1839 3072 120 50 place,
1987 3087 45 22 on

1110 3128 117 52 replie
1262 3129 32 37 le
1331 3131 161 48 premier
1526 3128 43 44 lé,
1608 3143 66 36 par
1708 3131 128 35 moitié
1872 3128 92 38 dans
1999 3128 32 36 le

1110 3200 83 24 sens
1218 3186 50 37 de
1295 3184 29 39 la
1352 3184 189 48 longueur,
1569 3201 46 21 on
1643 3184 123 38 balaie
1793 3199 140 23 encore
1963 3198 69 23 une

1110 3242 71 37 fois
1212 3241 30 38 la
1274 3241 148 38 surface
1454 3242 47 37 du
1533 3241 50 38 sol
1616 3243 86 36 ainsi
1736 3256 75 34 que
1843 3241 32 37 le
1907 3255 125 22 revers

1112 3299 47 37 du
1188 3298 32 37 lé
1247 3303 40 32 et
1315 3313 44 22 on
1388 3298 117 37 étend
1534 3297 30 38 la
1592 3297 94 39 colle
1714 3312 56 23 sur
1797 3297 32 38 le
1858 3297 176 50 plancher

1112 3356 174 48 préparé,
1326 3353 82 38 sauf
1446 3369 55 22 sur
1540 3369 70 22 une
1649 3352 147 49 largeur
1836 3353 49 38 de
1932 3356 39 35 10
2010 3355 19 36 à

1118 3413 39 35 15
1181 3425 82 28 cm.,
1289 3425 46 22 en
1361 3410 163 38 bordure
1549 3410 47 38 du
1623 3409 42 44 lé,
1692 3410 51 37 de
1768 3409 148 49 chaque
1943 3411 90 36 côté

1108 3466 80 51 (fig.
1230 3467 90 49 138).

1110 3523 61 37 On
1201 3522 111 37 rabat
1340 3525 145 35 ensuite
1511 3526 78 34 très
1616 3522 295 48 régulièrement
1938 3522 33 38 le
2001 3522 32 37 lé

1111 3594 56 22 sur
1188 3578 32 38 le
1244 3578 176 50 plancher
1442 3578 145 38 encollé
1609 3584 41 33 et
1671 3594 45 23 on
1742 3594 109 35 passe
1873 3578 32 38 le
1928 3578 89 50 cylin-

1110 3634 68 38 dre
1214 3634 140 51 spécial
1392 3638 59 47 qui
1488 3634 131 39 chasse
1656 3634 75 38 l'air
1766 3634 184 39 demeuré
1988 3650 44 23 au

1112 3691 165 44 dessous,
1310 3693 160 47 répartit
1503 3691 30 38 la
1564 3690 94 40 colle
1690 3697 39 32 et
1761 3691 191 50 empêche
1983 3691 52 38 les

1111 3746 208 39 soufflures.

1113 3803 163 38 Comme
1299 3803 18 37 il
1341 3810 58 31 est
1422 3804 53 37 dit
1502 3804 75 50 plus
1601 3804 87 38 haut
1711 3805 96 36 deux
1829 3803 52 39 lés
1903 3806 132 35 voisins

1112 3860 156 37 doivent
1298 3875 40 22 se
1369 3860 238 39 chevaucher
1636 3861 51 38 de
1724 3864 6 34 I
1768 3876 70 24 cm.
1870 3863 164 35 environ.

1113 3916 60 37 Ce
1201 3916 94 37 n'est
1321 3931 74 34 que
1422 3919 88 35 trois
1537 3919 95 47 jours
1660 3919 111 47 après
1798 3916 29 38 la
1859 3919 97 47 prise
1984 3918 50 36 de

2151 2637 180 38 Linoléum

2149 2888 120 37 Pierre

2145 2936 51 39 de
2227 2936 100 39 taille

2147 3022 113 36 Béton

2148 3316 182 39 Linoléum

2149 3391 127 37 Masse

2144 3439 265 47 d'aplanissement

2142 3558 248 38 Couvre-marche

2137 3558 68 37 en
2239 3558 170 37 métal

2149 3676 188 47 Baguette

2147 3741 45 22 en
2221 3726 80 37 bois
2328 3726 67 39 dur

2152 250 29 37 la
2211 249 94 39 colle
2335 266 75 34 que
2439 250 69 38 l'on
2538 267 40 22 se
2608 256 220 47 préoccupe
2857 254 69 38 des
2955 258 119 45 joints.

2151 309 33 34 A
2223 322 45 22 ce
2307 312 178 39 moment,
2525 307 32 39 le
2596 308 169 38 linoléum
2805 315 57 32 est
2901 310 86 38 bien
3026 327 46 21 en

2154 363 108 49 place
2291 368 41 32 et
2359 363 69 37 l'on
2457 379 125 35 coupe
2612 364 31 38 le
2672 364 32 38 lé
2731 365 176 38 inférieur
2935 382 45 21 en
3009 370 50 35 sui-

2150 424 88 33 vant
2265 419 31 38 le
2324 420 94 37 bord
2447 421 48 36 du
2523 420 32 37 lé
2583 424 203 47 supérieur,
2814 422 150 38 rectifié
2991 428 84 32 tout

2149 476 162 38 d'abord
2342 478 19 37 à
2392 476 30 38 la
2453 476 106 49 règle
2587 477 80 50 jfig.
2704 479 90 48 139).

2150 534 61 36 On
2243 533 118 37 étend
2393 536 145 35 ensuite
2570 535 50 36 de
2653 533 29 38 la
2712 540 95 32 colle
2838 537 149 47 épaisse
3018 551 55 23 sur

2149 589 50 39 les
2221 590 168 38 surfaces
2413 605 69 22 non
2506 589 139 39 collées
2670 590 328 50 précédemment,
3023 592 50 37 de

2151 652 83 44 part
2257 652 40 32 et
2319 647 149 37 d'autre
2491 647 48 37 du
2564 649 103 47 joint.
2691 650 124 47 Après
2839 650 100 35 avoir
2964 650 109 47 passé

2148 703 51 38 les
2228 706 108 47 joints
2365 718 45 23 au
2440 702 175 51 cylindre,
2647 719 46 22 on
2725 703 51 38 les
2805 703 142 48 charge
2977 719 94 23 avec

2148 759 69 38 des
2241 759 157 51 plaques
2418 760 51 37 de
2489 759 110 38 fonte
2622 776 45 21 ou
2690 760 69 38 des
2780 775 81 23 sacs
2883 760 51 37 de
2955 760 118 38 sable.

2148 817 43 37 La
2231 818 265 48 température
2533 816 86 38 d'un
2659 816 92 38 local
2789 832 45 22 ne
2872 817 82 37 doit
2993 832 75 34 pas,

2149 873 170 49 pendant
2359 871 30 39 la
2432 887 104 36 pose,
2581 875 83 35 être
2705 873 202 38 inférieure
2946 875 20 36 à
3015 877 38 34 15

2147 929 258 48 centigrades.
2428 930 32 37 Si
2485 944 91 35 pour
2598 945 69 22 une
2689 932 119 35 raison
2831 929 240 50 quelconque

2146 1001 43 22 un
2224 988 90 48 joint
2349 986 95 37 n'est
2481 1001 66 35 pas
2581 985 238 38 absolument
2852 985 134 45 fermé,
3023 1002 45 22 on

2147 1047 92 45 peut
2265 1042 148 49 remplir
2441 1042 217 38 l'interstice
2685 1047 109 33 entre
2820 1042 51 38 les
2898 1042 51 38 lés
2975 1057 95 23 avec

2146 1099 50 37 de
2222 1098 30 38 la
2281 1098 189 51 paraffine
2497 1099 50 38 de
2573 1098 30 38 la
2631 1101 125 36 même
2782 1098 164 39 couleur.

2147 1155 46 37 Le
2219 1170 20 22 «
2267 1156 21 37 S
2306 1171 18 21 u
2346 1171 22 34 p
2385 1169 22 23 e
2426 1171 13 21 r
2455 1170 15 22 s
2488 1155 19 37 h
2525 1157 7 35 i
2552 1171 23 34 p
2600 1171 20 21 »
2648 1158 59 47 qui
2737 1160 149 45 permet
2913 1155 50 38 de
2989 1158 62 34 réa-

2145 1211 80 38 liser
2258 1212 68 37 des
2358 1211 170 48 dallages
2559 1214 77 36 très
2666 1214 121 35 variés
2818 1217 40 32 et
2892 1212 94 37 dont
3017 1211 52 38 les

2144 1267 185 38 éléments
2356 1273 83 33 sont
2467 1268 200 50 découpés
2693 1284 47 22 en
2767 1267 190 50 fabrique,
2987 1268 81 38 doit

2146 1325 83 37 être
2253 1327 92 47 posé
2367 1327 144 35 suivant
2532 1340 43 22 un
2599 1324 82 50 plan
2704 1324 116 38 établi
2843 1327 20 35 à
2887 1324 182 38 l'avance.

2146 1381 89 37 Pour
2271 1379 30 39 la
2340 1395 92 35 pose
2471 1381 47 37 du
2556 1380 235 38 linoléum
2828 1383 238 41 incrusté,

2144 1435 19 38 il
2196 1436 82 37 faut
2312 1441 198 46 respecter
2544 1437 31 37 la
2610 1439 206 36 continuité
2849 1437 48 37 du
2931 1439 136 36 dessin.

2146 1493 61 38 On
2239 1496 138 34 atteint
2407 1508 45 23 ce
2484 1492 154 38 résultat
2667 1508 45 23 en
2744 1496 163 46 ajustant
2935 1492 52 39 les
3017 1492 52 38 lés

2145 1549 135 50 depuis
2309 1548 33 38 le
2373 1554 132 33 centre
2535 1549 47 37 du
2615 1548 176 51 plancher
2821 1550 50 36 de
2902 1549 113 50 façon
3046 1551 20 35 à

2145 1620 45 22 ce
2225 1620 74 34 que
2335 1604 50 39 les
2419 1604 151 49 légères
2603 1605 252 48 irrégularités
2891 1605 154 38 acciden-

2144 1660 107 39 telles
2281 1661 47 38 du
2360 1661 123 38 dessin
2515 1662 302 50 n'apparaissent
2845 1677 75 34 que
2949 1677 56 22 sur
3034 1661 33 37 le

2148 1722 178 45 pourtour
2352 1718 50 37 de
2429 1717 29 38 la
2488 1720 124 47 pièce.
2641 1717 18 38 Il
2686 1723 59 32 est
2772 1717 219 50 préférable
3017 1717 51 38 de

2145 1774 91 37 fixer
2257 1773 50 38 les
2331 1773 157 50 plinthes
2509 1777 111 46 après
2641 1773 30 38 la
2695 1789 107 35 pose;
2824 1776 24 35 si
2871 1774 81 37 cela
2975 1774 94 37 n'est

2147 1845 66 34 pas
2242 1828 173 51 possible,
2446 1846 45 21 on
2519 1830 154 50 dispose
2702 1829 33 38 le
2765 1829 83 49 long
2878 1830 69 38 des
2975 1845 93 22 murs

2146 1886 69 38 des
2244 1886 209 48 baguettes
2482 1901 75 34 que
2585 1886 70 37 l'on
2683 1886 108 38 cloue
2819 1901 55 23 sur
2903 1886 51 38 les
2983 1886 69 50 plin-

2145 1942 96 38 thes.

2147 1999 64 36 Les
2263 1998 248 38 marches
2562 1998 347 38 d'escaliers
2959 2001 109 34 usées

2146 2060 83 32 sont
2254 2057 210 47 préparées
2488 2060 113 32 avant
2623 2054 31 38 la
2682 2069 104 35 pose,
2812 2054 50 38 de
2888 2054 30 37 la
2945 2056 124 35 même

2147 2114 167 34 manière
2338 2111 110 49 qu'un
2475 2110 189 51 plancher.
2689 2113 56 35 Au
2772 2116 167 32 moment
2963 2110 50 38 de
3038 2110 30 37 la

2149 2181 103 35 pose,
2281 2166 30 38 la
2340 2166 93 39 colle
2459 2167 83 37 doit
2568 2169 83 36 être
2678 2166 172 38 étendue
2876 2182 56 23 sur
2959 2171 110 33 toute

2145 2223 30 38 la
2204 2223 149 38 surface
2382 2225 19 36 à
2431 2226 185 35 recouvrir
2643 2223 80 49 (fig.
2758 2227 66 33 140
2852 2229 40 32 et
2926 2223 91 51 141).

2149 2279 17 38 Il
2192 2284 59 33 est
2274 2282 165 47 toujours
2466 2279 163 50 prudent
2653 2279 51 38 de
2728 2279 91 37 fixer
2844 2294 70 22 une
2942 2279 127 37 bande

2145 2336 51 37 de
2229 2338 75 36 cuir
2335 2351 45 22 ou
2414 2336 50 37 de
2497 2336 238 38 caoutchouc
2769 2338 234 47 protégeant
3035 2335 32 37 le

2147 2406 66 23 nez
2237 2392 51 37 de
2317 2391 29 38 la
2377 2392 150 37 marche
2556 2408 44 21 ou
2629 2395 118 34 mieux
2775 2406 152 29 encore,
2958 2392 50 36 de
3034 2390 33 37 le

2147 2450 112 35 munir
2279 2449 112 36 d'une
2412 2451 215 47 protection
2648 2447 227 49 métallique,
2897 2449 151 45 soigneu-

2146 2509 148 32 sement
2314 2504 212 37 raccordée
2549 2520 44 21 au
2616 2503 182 38 linoléum.

2151 3183 77 36 140.
2267 3182 157 36 Marche
2446 3182 199 37 d'escalier
2667 3198 45 22 en
2738 3185 122 47 pierre
2883 3184 50 37 de
2955 3183 115 39 taille.

2153 3923 77 35 141.
2270 3921 157 37 Marche
2452 3921 198 38 d'escalier
2676 3937 45 22 en
2749 3921 91 37 bois.
