2654 4140
577 460 77 42 LE
687 448 371 54 MÉCANISME
1089 455 205 44 VOCAL
1329 453 77 41 ET
1440 452 78 43 LE
1551 452 219 43 CHANT

1973 470 76 41 149

353 611 291 57 L'aspiration
677 611 103 42 tend
810 615 323 38 constamment
1154 610 23 37 à
1199 619 43 26 se
1272 602 263 54 raccourcir,
1572 607 24 36 à
1632 603 195 41 s'arrêter
1867 603 106 42 dans
2011 607 44 40 la

294 700 130 44 gorge
438 702 11 37 ;
471 694 225 34 comment
714 686 41 41 la
777 681 297 44 conduira-t-il
1089 683 23 37 à
1129 692 80 28 son
1229 677 126 56 point
1378 673 180 57 d'appui
1582 676 187 51 naturel,
1788 675 37 40 le
1840 677 217 43 nombril?

296 762 240 45 Comment
570 758 265 44 forcera-t-il
857 756 97 43 l'air
975 760 23 35 à
1017 751 231 44 descendre
1270 756 24 35 à
1317 748 258 42 l'extrémité
1613 748 72 41 des
1723 762 216 41 poumons
1959 763 98 28 sans

294 838 60 44 les
385 836 184 52 froisser,
606 847 97 28 sans
730 832 58 41 les
828 831 156 40 blesser
999 831 16 39 ?
1048 827 238 42 Comment
1307 822 355 57 empêchera-t-il
1695 822 41 41 la
1764 822 101 41 voix
1886 822 52 41 de
1959 823 73 41 che-

293 921 146 34 vroter
477 911 108 43 dans
623 910 38 40 le
696 906 139 57 gosier
868 901 314 58 congestionné
1220 907 41 38 et
1298 897 330 57 l'obligera-t-il
1650 899 22 40 à
1697 896 142 41 vibrer
1871 897 109 42 dans
2014 898 43 41 la

298 986 225 57 jpoitrine?

357 1097 202 55 Réponse
583 1106 10 32 :

358 1209 69 41 En
448 1208 231 41 exécutant
702 1204 377 56 rigoureusement
1106 1202 60 43 les
1196 1207 306 37 mouvements
1529 1198 80 57 qui
1634 1198 224 56 précèdent
1884 1204 42 34 et
1953 1209 107 31 ceux

301 1284 76 55 qui
400 1283 194 42 suivent.

353 1357 206 41 Ouvrant
580 1355 42 42 la
644 1353 169 43 bouche
848 1353 108 40 dans
992 1359 120 34 toute
1139 1364 44 27 sa
1206 1350 205 51 hauteur,
1441 1362 46 28 ce
1514 1346 76 56 qui
1619 1349 203 39 amènera
1854 1359 63 27 un
1949 1345 113 53 léger

298 1440 150 35 retour
468 1430 54 42 de
542 1430 41 42 la
604 1428 223 42 mâchoire
849 1426 234 41 inférieure
1115 1437 96 27 vers
1238 1423 41 40 la
1310 1421 191 56 position
1536 1420 194 41 normale
1761 1419 159 54 qu'elle
1947 1419 115 40 avait

298 1505 304 50 abandonnée,
617 1518 58 28 on
698 1517 42 26 se
762 1503 39 40 le
819 1500 206 57 rappelle,
1049 1499 162 52 l'élève,
1230 1504 232 34 entravant
1482 1508 46 28 ce
1545 1503 146 33 retour
1713 1494 51 40 de
1785 1506 79 28 son
1891 1492 169 50 mieux,

300 1581 191 56 aspirera
512 1579 97 42 l'air
630 1591 57 28 au
711 1575 194 42 nombril
935 1583 39 34 et
994 1574 59 54 l'y
1083 1571 217 43 retiendra
1323 1584 78 42 par
1440 1569 170 42 l'entier
1644 1567 320 52 soulèvement,
1987 1580 75 41 par

298 1655 192 43 l'entière
510 1651 234 43 dilatation
766 1650 73 41 des
861 1651 115 40 côtes
998 1645 254 57 auxquelles
1274 1645 30 40 il
1336 1642 239 43 s'efforcera
1601 1642 52 41 de
1674 1641 167 42 donner
1872 1647 119 35 toute
2024 1638 41 42 la

300 1729 170 43 tension
496 1724 212 58 possible;
735 1736 55 28 en
813 1721 141 43 même
974 1729 140 47 temps
1136 1720 32 40 il
1190 1717 239 56 suspendra
1450 1717 38 41 la
1512 1713 278 58 respiration;
1815 1713 111 42 alors
1948 1713 30 41 il
1999 1726 44 28 re-

300 1812 157 33 mettra
480 1802 40 41 la
546 1800 170 42 bouche
736 1799 108 40 dans
866 1797 42 41 la
928 1795 196 57 position
1145 1793 164 42 voulue
1331 1800 40 33 et
1396 1792 30 40 il
1445 1792 182 41 émettra
1651 1790 38 40 le
1717 1802 79 27 son
1818 1802 75 27 sur
1912 1787 40 42 la
1975 1790 67 50 syl-

298 1879 95 41 labe
416 1876 124 42 BEU
564 1877 86 40 très
672 1880 202 44 ouverte;
884 1894 53 10 —
947 1884 46 28 ce
1016 1882 90 28 sera
1126 1868 41 41 là
1192 1881 79 28 son
1293 1865 185 57 premier
1501 1863 188 43 exercice
1708 1862 142 51 vocal;
1945 1861 117 42 enfin

302 1952 31 42 il
354 1951 128 42 tirera
503 1961 104 29 avec
632 1946 176 56 énergie
828 1945 40 41 la
891 1943 150 57 pointe
1062 1943 72 40 des
1153 1941 176 56 épaules
1351 1952 94 28 vers
1467 1937 39 42 le
1526 1936 78 49 sol,
1628 1936 30 40 il
1680 1946 208 30 avancera
1907 1933 41 41 la
1967 1934 64 38 mâ-

298 2025 151 41 choire
471 2021 236 43 inférieure
728 2019 38 41 le
787 2018 101 56 plus
910 2017 111 55 qu'il
1041 2028 178 44 pourra,
1246 2013 94 55 (ces
1370 2012 113 41 deux
1516 2016 306 34 mouvements
1854 2019 43 28 se
1926 2006 93 41 font
2039 2009 26 37 à

301 2101 42 39 la
366 2097 96 52 fois,
486 2096 275 54 séparément
782 2092 53 41 ils
858 2105 54 26 ne
933 2088 306 57 produiraient
1255 2086 94 40 rien
1364 2086 51 40 de
1436 2083 125 55 bon),
1581 2089 41 35 et
1639 2083 32 39 il
1697 2089 166 47 portera
1883 2079 37 41 le
1938 2079 124 41 BEU

302 2186 76 28 sur
397 2172 73 41 l'A
491 2169 75 41 des
592 2167 195 49 Italiens,
810 2166 52 40 de
885 2164 124 54 façon
1031 2166 23 36 à
1077 2160 172 42 obtenir
1270 2157 239 43 BEU—A.
1534 2155 60 42 Ce
1613 2155 123 41 BEU
1760 2153 91 43 doit
1873 2155 88 38 être
1981 2152 85 54 pris

302 2261 56 28 au
381 2257 131 29 creux
533 2243 54 41 de
607 2242 236 40 l'estomac.
870 2238 61 41 Le
954 2249 78 28 son
1049 2248 73 28 sur
1145 2233 146 56 lequel
1312 2246 58 27 on
1396 2230 13 41 1
1427 2229 243 52 articulera,
1693 2229 244 52 également
1954 2233 89 33 atta-

302 2320 85 56 qué
407 2333 56 28 au
486 2331 132 28 creux
640 2315 51 42 de
714 2314 241 52 l'estomac,
973 2310 174 42 vibrera
1168 2304 240 46 désormais
1430 2305 108 40 dans
1558 2303 41 42 la
1614 2301 192 56 poitrine
1827 2300 96 55 qui,
1945 2312 91 28 com-

305 2395 233 55 plètement
560 2388 160 43 dilatée
743 2392 24 36 à
794 2399 47 28 sa
870 2385 119 54 base,
1012 2384 187 41 formera
1219 2393 89 29 une
1329 2378 207 42 chambre
1568 2373 272 43 d'harmonie
1867 2373 199 40 d'autant

303 2468 98 57 plus
427 2473 119 34 vaste
566 2477 88 42 que
674 2461 41 42 la
735 2459 196 57 capacité
960 2458 60 40 du
1049 2456 157 42 thorax
1242 2467 91 27 sera
1366 2453 101 54 plus
1501 2446 293 45 considérable
1822 2454 41 33 et
1890 2458 85 42 que
2006 2445 59 39 les

305 2554 217 45 poumons
543 2536 312 45 contiendront
889 2534 100 56 plus
1009 2530 122 42 d'air.
1161 2527 133 54 Lair,
1318 2524 169 43 soumis
1509 2529 24 35 à
1554 2524 14 40 1
1586 2521 142 42 action
1751 2521 50 40 de
1829 2519 40 40 la
1890 2517 175 42 volonté

305 2630 75 44 par
397 2629 68 28 ces
486 2613 249 43 différentes
757 2619 299 39 manœuvres,
1082 2602 208 58 produira
1314 2599 129 42 l'effet
1472 2597 53 41 de
1545 2596 40 41 la
1606 2607 163 42 vapeur
1802 2591 263 55 comprimée

305 2700 40 34 et
364 2690 202 42 vibrante
585 2686 109 42 dans
716 2684 41 42 la
778 2680 278 51 locomotive,
1082 2685 42 33 et
1159 2676 40 41 le
1219 2675 211 40 chanteur
1460 2668 235 42 deviendra
1723 2667 38 40 le
1796 2663 269 44 mécanicien

306 2766 51 41 de
376 2765 42 42 la
438 2761 204 43 machine
661 2757 232 51 humaine,
929 2754 37 40 le
999 2754 156 39 maître
1177 2746 155 43 absolu
1354 2745 50 42 de
1430 2757 65 27 ses
1521 2741 245 42 évolutions
1798 2738 206 49 internes,
2027 2734 38 41 le

306 2837 249 56 régulateur
575 2834 52 40 de
647 2830 191 43 certains
858 2830 309 39 mouvements
1187 2821 108 42 dont
1317 2818 30 42 il
1374 2823 283 47 augmentera
1677 2827 59 28 ou
1757 2812 244 41 diminuera
2027 2822 38 27 ta

307 2911 230 56 puissance
559 2912 24 38 à
602 2920 77 29 son
703 2905 87 54 gré.
814 2902 115 43 C'est
950 2902 24 40 à
994 2898 65 42 lui
1089 2897 53 41 de
1164 2893 216 43 travailler
1401 2905 44 28 ce
1470 2902 86 42 que
1585 2887 38 56 je
1646 2887 63 42 lui
1740 2883 202 55 enseigne
1971 2882 69 54 jus-

307 2987 100 56 qu'à
428 3000 47 27 ce
496 2997 87 42 que
602 2982 86 42 cela
711 2980 63 42 lui
797 2977 215 43 devienne
1036 2972 192 52 naturel,
1263 2968 105 54 aisé,
1392 2964 172 58 jusqu'à
1595 2976 46 28 ce
1661 2975 84 41 que
1766 2961 91 39 cela
1888 2972 43 27 se
1959 2957 107 40 fasse

307 3075 98 28 sans
427 3060 139 50 effort,
595 3056 197 56 quoique
815 3051 338 57 puissamment.
1194 3041 218 55 Lorsqu'il
1437 3052 89 28 sera
1561 3034 251 43 familiarisé
1837 3044 102 30 avec
1959 3039 108 32 cette

306 3133 325 59 gymnastique,
654 3131 176 53 lorsque
852 3127 39 41 le
913 3123 274 43 maniement
1201 3118 52 41 de
1267 3131 45 28 ce
1332 3113 265 44 mécanisme
1619 3123 91 27 sera
1731 3108 171 42 devenu
1917 3119 64 28 un
1996 3104 70 56 jeu

307 3223 109 42 pour
437 3207 82 55 lui,
541 3204 199 55 lorsqu'il
763 3215 128 27 saura
913 3199 103 41 bien
1045 3204 281 33 manœuvrer
1359 3192 14 39 1
1390 3197 204 40 estomac,
1619 3183 210 52 soulever,
1851 3179 155 42 dilater
2025 3185 42 33 et

308 3282 150 43 tendre
480 3295 52 28 en
555 3279 175 51 arrière,
754 3277 243 40 lentement
1017 3278 42 34 et
1082 3282 98 28 sans
1204 3276 236 38 secousses,
1463 3260 60 41 les
1548 3259 129 51 côtes,
1702 3268 129 29 seirei
1858 3254 59 41 les
1947 3265 49 27 co
2018 3265 49 26 ns

310 3358 50 41 de
381 3357 39 40 la
443 3354 170 43 bouche
634 3366 76 28 sur
731 3352 60 42 les
814 3349 221 48 molaires,
1056 3354 183 32 avancer
1261 3340 39 40 la
1322 3336 218 42 mâchoire
1561 3331 247 54 inférieure,
1830 3340 179 42 respirer
2031 3336 36 30 et

313 3430 103 41 faire
434 3429 127 56 jouer
584 3429 61 41 les
663 3438 238 46 poumons,
918 3436 69 29 ces
1008 3418 193 43 soufflets
1223 3411 225 52 humains,
1468 3409 30 41 il
1520 3420 121 28 veiia
1665 3420 43 26 sa
1730 3405 161 52 langue
1912 3415 17 26 s
1945 3400 97 55 apla

315 3504 57 42 tir
393 3512 41 34 et
457 3517 42 28 se
519 3516 169 27 creuser
708 3514 59 28 au
786 3499 152 42 milieu
962 3509 74 28 sur
1060 3500 120 35 toute
1199 3503 44 27 sa
1263 3488 209 54 longueui
1497 3495 106 43 poui
1633 3480 150 41 foimei
1812 3490 61 27 un
1893 3472 173 51 viaduc,
