2654 4140
680 448 215 44 REVUE
928 449 109 43 DES
1068 450 339 43 THEATRES
1441 451 314 51 LYRIQUES

2017 453 78 43 183

340 607 188 49 fortune,
564 600 38 55 je
635 599 84 42 sais
753 599 103 42 bien
879 614 85 41 que
985 600 248 44 l'existence
1253 601 52 41 de
1326 601 44 43 la
1398 600 161 43 Créole
1581 614 54 28 ne
1655 615 92 28 sera
1775 616 74 42 pas
1870 605 51 40 de
1941 605 161 54 longue

339 680 145 49 durée,
520 676 110 43 mais
663 682 101 35 tout
800 675 90 42 cela
924 677 266 42 néanmoins
1227 677 212 56 prolonge
1465 686 120 33 notre
1608 677 210 55 supplice,
1856 685 41 34 et
1923 679 31 40 il
1976 682 129 41 serait

340 753 137 60 grand
499 760 141 47 temps
659 764 88 42 que
769 757 108 36 cette
901 752 253 41 mascarade
1170 765 100 28 sans
1292 753 124 53 goût,
1438 764 101 28 sans
1559 750 136 56 esprit
1715 760 40 34 et
1775 764 98 28 sans
1892 752 149 41 valeur
2061 767 43 28 se

340 828 168 46 décidât
528 825 119 44 enfin
667 828 24 38 à
713 825 155 42 cacher
890 839 65 28 ses
975 826 226 57 oripeaux,
1237 835 40 34 et
1299 829 24 39 à
1352 835 167 33 rentrer
1543 825 110 43 dans
1676 826 39 42 le
1736 826 155 54 grabat
1910 825 100 43 d'où
2029 826 78 44 elle

341 901 187 47 n'aurait
547 900 152 56 jamais
718 899 60 42 dû
801 899 142 42 sortir.

397 980 118 42 Pour
532 989 55 29 en
607 974 127 43 venir
755 973 285 44 directement
1060 978 24 39 à
1109 974 46 43 la
1184 974 165 44 Créole
1354 1007 10 21 ,
1388 988 58 30 on
1467 988 41 30 se
1529 974 191 58 rappelle
1747 987 99 29 sans
1871 975 133 42 doute
2025 988 84 42 que

341 1057 38 42 le
397 1051 186 60 premier
602 1049 110 44 fruit
731 1049 54 42 de
805 1050 42 41 la
880 1049 317 42 collaboration
1232 1050 52 42 de
1307 1049 118 44 MM.
1459 1050 156 43 Albert
1653 1049 188 42 Millaud
1863 1056 42 35 et
1924 1049 185 56 Jacques

341 1126 258 53 Offenbach,
624 1124 182 57 produit
828 1138 103 28 sous
954 1124 39 42 le
1012 1125 104 42 titre
1136 1125 53 42 de
1209 1126 221 41 Madame
1454 1124 277 52 VArchiduc,
1757 1124 162 42 n'avait
1940 1123 64 44 été
2025 1138 84 42 que

341 1202 339 45 médiocrement
700 1199 213 42 heureux.
940 1199 167 57 Malgré
1129 1199 63 43 les
1213 1199 131 42 lazzis
1366 1199 120 42 fanés
1513 1200 60 41 du
1594 1215 18 24 «
1640 1200 123 54 poète
1786 1213 44 38 »,
1852 1198 164 55 malgré
2048 1199 61 41 les

341 1279 358 43 enchantements
719 1274 54 41 de
794 1274 43 42 la
857 1275 92 56 lyre
969 1275 60 42 du
1051 1275 238 53 musicien,
1317 1274 164 56 malgré
1501 1274 41 42 la
1563 1274 203 56 présence
1797 1274 134 41 d'une
1957 1273 152 42 artiste

340 1355 76 56 qui
438 1360 63 35 est
521 1350 220 43 vraiment
764 1362 90 30 une
884 1349 278 55 charmeuse,
1192 1350 203 41 madame
1423 1349 148 54 Judic,
1593 1348 217 43 Madame
1848 1347 262 43 l'Archiduc

341 1429 115 44 avait
475 1427 141 43 traîné
637 1424 303 58 péniblement
962 1438 89 30 une
1072 1425 71 42 vie
1164 1425 292 53 somnolente,
1479 1431 43 34 et
1541 1423 90 42 Ton
1659 1425 74 43 eût
1752 1423 64 42 dit
1836 1436 86 43 que
1942 1421 147 43 l'infor-

341 1505 129 43 tunée
490 1515 54 30 ne
565 1500 218 43 marchait
809 1500 223 55 qu'armée
1052 1500 135 42 d'une
1207 1500 120 55 paire
1348 1499 52 41 de
1421 1498 282 43 formidables
1727 1497 229 55 béquilles,
1978 1510 107 44 pour-

341 1580 177 43 suivant
538 1575 264 43 cahin-caha
823 1574 38 42 le
882 1588 129 29 cours
1032 1575 135 43 d'une
1187 1574 181 42 carrière
1387 1573 218 42 uniforme
1625 1582 41 33 et
1686 1571 313 56 languissante.

397 1654 36 42 Il
454 1667 53 28 en
529 1665 93 29 sera
642 1651 52 42 de
717 1651 158 52 même,
896 1649 211 58 croyez-le
1130 1649 118 54 bien,
1266 1649 53 42 de
1342 1649 45 41 la
1416 1649 160 41 Créole
1581 1681 10 21 ,
1615 1648 36 41 si
1672 1654 96 35 tant
1789 1656 61 33 est
1866 1647 142 42 même
2025 1660 86 42 que

341 1728 169 45 celle-ci
530 1726 241 58 parvienne
792 1731 23 37 à
838 1739 43 28 se
898 1725 243 42 maintenir
1157 1724 194 56 quelque
1367 1731 141 47 temps
1529 1736 75 28 sur
1624 1721 199 50 l'affiche,
1842 1735 46 28 ce
1907 1722 76 54 qui
2004 1721 107 43 n'est

341 1820 74 42 pas
437 1802 286 44 absolument
744 1801 181 56 prouvé.
966 1799 171 56 Malgré
1158 1799 62 42 les
1254 1798 145 43 efforts
1434 1811 85 41 que
1552 1798 38 41 le
1623 1796 256 43 théâtricule
1902 1810 24 27 a
1949 1795 83 41 mis
2054 1809 55 28 au

342 1880 161 43 service
528 1878 53 42 de
602 1891 64 29 ses
688 1876 325 52 fournisseurs;
1037 1874 165 55 malgré
1223 1887 79 29 son
1330 1872 199 42 vaisseau
1560 1872 61 42 du
1660 1870 215 42 troisième
1901 1878 107 46 acte,
2033 1869 77 55 qui

341 1954 228 43 ressemble
602 1956 24 38 à
659 1966 108 28 ceux
805 1952 53 42 de
893 1950 304 54 VAfricaine,
1522 1957 42 32 et
1593 1945 61 43 du
1688 1945 104 42 Fils
1817 1945 59 42 de
1912 1945 44 40 la
1997 1944 114 43 Nuit

341 2043 172 29 comme
530 2029 66 43 M.
618 2026 245 44 Offenbach
886 2025 236 43 ressemble
1142 2029 24 38 à
1187 2038 64 29 un
1273 2023 242 53 musicien;
1539 2021 164 55 malgré
1724 2019 38 43 le
1783 2022 182 52 langage
1983 2019 128 54 nègre

342 2119 84 42 que
449 2105 63 42 M.
538 2103 189 43 Millaud
752 2117 24 27 a
798 2102 135 56 prêté,
957 2114 57 29 on
1039 2113 54 29 ne
1115 2100 84 42 sait
1218 2097 239 58 pourquoi,
1482 2101 23 37 à
1524 2110 45 28 sa
1590 2095 160 52 créole;
1770 2094 163 55 malgré
1950 2093 140 42 l'intel-

341 2181 165 56 ligence
526 2178 212 44 véritable
760 2185 42 35 et
823 2175 355 44 l'incontestable
1207 2174 139 43 talent
1368 2173 52 42 de
1442 2171 202 42 madame
1662 2168 156 54 Judic,
1841 2168 59 42 les
1921 2166 161 44 admira-

341 2263 115 35 teurs
489 2255 60 41 du
583 2267 132 43 genre
746 2266 55 29 ne
832 2266 42 27 se
902 2254 180 54 pâment
1102 2249 104 56 qu'à
1231 2248 153 43 moitié
1414 2247 162 43 devant
1609 2246 61 42 les
1701 2244 202 57 prodiges
1931 2243 52 42 de
2018 2243 93 40 leur

341 2330 126 54 idole,
492 2338 40 35 et
553 2329 91 43 Ton
665 2336 106 48 peut
793 2327 98 43 voir
913 2326 255 42 clairement
1191 2338 86 42 que
1298 2324 41 41 la
1367 2323 234 56 puissance
1623 2330 43 34 et
1686 2319 222 44 l'autorité
1926 2318 54 41 de
1999 2317 87 42 l'au-

339 2413 97 36 teur
452 2406 49 40 de
522 2403 226 54 BarkouJ]
774 2403 60 41 du
857 2401 222 56 Papillon
1100 2410 40 31 et
1160 2400 60 41 du
1251 2399 118 41 Pont
1399 2397 78 42 des
1500 2396 194 55 Soupirs
1714 2402 111 35 vont
1858 2392 253 42 diminuant

339 2481 51 41 de
411 2479 97 56 jour
533 2493 53 28 en
607 2479 113 55 jour.
748 2477 78 49 Or,
853 2477 29 42 il
905 2476 75 56 n'y
1002 2490 23 27 a
1049 2490 76 41 pas
1158 2474 53 42 de
1244 2473 172 53 milieu,
1440 2479 41 35 et
1503 2471 150 55 quand
1687 2469 112 42 celui
1830 2469 134 54 qu'on
1986 2481 24 27 a
2030 2479 54 42 ap-

341 2556 92 55 pelé
454 2554 38 43 le
513 2554 65 43 roi
601 2554 51 42 de
675 2554 224 55 l'opérette
920 2566 55 28 ne
994 2557 220 49 remporte
1238 2563 76 43 pas
1336 2561 89 28 une
1458 2545 215 56 complète
1705 2542 178 43 victoire
1914 2546 24 36 à
1963 2541 41 41 la
2025 2541 85 41 tête

340 2630 52 42 de
411 2644 44 28 sa
476 2631 205 41 vaillante
703 2630 158 51 armée,
884 2641 58 28 on
962 2634 106 49 peut
1088 2625 116 44 tenir
1224 2637 112 43 pour
1354 2621 164 43 certain
1541 2635 61 41 qu
1619 2620 30 41 il
1670 2625 65 35 est
1755 2631 53 27 en
1827 2617 194 50 déroute,
2039 2627 71 28 car

341 2707 108 41 dans
469 2713 66 35 cet
555 2705 124 43 ordre
700 2704 158 42 d'idées
880 2702 32 42 il
934 2702 76 56 n'y
1031 2716 24 27 a
1078 2714 76 42 pas
1181 2699 56 41 de
1270 2697 182 43 résultat
1481 2694 182 55 indécis,
1685 2702 41 33 et
1757 2705 23 28 c
1797 2698 63 35 est
1880 2691 39 42 le
1955 2703 68 27 cas
2057 2688 52 42 de

340 2780 90 43 dire
451 2781 110 56 qu'il
583 2781 93 42 faut
698 2779 177 43 vaincre
896 2792 62 28 ou
981 2775 187 43 mourir.

395 2856 125 42 Vous
541 2853 305 57 raconterai-je
868 2860 99 35 tout
988 2865 58 29 au
1068 2851 106 53 long
1209 2849 61 42 les
1305 2845 217 44 incidents
1541 2841 162 59 puérils
1724 2841 78 56 qui
1827 2838 223 43 émaillent
2070 2838 39 41 le

339 2930 126 43 livret
493 2931 132 42 banal
645 2931 53 42 de
722 2930 47 42 la
802 2929 165 43 Créole
985 2928 24 40 ?
1033 2925 125 43 Vous
1180 2922 165 56 ferai-je
1367 2933 88 30 une
1474 2918 175 56 analyse
1670 2914 194 44 détaillée
1888 2914 73 41 des
1984 2925 95 29 mon-

339 3005 224 43 struosités
598 3004 234 43 musicales
869 3002 79 57 qui
976 3015 44 28 se
1056 2999 95 42 font
1182 3008 255 43 remarquer
1470 2994 108 40 dans
1611 2991 41 41 la
1681 2989 210 56 partition
1906 2985 18 45 ?
1949 2987 74 41 Ma
2051 2985 58 42 foi

340 3093 104 41 non,
468 3094 71 28 car
559 3079 88 43 cela
672 3093 55 29 ne
749 3092 112 29 vous
879 3075 240 44 amuserait
1135 3072 274 43 assurément
1426 3081 76 43 pas
1523 3066 98 56 plus
1638 3078 84 41 que
1738 3062 105 42 moi.
1866 3062 74 42 On
1961 3074 25 28 a
2006 3060 99 42 bien

338 3156 158 54 essayé,
520 3155 39 42 le
581 3154 192 56 premier
793 3153 105 51 soir,
920 3151 54 42 de
1014 3148 106 43 faire
1149 3161 63 28 un
1234 3144 294 58 quasi-succès
1561 3144 24 37 à
1614 3139 114 41 deux
1762 3151 58 28 ou
1845 3135 105 43 trois
1989 3148 89 29 mor-

338 3243 134 29 ceaux
493 3244 64 29 un
578 3243 85 43 peu
698 3229 100 57 plus
833 3225 305 45 croustillants
1160 3235 89 43 que
1278 3221 60 41 les
1368 3226 165 45 autres,
1556 3228 87 28 une
1673 3214 194 41 chanson
1902 3212 136 41 créole

339 3304 266 43 c'est-à-dire
626 3308 150 52 nègre,
881 3316 84 29 une
990 3302 219 48 berceuse,
1234 3309 87 28 une
1342 3290 264 57 complainte
1643 3297 253 47 grotesque,
1927 3285 110 42 mais
2058 3285 52 40 de

338 3379 50 40 de
408 3386 97 34 tout
523 3379 93 41 cela
639 3379 31 41 il
693 3393 53 26 ne
767 3386 112 33 reste
915 3374 94 55 déjà
1033 3387 75 41 pas
1146 3368 285 58 grand'chose
1464 3363 184 56 aujourd
1666 3362 96 54 hui,
1797 3369 41 34 et
1870 3359 174 42 demain
2074 3358 37 40 le

339 3453 205 42 souvenir
578 3454 143 41 même
752 3466 91 27 sera
877 3450 146 43 effacé.
1055 3446 156 43 J'aime
1246 3443 152 42 mieux
1430 3453 70 28 me
1533 3439 156 41 borner
1712 3441 23 37 à
1757 3449 111 29 vous
1901 3434 89 40 aire
2023 3444 85 42 que

341 3528 198 43 madame
558 3528 132 42 Judic
712 3537 62 33 est
797 3525 202 53 toujours
1021 3523 273 45 charmante,
1319 3530 87 42 que
1440 3511 325 47 mademoiselle
1792 3506 240 47 Van-Ghell
2054 3516 53 30 ne
