2654 4140
1049 463 79 42 LA
1159 460 388 54 CHRONIQUE
1579 460 322 43 MUSICALE

594 464 82 54 184

587 626 191 42 manque
802 613 47 42 ni
870 614 52 41 de
945 616 122 53 grâce
1103 614 45 41 ni
1178 612 345 55 d'intelligence,
1555 610 167 56 qu'une
1746 610 128 56 jeune
1904 609 262 55 débutante,
2201 609 120 42 made-

588 689 193 42 moiselle
806 689 118 42 Luce
947 689 251 54 Couturier,
1234 699 61 31 est
1322 696 122 34 toute
1465 687 246 55 mignonne
1739 693 42 35 et
1801 693 122 35 toute
1944 684 203 52 aimable,
2171 693 42 34 et
2232 684 117 42 enfin

590 776 85 41 que
696 763 39 41 le
757 764 204 53 comique
985 764 212 55 Daubray
1221 764 69 40 n'a
1312 776 76 42 pas
1409 763 65 43 été
1496 769 108 35 cette
1631 761 83 42 fois
1736 764 24 38 à
1779 760 41 42 la
1841 760 190 41 hauteur
2051 759 52 42 de
2125 772 64 28 ses
2208 766 119 48 parte-

588 837 142 41 naires
752 838 221 44 féminins.

643 912 56 40 Et
720 926 77 27 sur
814 925 62 39 ce,
898 912 176 50 lecteur,
1105 912 39 55 je
1161 912 90 56 prie
1279 912 37 42 le
1342 912 76 43 ciel
1441 912 110 56 qu'il
1572 925 109 29 vous
1707 911 150 42 tienne
1881 923 52 28 en
1957 909 129 55 garde
2123 915 148 35 contre
2307 909 43 40 la

593 985 158 42 Créole
771 994 40 33 et
832 999 63 28 ses
917 985 270 44 semblables.

1862 1061 52 41 O.
1952 1059 51 41 L.
2045 1058 50 41 T.

644 1354 725 52 FOLIES-DRAMATIQUES.
1390 1380 46 5 -
1453 1356 64 41 Le
1537 1357 278 54 Pompon.—
1836 1354 139 42 Est-il
1992 1353 101 41 bien
2115 1352 236 42 nécessaire

582 1432 52 40 de
652 1444 108 28 vous
778 1437 198 34 raconter
992 1443 75 41 par
1084 1430 38 40 le
1142 1429 131 42 détail
1291 1430 40 41 la
1352 1430 110 41 fable
1482 1430 218 55 imaginée
1714 1444 78 42 par
1811 1429 119 42 MM.
1949 1427 162 42 Chivot
2131 1434 42 34 et
2194 1427 156 40 Duru?

581 1505 50 41 Je
652 1517 53 29 ne
729 1505 38 40 le
787 1504 109 41 crois
919 1517 89 40 pas.
1042 1504 61 41 La
1131 1505 341 54 représentation
1494 1505 50 40 de
1566 1505 94 40 leur
1685 1504 117 56 pièce
1829 1504 69 40 n'a
1919 1517 76 41 pas
2026 1500 137 44 réussi
2185 1504 23 37 à
2236 1500 91 40 inté-

582 1593 132 27 resser
747 1580 59 40 les
834 1585 277 49 spectateurs,
1145 1579 38 40 le
1220 1578 106 41 récit
1351 1579 146 42 aurait
1522 1592 156 28 encore
1716 1578 145 40 moins
1890 1577 53 41 de
1972 1577 185 41 chances
2185 1574 139 41 d'inté-

585 1667 132 27 resser
736 1653 59 40 les
820 1654 196 52 lecteurs,
1038 1661 42 32 et
1101 1652 222 41 d'ailleurs
1344 1652 52 41 de
1416 1652 195 55 pareilles
1632 1652 322 43 élucubrations
1977 1665 53 27 ne
2053 1650 147 42 valent
2215 1649 130 55 guère

581 1727 134 54 qu'on
739 1726 62 54 s'y
831 1726 136 41 arrête
985 1728 303 52 longuement.
1311 1726 142 55 Voici,
1476 1740 52 27 en
1550 1727 113 40 deux
1690 1735 128 45 mots,
1843 1727 38 41 le
1904 1726 111 54 sujet
2035 1725 59 41 du
2115 1725 197 52 Pompon
2336 1736 12 27 :

586 1801 75 40 Un
685 1799 182 54 brigand
889 1799 189 54 fameux,
1100 1799 57 41 du
1183 1813 104 27 nom
1307 1800 50 40 de
1385 1799 216 52 Tivolini,
1623 1800 185 55 exploite
1829 1799 365 56 tranquillement
2211 1798 40 41 la
2278 1797 48 41 Si-

581 1874 96 52 cile,
703 1887 56 27 au
785 1886 78 28 nez
884 1881 42 33 et
947 1876 24 37 à
992 1872 41 42 la
1055 1873 130 41 barbe
1206 1873 60 41 du
1288 1874 205 54 seigneur
1517 1874 219 41 Barabino
1758 1883 41 33 et
1822 1874 50 40 de
1895 1881 122 34 toute
2050 1872 40 42 la
2120 1872 139 55 police
2288 1872 59 40 du

583 1947 199 42 vice-roi.
808 1947 184 55 Chaque
1013 1947 153 52 année,
1186 1947 194 55 pendant
1397 1949 65 40 les
1482 1947 103 42 fêtes
1606 1948 59 41 du
1683 1947 221 54 carnaval,
1923 1947 29 42 il
1973 1947 160 41 choisit
2152 1945 199 42 Palerme

583 2035 111 41 pour
715 2031 142 31 centre
878 2020 52 42 de
960 2034 63 28 ses
1053 2021 262 55 opérations,
1342 2029 41 33 et
1409 2022 140 54 dirige
1571 2036 64 26 ses
1662 2022 200 40 hommes
1893 2034 85 28 aux
2001 2022 108 40 bons
2139 2020 208 52 endroits,

585 2109 56 27 au
660 2108 160 41 moyen
839 2095 104 40 d'un
974 2095 120 54 signe
1114 2095 51 40 de
1188 2095 260 54 ralliement,
1472 2096 80 54 qui
1575 2095 116 42 varie
1712 2099 24 37 à
1759 2096 167 54 chaque
1946 2095 203 41 nouvelle
2169 2107 149 42 campa-

582 2182 98 40 gne.
700 2168 120 42 Cette
841 2167 98 55 fois,
962 2168 31 41 il
1013 2182 23 27 a
1059 2170 83 39 mis
1164 2182 61 27 un
1248 2182 194 42 pompon
1463 2182 138 41 rouge
1623 2172 24 38 à
1676 2182 78 28 son
1776 2168 139 42 feutre
1937 2169 107 55 gris;
2069 2169 40 40 la
2131 2168 139 55 police
2293 2182 53 27 en

583 2250 63 32 est
661 2241 223 53 informée,
908 2250 40 33 et
966 2242 115 41 voilà
1101 2252 98 31 tous
1222 2256 64 27 ses
1305 2243 168 41 limiers
1495 2243 145 41 lancés
1657 2257 73 27 sur
1749 2243 41 41 la
1813 2243 109 54 piste
1941 2243 60 40 du
2024 2242 137 41 feutre
2179 2241 88 54 gris
2292 2255 55 27 au

583 2328 193 42 pompon
811 2328 148 40 rouge.
992 2315 222 54 Supposez
1244 2316 277 41 maintenant
1546 2316 140 55 qu'un
1719 2316 193 41 honnête
1933 2315 127 54 jeune
2090 2315 194 53 homme,
2309 2316 39 40 le

583 2390 177 39 docteur
784 2388 185 49 Piccolo,
994 2402 43 27 se
1056 2388 123 41 coiffe
1202 2403 77 40 par
1299 2390 202 53 mégarde
1519 2390 60 41 du
1602 2390 142 43 susdit
1766 2391 152 49 feutre,
1937 2391 168 53 qu'une
2129 2389 121 41 main
2272 2389 50 41 in-

583 2474 172 28 connue
786 2474 105 28 aura
916 2461 128 54 glissé
1079 2465 24 37 à
1138 2462 41 41 la
1213 2463 120 54 place
1359 2464 52 40 de
1430 2477 79 27 son
1531 2477 157 42 propre
1719 2464 209 56 chapeau,
1955 2472 42 34 et
2021 2478 109 26 vous
2152 2477 128 27 aurez
2311 2463 39 41 le

583 2533 135 42 nœud
743 2534 50 40 de
820 2534 267 54 l'imbroglio
1109 2545 39 31 et
1169 2535 290 55 l'explication
1486 2537 61 41 du
1570 2538 95 41 titre
1686 2537 51 41 de
1771 2537 39 41 la
1832 2537 133 55 pièce.
1994 2536 356 42 Naturellement

587 2607 169 40 Piccolo
777 2615 64 33 est
858 2607 89 55 pris
969 2621 110 42 pour
1112 2609 37 39 le
1174 2608 152 42 bandit
1338 2623 10 40 ;
1378 2624 57 28 on
1468 2610 65 42 lui
1558 2610 79 42 fait
1668 2624 79 28 son
1771 2612 162 54 procès,
1958 2624 59 27 on
2039 2624 54 28 va
2114 2610 37 40 le
2173 2610 174 55 pendre,

583 2681 172 54 lorsque
785 2681 38 40 le
856 2681 92 41 vrai
979 2681 200 44 Tivolini
1214 2692 62 33 est
1303 2685 150 42 arrêté.
1481 2684 294 43 L'innocence
1797 2685 233 55 triomphe,
2060 2685 39 40 le
2127 2684 133 41 crime
2286 2693 65 33 est

583 2754 110 54 puni
708 2763 42 32 et
770 2763 97 33 tout
885 2768 43 27 se
943 2755 186 41 termine
1145 2769 77 42 par
1243 2770 62 28 un
1339 2758 206 55 mariage,
1575 2772 84 42 que
1684 2758 144 55 dis-je,
1852 2773 79 41 par
1956 2766 154 48 quatre
2131 2758 216 56 mariages

583 2836 41 33 et
738 2841 74 42 par
832 2829 209 54 quelques
1061 2831 185 54 maigres
1267 2831 436 56 applaudissements.

640 2902 60 40 Le
726 2902 188 54 premier
935 2911 90 33 acte
1046 2912 62 33 est
1136 2919 115 27 assez
1290 2906 101 41 bien
1422 2906 94 53 fait,
1552 2907 38 41 le
1624 2907 159 42 second
1816 2916 63 33 est
1912 2909 279 41 absolument
2225 2909 120 49 vide,

585 2983 140 45 quant
745 2989 56 27 au
821 2977 234 51 troisième,
1081 2978 31 41 il
1133 2979 216 42 renferme
1373 2994 87 27 une
1481 2981 213 43 situation
1716 2981 77 55 qui
1814 2982 147 40 aurait
1982 2996 61 40 pu
2064 2982 179 41 devenir
2265 2983 82 41 fort

585 3047 226 55 plaisante,
835 3048 51 54 si,
911 3063 57 27 au
988 3051 90 41 lieu
1099 3052 96 41 d'en
1217 3053 227 55 éparpiller
1466 3054 144 54 l'effet,
1635 3055 61 41 les
1717 3063 176 34 auteurs
1914 3055 173 43 avaient
2107 3070 51 27 su
2180 3055 38 43 le
2239 3070 81 27 con-

583 3122 153 41 denser
756 3123 106 41 dans
884 3138 87 27 une
994 3127 127 41 scène
1145 3127 203 42 brillante
1369 3137 42 33 et
1431 3130 164 54 rapide.

642 3197 61 40 La
726 3198 203 55 musique
950 3213 85 41 que
1058 3200 65 42 M.
1150 3201 164 55 Lecocq
1340 3217 23 27 a
1385 3205 226 54 composée
1635 3218 74 27 sur
1730 3217 45 28 ce
1793 3205 129 41 livret
1941 3218 85 41 peu
2048 3206 299 54 divertissant,

584 3283 28 26 n
630 3269 141 54 ajoute
791 3285 143 28 aucun
959 3273 155 43 intérêt
1135 3278 23 38 à
1174 3276 39 40 la
1237 3276 116 54 pièce
1373 3276 52 42 de
1443 3277 117 42 MM.
1585 3278 162 42 Chivot
1768 3287 41 32 et
1830 3279 129 41 Dura
1980 3294 8 28 :
2008 3281 80 40 elle
2104 3280 242 55 n'ajoutera

583 3342 93 40 rien
699 3356 88 27 non
809 3345 98 53 plus
928 3349 24 37 à
978 3348 40 40 la
1044 3349 251 54 réputation
1317 3351 59 41 du
1409 3352 297 55 compositeur
1726 3351 52 42 de
1815 3353 45 40 la
1898 3355 124 40 Fille
2053 3356 56 40 de
2142 3355 205 41 madame

580 3417 172 54 Angot.
776 3417 49 40 Je
846 3431 53 27 ne
922 3419 80 41 sais
1025 3421 33 40 si
1089 3422 37 53 je
1162 3424 211 50 m'abuse,
1399 3426 110 40 mais
1543 3426 28 40 il
1606 3440 69 26 me
1703 3426 162 42 semble
1888 3440 87 42 que
2006 3428 65 42 M.
2099 3428 164 55 Lecocq
2289 3442 53 27 en

581 3489 134 52 prend
741 3489 99 41 bien
863 3495 22 36 à
909 3505 77 27 son
1009 3494 84 41 aise
1115 3495 154 55 depuis
1302 3511 46 28 ce
1370 3502 142 38 succès
1538 3499 279 43 retentissant
1838 3501 77 54 qui
1938 3515 23 27 a
1984 3504 121 51 porté
2137 3502 201 53 jusqu'au
