2654 4140
1034 509 78 41 LA
1142 502 386 51 CHRONIQUE
1561 495 320 45 MUSICALE

590 512 81 53 164

875 663 96 39 Bois
992 663 48 37 de
1060 661 99 39 fond
1939 646 67 40 of.
2024 658 50 26 20
2089 656 35 27 c.

877 730 94 39 Bois
992 731 48 36 de
1061 731 38 35 la
1121 729 107 37 table
1951 726 25 26 0
2030 725 50 25 20

875 797 96 40 Bois
990 799 53 35 du
1063 795 170 39 manche
1950 793 24 27 0
2026 793 48 24 °-*

871 867 134 50 Façon
1027 865 53 36 du
1103 861 170 39 manche
1948 860 26 27 0
2030 861 12 23 1

869 931 168 40 Touche
1057 931 88 38 bois
1166 930 118 37 blanc
1303 926 131 39 noirci
1951 929 23 25 0
2030 926 48 26 20

870 1002 134 37 Façon
1025 1001 55 34 du
1098 999 99 36 fond
1218 1004 40 30 et
1279 998 48 35 de
1348 995 39 37 la
1407 994 121 38 table.
1953 997 23 25 o
2036 981 41 37 15

930 1038 12 14 *
1281 1062 6 6 •
2057 1049 17 25 ç

872 1068 240 46 Découpage
1134 1064 81 36 àla
1235 1062 80 38 scie
1950 1062 24 26 0
2032 1061 42 26 1D

872 1134 191 47 Montage
1082 1143 70 25 sur
1172 1128 133 39 meule
1328 1129 48 35 de
1399 1128 38 36 la
1458 1126 106 37 table
1586 1133 38 29 et
1644 1124 54 37 du
1719 1122 165 39 fond...
1949 1132 11 23 1
2020 1130 20 25 2
2050 1117 17 37 5

868 1200 149 38 Vernis
1953 1198 12 25 1
2023 1194 52 27 00

870 1267 207 48 Montage,
1108 1265 160 45 cordes,
1298 1261 199 47 chevalet,
1520 1258 378 40 cordier......*.*
1954 1265 24 24 o
2031 1264 22 35 y
2192 1258 139 57 5

1953 1368 27 34 4
2036 1366 46 26 10

1134 1436 24 38 6
1181 1449 37 39 p.
1242 1435 75 47 0/0
1343 1444 69 26 sur
1432 1430 98 39 frais
1552 1429 207 50 généraux
2030 1434 21 23 2
2061 1421 19 36 5

1954 1539 26 34 4
2034 1523 45 39 35

1142 1607 42 39 15
1207 1618 40 38 p.
1266 1605 77 48 0/0
1364 1604 49 37 de
1432 1599 184 40 bénéfice
1955 1604 25 26 o
2032 1602 51 38 70

1306 1709 202 38 TOTAL...
1962 1698 18 37 5
2035 1696 49 37 o5

633 1911 63 42 M.
716 1906 284 45 Thibouville
1020 1917 112 28 nous
1154 1916 23 27 a
1199 1898 200 44 annoncé
1423 1897 111 55 qu'il
1557 1893 115 44 avait
1705 1906 54 28 en
1794 1903 127 30 cours
1954 1886 272 44 d'exécution
2262 1898 63 28 un

579 1982 159 45 nouvel
757 1980 111 44 outil
888 1978 75 56 qui
985 1977 63 42 lui
1070 1972 265 61 permettrait
1355 1971 52 42 de
1429 1970 105 41 faire
1555 1968 59 42 les
1646 1964 206 44 manches
1872 1976 76 43 par
1970 1975 61 29 un
2053 1972 161 42 moyen
2234 1957 63 42 mé-

577 2057 201 55 canique.

632 2131 60 40 Le
725 2128 147 42 violon
892 2128 52 40 de
969 2128 19 40 5
1012 2126 138 40 francs
1172 2137 23 26 a
1214 2122 65 41 été
1300 2120 97 55 joué
1428 2116 194 57 pendant
1653 2123 121 32 notre
1807 2110 141 54 séjour
1969 2112 23 37 à
2013 2107 170 43 Vienne
2218 2106 108 40 dans

576 2216 62 29 un
651 2211 168 33 concert
840 2199 145 42 donné
1005 2197 100 40 chez
1129 2195 63 41 M.
1218 2194 57 40 du
1299 2189 290 50 Sommerard,
1613 2196 122 31 notre
1757 2182 239 42 honoiable
2026 2178 300 43 commissaire

574 2274 185 56 général,
783 2284 40 31 et
844 2274 309 40 l'étonnement
1174 2281 23 27 a
1226 2267 64 40 été
1326 2263 138 56 grand
1499 2262 190 52 lorsque,
1726 2258 120 53 après
1884 2255 115 40 avoii
2042 2251 206 56 applaudi
2291 2250 38 41 le

573 2348 190 41 virtuose
796 2345 79 56 qui
906 2344 137 41 s'était
1074 2340 152 54 chargé
1259 2338 51 41 de
1339 2337 105 41 faire
1478 2334 176 41 chanter
1686 2331 15 40 1
1719 2330 282 48 instrument,
2036 2339 59 26 on
2129 2338 24 27 a
2180 2321 149 57 appiis

574 2425 133 51 qu'on
729 2418 179 57 pouvait
931 2414 245 56 l'acquérir,
1199 2413 149 40 séance
1366 2418 188 42 tenante,
1579 2419 85 29 aux
1695 2401 273 56 incroyables
2006 2397 252 43 conditions
2279 2395 52 41 de

571 2495 97 55 prix
687 2493 108 41 dont
814 2491 59 42 les
894 2498 228 47 exposants
1148 2488 218 50 étrangers
1387 2496 42 27 se
1456 2490 97 31 sont
1575 2480 142 39 émus.

628 2568 36 42 Il
688 2581 53 27 ne
760 2567 92 41 faut
873 2578 76 42 pas
971 2577 42 28 se
1044 2572 189 31 montrer
1253 2570 97 43 trop
1372 2556 199 54 exigeant
1592 2565 115 43 pour
1728 2551 58 40 les
1809 2547 186 56 qualités
2017 2545 244 55 d'ampleur
2281 2553 40 32 et

568 2642 53 41 de
655 2639 251 42 distinction
941 2638 51 40 de
1025 2650 78 27 son
1142 2647 84 41 que
1257 2629 228 44 recherche
1518 2636 95 32 tout
1649 2621 348 44 instrumentiste
2016 2635 11 36 ;
2061 2620 110 41 mais
2207 2618 31 41 il
2270 2627 61 31 est

568 2712 309 45 incontestable
898 2724 85 42 que
1003 2711 38 40 le
1062 2709 147 40 violon
1245 2704 206 56 expertisé
1488 2700 175 42 sonnait
1696 2699 117 47 bien,
1837 2695 247 49 librement,
2108 2702 40 30 et
2174 2704 59 42 qu
2253 2690 30 40 il
2307 2703 24 27 a

568 2787 76 44 fait
685 2787 181 42 illusion
906 2789 23 37 à
962 2786 226 50 beaucoup
1219 2779 283 41 d'auditeurs.
1547 2774 69 41 M.
1646 2769 285 44 Thibouville
1964 2780 53 29 ne
2057 2778 114 28 nous
2201 2778 23 27 a
2251 2775 77 42 pas

567 2861 128 41 caché
715 2859 110 56 qu'il
840 2859 112 41 avait
973 2856 140 42 choisi
1133 2865 116 31 entre
1268 2853 230 51 beaucoup
1515 2848 51 40 de
1581 2859 64 29 ses
1660 2843 155 57 pareils
1837 2844 14 39 1
1869 2848 265 34 instrument
2157 2836 169 42 soumis

567 2938 24 35 à
628 2943 118 30 notre
790 2930 320 56 appréciation*,
1147 2925 109 55 qu'il
1294 2921 147 44 l'avait
1484 2919 354 53 soigneusement
1876 2925 175 43 pourvu
2084 2911 52 41 de
2174 2909 149 40 cordes

565 3006 148 53 justes,
738 3014 39 32 et
800 3003 109 56 qu'il
930 3003 115 41 avait
1072 3000 135 54 ajusté
1232 3012 63 27 un
1315 2994 193 43 chevalet
1529 2991 161 50 choisi;
1720 3003 22 26 c
1760 2987 101 42 était
1882 2999 78 27 son
1981 2984 129 42 droit.
2138 2983 58 40 Le
2218 2996 81 41 pro-

568 3079 137 41 blème
725 3078 133 40 d'une
879 3076 189 41 création
1092 3070 274 45 industrielle
1386 3068 77 55 qui
1478 3066 171 42 confine
1663 3067 23 37 à
1708 3063 14 40 1
1739 3071 65 31 art
1827 3074 28 26 n
1873 3073 53 27 en
1948 3072 23 26 a
1992 3071 76 41 pas
2089 3056 148 41 moins
2260 3055 64 40 é\C

570 3151 139 42 résolu
731 3154 23 37 à
772 3150 233 41 l'honneur
1026 3149 51 40 de
1100 3147 64 41 M.
1186 3142 304 45 Thibouville.
1525 3140 93 40 Nos
1658 3136 215 53 collègues
1907 3133 52 40 de
1997 3132 14 40 1
2028 3132 200 51 étranger
2251 3137 78 31 ont

568 3224 219 43 d'ailleurs
808 3222 137 42 rendu
966 3220 153 56 justice
1141 3224 23 36 à
1186 3233 62 26 un
1270 3215 181 58 procédé
1480 3213 53 41 de
1559 3208 258 45 fabrication
1856 3205 77 55 qui
1966 3204 105 42 rend
2105 3204 38 41 le
2176 3202 150 41 violon

567 3297 226 42 accessible
813 3310 86 28 aux
921 3296 177 41 bourses
1119 3293 59 42 les
1200 3292 99 55 plus
1320 3288 228 43 modestes.

624 3372 126 40 Nous
772 3368 180 42 aurions
985 3380 153 28 encore
1172 3367 228 50 beaucoup
1430 3365 24 36 à
1486 3360 90 40 dire
1602 3370 72 28 sur
1708 3354 241 41 Mirecourt
1969 3362 40 31 et
2031 3363 74 28 sur
2125 3349 59 41 les
2201 3347 103 42 diffé-

567 3455 139 31 rentes
725 3443 149 41 études
894 3441 105 54 qu'y
1018 3438 204 57 poursuit
1246 3437 64 43 M.
1329 3433 313 48 Thibouville;
1668 3428 110 41 mais
1799 3426 212 55 quelques
2037 3437 104 28 unes
2160 3424 26 39 d
2204 3431 122 31 entie

565 3520 97 41 elles
694 3527 98 32 sont
828 3527 94 41 trop
955 3528 84 40 peu
1071 3513 206 41 avancées
1311 3523 111 42 pour
1457 3508 87 42 être
1572 3503 143 57 l'objet
1752 3502 28 41 d
1798 3514 86 28 une
1921 3499 181 56 critique
2130 3511 58 29 ou
2217 3497 108 40 dun
