2654 4140
730 1219 172 73 LES
968 1204 582 88 THÉATRES
1614 1222 68 69 A
1758 1219 303 72 PARIS

912 1402 336 43 PENDANT
1281 1402 84 41 LA
1400 1387 468 56 RÉVOLUTION

947 1952 24 26 L
992 1945 62 33 est
1077 1950 86 28 une
1184 1938 167 54 époque
1371 1939 51 41 de
1444 1939 209 42 l'histoire
1674 1939 72 41 des
1767 1939 185 42 théâtres
1973 1941 23 38 à
2015 1939 138 53 Paris,
2172 1939 94 56 qui,

948 2023 57 27 on
1042 2018 103 45 peut
1180 2011 37 40 le
1253 2013 105 52 dire,
1396 2023 61 32 est
1489 2026 181 42 presque
1708 2013 278 40 absolument
2026 2013 238 52 inconnue,

949 2096 89 28 non
1062 2084 240 43 seulement
1322 2086 58 41 du
1404 2087 168 53 public,
1598 2087 110 40 mais
1730 2087 143 40 même
1895 2087 73 40 des
1993 2086 272 52 chercheurs,

951 2158 71 39 des
1044 2159 161 40 érudits
1227 2167 40 32 et
1288 2159 72 41 des
1382 2160 181 41 curieux
1600 2174 8 27 :
1646 2161 98 39 c'est
1777 2160 200 54 l'époque
1997 2159 247 41 révolution-

952 2232 141 42 naire.
1117 2232 119 42 Cette
1259 2234 171 53 période
1465 2234 52 41 de
1550 2234 208 41 l'histoire
1778 2233 208 42 théâtrale
2008 2248 23 26 a
2055 2241 213 46 pourtant

954 2320 86 28 une
1062 2307 264 53 importance
1347 2308 138 51 réelle,
1506 2316 41 33 et
1570 2308 78 40 elle
1670 2316 62 32 est
1752 2317 95 32 tout
1868 2308 400 54 particulièrement

513 2381 298 51 intéressante,
825 2385 23 37 à
861 2382 223 53 beaucoup
1106 2382 50 39 de
1168 2382 145 53 points
1334 2383 51 40 de
1406 2396 99 27 vue.
1530 2383 93 40 Elle
1636 2383 263 40 n'embrasse
1916 2395 93 42 pas,
2028 2382 238 52 d'ailleurs,

513 2469 60 27 un
595 2468 147 41 espace
769 2455 51 40 de
840 2454 144 41 moins
1004 2454 52 40 de
1077 2455 110 40 seize
1208 2469 78 27 ans
1314 2463 40 33 et
1374 2456 133 50 demi,
1533 2456 256 54 puisqu'elle
1811 2456 162 41 s'étend
2003 2460 22 36 à
2045 2456 136 54 partir
2208 2456 59 41 du

517 2527 21 56 i
559 2527 22 56 3
602 2527 150 56 janvier
779 2543 127 40 1791,
929 2527 96 41 date
1044 2528 60 40 du
1137 2527 142 42 décret
1313 2543 75 40 par
1409 2529 144 54 lequel
1580 2530 285 40 l'Assemblée
1891 2529 223 41 nationale
2136 2530 107 40 inau-

512 2601 145 54 gurait
689 2602 38 39 le
748 2601 161 54 régime
929 2602 50 39 de
1003 2601 39 40 la
1068 2601 149 42 liberté
1238 2602 39 40 la
1299 2603 97 53 plus
1422 2603 212 55 complète
1655 2616 53 28 en
1729 2616 66 28 ces
1818 2603 217 48 matières,
2065 2602 205 54 jusqu'au

513 2675 24 40 8
561 2677 104 38 août
691 2675 125 55 1807.
841 2674 123 42 Cette
983 2675 193 40 dernière
1197 2675 97 40 date
1315 2685 63 33 est
1397 2676 106 41 celle
1523 2677 60 40 du
1616 2677 138 40 décret
1787 2677 52 40 de
1861 2677 232 54 Napoléon
2119 2677 15 40 lerI
2142 2682 29 18 er
2192 2677 77 54 qui

512 2747 255 43 rétablissait
788 2748 58 40 les
868 2748 228 54 privilèges
1129 2749 306 55 dramatiques,
1470 2750 144 41 faisait
1647 2764 135 26 cesser
1801 2750 289 41 violemment
2126 2750 124 40 l'exis-

515 2827 121 33 tence
656 2820 105 41 d'un
783 2821 135 54 grand
940 2823 186 38 nombre
1146 2822 298 55 d'entreprises
1473 2823 112 41 alors
1612 2837 53 26 en
1696 2824 242 54 possession
1966 2823 52 40 de
2050 2823 40 40 la
2121 2824 151 41 faveur

517 2893 233 55 publique,
775 2907 53 28 en
863 2895 58 40 les
943 2896 241 53 prévenant
1206 2896 118 53 neuf
1336 2896 138 55 jours
1505 2900 23 36 à
1551 2896 206 54 l'avance,
1790 2905 42 32 et
1862 2896 209 42 réduisait
2097 2902 24 36 à
2156 2898 114 52 huit,

519 2966 263 41 c'est-à-dire
814 2982 87 26 aux
934 2968 115 41 deux
1068 2969 101 40 tiers
1204 2969 52 40 de
1288 2983 108 27 ceux
1430 2969 185 42 existant
1648 2984 53 26 en
1743 2985 127 40 1790,
1905 2970 40 41 le
1982 2971 186 40 nombre
2200 2971 73 41 des

517 3039 186 40 théâtres
726 3040 189 41 destinés
936 3044 23 37 à
981 3042 230 41 alimenter
1230 3042 40 41 la
1291 3043 206 41 curiosité
1518 3044 60 40 du
1601 3044 149 54 public
1771 3044 207 54 parisien.

574 3111 60 41 Ce
656 3114 93 39 côté
771 3114 247 54 particulier
1050 3115 53 41 de
1127 3116 212 41 l'histoire
1372 3118 59 40 du
1455 3117 165 41 théâtre
1651 3131 111 27 nous
1794 3128 132 43 ayant
1958 3118 154 55 depuis
2143 3119 105 55 long-

521 3192 140 47 temps
681 3186 145 51 attiré,
853 3201 111 28 nous
988 3202 111 28 nous
1120 3197 227 45 trouvons,
1364 3192 122 53 après
1508 3192 96 54 plus
1617 3191 50 41 de
1688 3191 73 41 dix
1776 3192 159 40 années
1954 3192 50 40 de
2025 3193 248 42 recherches

517 3258 156 41 actives
694 3269 42 31 et
767 3260 212 56 difficiles,
1002 3277 170 40 pourvu
1195 3265 133 40 d'une
1348 3265 256 41 formidable
1630 3265 229 41 collection
1891 3265 52 41 de
1977 3276 142 45 notes,
2150 3269 100 40 d'au-

517 3340 95 34 tant
632 3331 100 55 plus
753 3334 235 53 précieuses
1005 3350 84 40 que
1104 3336 37 42 le
1164 3337 110 54 sujet
1296 3339 68 41 n'a
1378 3338 153 55 jamais
1552 3340 64 40 été
1635 3339 160 40 abordé
1809 3339 108 41 dans
1939 3354 76 28 son
2035 3342 235 41 ensemble.

520 3404 126 40 Nous
668 3407 238 41 voudrions
929 3409 101 41 faire
1052 3413 225 41 connaître
1299 3412 72 53 ici,
1394 3416 22 37 à
1448 3413 125 40 l'aide
1600 3413 51 41 de
1678 3427 67 26 ces
1780 3420 135 45 notes,
1953 3416 319 53 quelques-uns

518 3477 72 42 des
611 3480 240 41 nombreux
873 3481 182 43 théâtres
1077 3498 84 40 que
1183 3486 38 40 le
1241 3486 143 41 décret
1411 3487 52 41 de
1493 3502 76 41 179
1582 3502 12 26 1
1624 3486 49 42 fit
1705 3487 136 43 éclore
1877 3498 322 45 promptement
2231 3498 40 32 et
