2654 4140
777 484 109 42 LES
914 473 338 54 THÉÂTRES
1284 489 39 38 A
1357 488 179 41 PARIS

1961 512 14 28 1
1987 500 52 53 69

275 640 366 44 successivement
662 646 24 38 à
710 644 124 41 Paris
855 646 195 53 pendant
1071 646 39 40 la
1143 646 178 55 période
1343 659 86 41 que
1468 659 113 28 nous
1611 661 167 28 venons
1814 651 52 40 de
1904 652 118 42 déter-

275 715 158 51 miner,
458 723 41 34 et
519 730 113 41 pour
653 717 106 52 cela,
782 719 107 40 dans
910 719 41 40 la
975 719 135 41 forme
1133 733 169 27 comme
1323 719 107 41 dans
1451 719 37 41 le
1517 720 121 54 fond,
1665 736 112 27 nous
1801 738 54 26 ne
1877 726 143 52 préten-

274 788 132 41 drons
428 803 75 41 pas
525 804 57 26 au
604 790 100 42 titre
729 791 270 52 d'historien,
1023 792 110 41 mais
1155 796 23 36 à
1206 793 112 40 celui
1340 793 52 40 de
1418 793 152 56 simple
1591 795 314 56 chroniqueur.
1930 799 115 42 C'est

275 862 42 41 là
339 875 63 28 un
425 863 193 56 chapitre
640 864 51 41 de
712 865 214 40 l'histoire
946 865 53 40 de
1034 865 40 41 la
1111 866 270 42 Révolution
1413 868 78 54 qui
1528 870 70 40 n'a
1631 869 153 54 jamais
1811 872 81 52 été,
1936 886 83 27 non-

279 935 242 43 seulement
559 938 130 52 tracé,
729 938 110 40 mais
878 939 144 39 même
1055 938 193 51 effleuré,
1281 948 40 33 et
1353 941 109 42 dont
1500 956 113 28 nous
1650 944 271 42 demandons
1953 959 62 28 mo-

277 1009 244 42 destement
542 1016 22 35 à
587 1024 124 41 poser
743 1011 59 40 les
827 1011 136 40 bases.
994 1013 40 38 A
1057 1013 150 41 défaut
1228 1014 167 42 d'autre
1433 1015 170 55 intérêt,
1629 1017 30 41 il
1690 1018 278 54 présenterait
1991 1033 55 28 au

279 1083 146 41 moins
447 1082 111 42 celui
580 1084 52 40 de
650 1083 41 41 la
712 1084 209 41 curiosité
938 1098 11 41 ;
975 1099 113 27 nous
1109 1100 131 28 osons
1269 1087 192 44 affirmer
1483 1105 86 40 que
1590 1101 63 31 cet
1674 1093 146 41 attrait
1843 1093 108 41 n'est
1972 1107 74 41 pas

276 1157 40 43 le
338 1157 108 54 seul,
470 1166 42 32 et
533 1171 87 42 que
641 1172 45 26 sa
707 1159 312 43 connaissance
1041 1175 54 28 ne
1117 1176 91 27 sera
1236 1178 73 40 pas
1331 1178 99 27 sans
1454 1166 188 55 quelque
1663 1166 160 43 utilité.

336 1288 85 41 Dès
444 1290 60 39 les
526 1289 207 55 premiers
755 1289 118 54 jours
895 1292 52 39 de
972 1293 40 40 la
1034 1292 285 56 Révolution,
1349 1295 41 41 la
1411 1296 202 54 question
1648 1297 35 41 si
1705 1297 267 55 importante
1994 1298 52 42 de

278 1363 41 42 la
340 1362 151 42 liberté
513 1364 72 39 des
607 1363 187 41 théâtres
823 1365 246 55 s'imposait
1090 1369 23 37 à
1135 1375 99 33 tous
1255 1368 60 40 les
1346 1368 153 55 esprits
1516 1385 11 35 ;
1567 1370 170 41 chacun
1776 1371 269 54 comprenait

277 1437 42 42 la
342 1437 206 42 nécessité
569 1437 133 42 d'une
723 1438 185 42 réforme
930 1453 102 28 sous
1055 1454 45 27 ce
1119 1450 192 46 rapport,
1335 1449 57 47 et,
1416 1442 37 41 le
1476 1457 57 40 24
1554 1446 102 38 août
1683 1457 125 42 1790,
1834 1458 85 27 une
1940 1444 84 54 péti-

281 1513 97 42 tion
400 1513 103 41 était
524 1514 222 54 présentée
767 1518 24 36 à
812 1514 284 43 l'Assemblée
1119 1517 513 52 nationale,demandant
1648 1531 8 28 :
1743 1524 38 35 i°
1801 1519 247 41 l'abolition

279 1588 72 40 des
373 1587 232 55 privilèges
627 1587 52 41 de
710 1589 209 54 spectacle
938 1605 11 36 ;
1053 1604 24 28 2
1083 1596 14 17 0
1128 1590 40 42 la
1196 1590 243 55 jouissance
1479 1606 112 41 pour
1622 1600 99 33 tous
1755 1592 58 40 les
1844 1593 201 48 théâtres,

278 1659 396 52 indistinctement,
699 1662 73 40 des
793 1676 212 42 ouvrages
1032 1664 73 41 des
1126 1675 176 31 auteurs
1324 1665 197 52 anciens;
1624 1667 45 40 3°
1695 1665 40 42 la
1757 1665 157 42 faculté
1935 1679 112 42 pour

279 1742 97 33 tout
394 1734 272 55 particulier,
690 1736 233 55 possédant
947 1752 64 27 un
1032 1739 165 41 théâtre
1218 1753 58 27 ou
1298 1740 39 40 le
1365 1739 161 42 faisant
1557 1739 259 51 construire,
1850 1739 71 55 d'y
1946 1739 103 41 faire

277 1806 121 56 jouer
420 1808 40 41 la
483 1809 196 41 comédie
696 1826 11 32 ;
803 1825 29 40 4
834 1821 15 16 0
870 1811 134 54 enfin,
1030 1813 39 40 le
1091 1813 131 49 droit,
1250 1827 113 42 pour
1392 1813 59 41 les
1474 1823 177 32 auteurs
1672 1813 189 53 vivants,
1891 1813 52 40 de
1965 1823 63 30 sta-

284 1887 98 34 tuer
410 1882 269 42 eux-mêmes
717 1898 77 26 sur
822 1886 41 40 la
901 1887 152 39 valeur
1083 1886 52 41 de
1171 1886 116 42 leurs
1318 1900 227 41 ouvrages,
1570 1888 50 40 de
1641 1888 71 53 gré
1733 1892 23 36 à
1777 1888 73 53 gré
1869 1900 100 27 avec
1988 1886 61 41 les

279 1954 253 55 directeurs,
550 1959 170 40 ceux-ci
745 1972 54 27 ne
821 1968 201 45 pouvant
1042 1974 54 27 en
1118 1975 148 26 aucun
1288 1975 69 27 cas
1377 1961 59 40 les
1463 1961 104 41 faire
1595 1963 264 52 représenter
1879 1973 99 28 sans
2011 1959 38 41 le

279 2037 333 34 consentement
652 2030 73 41 des
768 2033 222 53 premiers.
1032 2033 122 42 Cette
1192 2034 201 55 pétition,
1430 2035 168 53 rédigée
1639 2042 40 32 et
1718 2034 222 54 présentée
1972 2046 77 41 par

281 2101 64 42 La
369 2102 168 56 Harpe,
561 2104 118 41 avait
709 2106 66 40 été
806 2107 148 53 signée
975 2121 76 41 par
1072 2107 81 55 lui,
1192 2109 114 40 ainsi
1345 2121 85 42 que
1460 2122 81 41 par
1573 2107 244 52 Chamfort,
1850 2106 198 47 Sedaine,

279 2175 196 54 Mercier,
505 2178 255 42 Fenouillot
782 2180 50 40 de
854 2180 216 53 Falbaire,
1101 2181 150 51 Ducis,
1278 2181 209 53 Leblanc,
1517 2181 199 51 Palissot,
1746 2180 116 53 Bret,
1888 2180 161 41 Marie-

277 2250 162 56 Joseph
463 2251 205 54 Chénier,
694 2254 228 54 Cailhava,
960 2255 141 42 Fabre
1122 2255 296 55 d'Eglantine,
1447 2256 237 53 Lemierre,
1720 2255 145 41 Collot
1895 2254 129 40 d'Her-

278 2323 111 54 bois,
432 2324 158 55 Fallet,
637 2326 191 56 Laujon,
873 2327 225 57 Dudoyer,
1142 2328 367 53 Beaumarchais,
1554 2328 209 54 Forgeot,
1805 2326 243 54 Sauvigny,

277 2396 169 53 Gudin,
474 2399 341 55 Maisonneuve,
841 2401 102 44 Blin
974 2403 53 41 de
1062 2402 245 55 Sainmore,
1333 2403 209 40 Murville
1568 2410 42 34 et
1644 2400 378 43 Cubières-Palme-

278 2485 159 31 zeaux.

334 2546 86 42 Dès
443 2548 39 41 le
510 2550 49 41 15
586 2550 241 41 novembre
849 2551 195 53 suivant,
1079 2551 285 41 l'Assemblée
1385 2551 239 55 s'occupait
1643 2549 52 42 de
1715 2557 108 35 cette
1838 2547 211 60 pétition,

279 2630 39 33 et
340 2636 79 28 son
441 2624 160 41 comité
623 2624 52 41 de
695 2625 309 49 constitution,
1027 2625 111 41 dans
1171 2639 87 27 une
1279 2625 195 41 décision
1505 2625 113 54 prise
1649 2639 77 40 par
1747 2624 64 41 lui
1834 2631 42 34 et
1904 2623 145 53 signée

277 2710 77 42 par
375 2697 246 55 Chapelier,
651 2698 187 42 Rabaud
855 2706 41 34 et
917 2700 176 52 Target,
1112 2698 207 42 déclarait
1338 2712 86 41 que
1467 2716 17 20 «
1516 2698 38 41 le
1575 2698 198 55 principe
1794 2697 172 54 général
1987 2705 61 32 est

279 2784 85 42 que
385 2780 97 33 tout
501 2772 181 41 homme
702 2782 107 46 peut
829 2773 156 41 établir
1008 2787 62 26 un
1093 2775 224 52 spectacle,
1338 2781 42 34 et
1402 2785 84 42 que
1507 2772 40 40 la
1581 2771 140 55 police
1754 2784 54 26 en
1830 2784 23 26 a
1875 2770 40 40 la
1949 2783 73 27 sur-

279 2845 212 42 veillance
515 2864 39 23 ».
582 2846 59 42 Le
668 2848 47 40 13
742 2847 180 55 janvier,
947 2861 53 27 en
1025 2848 165 50 séance,
1214 2848 41 40 la
1277 2846 204 54 question
1518 2845 67 42 fut
1610 2845 107 41 mise
1751 2849 23 36 à
1811 2844 154 41 l'ordre
1988 2843 59 40 du

276 2918 114 55 jour,
415 2930 41 32 et
479 2935 88 28 une
600 2920 165 56 longue
787 2921 252 42 discussion
1062 2921 205 52 s'établit,
1302 2924 24 37 à
1357 2919 185 56 laquelle
1574 2918 165 56 prirent
1776 2926 112 46 part,
1925 2923 124 34 outre

277 2992 245 58 Chapelier,
546 2995 116 42 deux
683 2996 202 41 hommes
908 2996 138 54 qu'on
1082 3009 54 27 ne
1159 2994 271 43 s'attendrait
1451 3007 75 41 pas
1551 3006 97 27 sans
1669 2992 133 40 doute
1823 2996 23 35 à
1873 3001 176 31 trouver

277 3081 53 28 en
353 3077 108 34 cette
482 3069 150 42 affaire
656 3085 9 27 :
689 3071 145 41 l'abbé
856 3070 163 55 Maury
1040 3077 42 34 et
1114 3069 287 55 Robespierre
1427 3067 251 41 lui-même.
1715 3068 39 38 A
1786 3065 41 41 la
1854 3064 112 41 suite
1997 3064 51 40 de

275 3149 110 35 cette
408 3143 266 55 discussion,
698 3144 289 43 l'Assemblée
1009 3143 144 42 rendit
1176 3157 62 27 un
1261 3142 142 40 décret
1425 3140 76 55 qui
1524 3142 67 39 fut
1612 3139 122 55 signé
1757 3152 77 42 par
1853 3139 40 41 le
1917 3137 63 42 roi
2010 3136 37 42 le

282 3230 49 42 19
354 3217 61 42 du
437 3220 143 40 même
604 3220 131 53 mois,
757 3227 42 35 et
820 3219 109 42 dont
950 3218 116 42 voici
1086 3218 42 41 la
1150 3226 155 33 teneur
1327 3231 9 27 :

328 3349 156 38 Article
506 3351 15 36 ler.I
528 3360 29 17 er
562 3381 7 6 .
595 3351 113 36 Tout
731 3351 165 49 citoyen
919 3361 151 39 pourra
1089 3349 135 37 élever
1246 3360 56 24 un
1321 3346 158 38 théâtre
1501 3345 153 50 public,
1684 3352 40 30 et
1743 3358 27 36 y
1787 3344 98 38 faire
1907 3344 114 48 repré-

277 3418 134 30 senter
432 3412 69 36 des
525 3413 134 48 pièces
680 3413 49 35 de
750 3420 95 29 tous
866 3412 58 37 les
946 3423 157 37 genres,
1135 3422 49 24 en
1215 3408 159 48 faisant,
1403 3407 321 50 préalablement
1756 3409 22 34 à
1811 3405 217 38 l'établisse-

280 3481 113 28 ment
415 3474 49 37 de
487 3486 75 25 son
585 3474 172 44 théâtre,
786 3487 40 24 sa
844 3474 253 37 déclaration
1117 3473 21 35 à
1160 3472 36 36 la
1220 3469 285 50 municipalité
1524 3470 69 36 des
1614 3469 124 37 lieux»
1756 3489 47 9 —
1816 3467 155 38 Article
1994 3466 49 36 11.

283 3535 76 37 Les
378 3547 197 38 ouvrages
596 3537 71 37 des
687 3544 168 30 auteurs
890 3544 130 29 morts
1051 3534 141 50 depuis
1216 3533 93 49 cinq
1332 3544 72 26 ans
1425 3540 39 29 et
1486 3532 93 49 plus
1610 3539 93 29 sont
1733 3542 80 25 une
1843 3527 202 52 propriété
