<?xml version="1.0" encoding="UTF-8"?>
<alto xmlns:xsi="http://www.w3.org/2001/XMLSchema-instance" xsi:noNamespaceSchemaLocation="http://schema.ccs-gmbh.com/metae/alto-1-4.xsd" xmlns:xlink="http://www.w3.org/1999/xlink">
	<Description>
		<MeasurementUnit>mm10</MeasurementUnit>
		<sourceImageInformation>
			<fileName>//wks3/IN2/Princetonian/1899/11/01_01/PAN_1899-11-01_209.tif</fileName>
		</sourceImageInformation>
		<OCRProcessing ID="OCRPROCESSING_1">
			<preProcessingStep>
				<processingSoftware>
					<softwareCreator>CCS Content Conversion Specialists GmbH, Germany</softwareCreator>
					<softwareName>CCS docWORKS</softwareName>
					<softwareVersion>6.4-3.1</softwareVersion>
				</processingSoftware>
			</preProcessingStep>
			<ocrProcessingStep>
				<processingSoftware>
					<softwareCreator>ABBYY (BIT Software), Russia</softwareCreator>
					<softwareName>FineReader</softwareName>
					<softwareVersion>8.1</softwareVersion>
				</processingSoftware>
			</ocrProcessingStep>
		</OCRProcessing>
	</Description>
	<Styles>
		<TextStyle ID="TXT_0" FONTSIZE="9" FONTFAMILY="Times New Roman"/>
		<TextStyle ID="TXT_1" FONTSIZE="11" FONTFAMILY="Arial"/>
		<ParagraphStyle ID="PAR_BLOCK" ALIGN="Block"/>
		<ParagraphStyle ID="PAR_RIGHT" ALIGN="Right"/>
		<ParagraphStyle ID="PAR_LEFT" ALIGN="Left"/>
	</Styles>
	<Layout>
		<Page ID="P89" PHYSICAL_IMG_NR="89" HEIGHT="3268" WIDTH="2527" PRINTED_IMG_NR="121" PC="0.941">
			<TopMargin ID="P89_TM00001" HPOS="0" VPOS="0" WIDTH="2527" HEIGHT="348"/>
			<LeftMargin ID="P89_LM00001" HPOS="0" VPOS="348" WIDTH="221" HEIGHT="2500"/>
			<RightMargin ID="P89_RM00001" HPOS="2029" VPOS="348" WIDTH="498" HEIGHT="2500"/>
			<BottomMargin ID="P89_BM00001" HPOS="0" VPOS="2848" WIDTH="2527" HEIGHT="420"/>
			<PrintSpace ID="P89_PS00001" HPOS="221" VPOS="348" WIDTH="1808" HEIGHT="2500">
				<TextBlock ID="P89_TB00001" HPOS="221" VPOS="348" WIDTH="872" HEIGHT="1256" STYLEREFS="TXT_0 PAR_BLOCK">
					<TextLine ID="P89_TL00001" HPOS="226" VPOS="354" WIDTH="864" HEIGHT="43">
						<String ID="P89_ST00001" HPOS="226" VPOS="354" WIDTH="204" HEIGHT="32" CONTENT="Einheitlichkeit" WC="0.99" CC="883705004060032"/>
						<SP ID="P89_SP00001" HPOS="430" VPOS="386" WIDTH="15"/>
						<String ID="P89_ST00002" HPOS="445" VPOS="361" WIDTH="51" HEIGHT="25" CONTENT="und" WC="0.98" CC="040"/>
						<SP ID="P89_SP00002" HPOS="496" VPOS="386" WIDTH="15"/>
						<String ID="P89_ST00003" HPOS="511" VPOS="362" WIDTH="81" HEIGHT="24" CONTENT="Ruhe." WC="0.98" CC="14550"/>
						<SP ID="P89_SP00003" HPOS="592" VPOS="386" WIDTH="37"/>
						<String ID="P89_ST00004" HPOS="629" VPOS="364" WIDTH="72" HEIGHT="22" CONTENT="Denn" WC="0.99" CC="0023"/>
						<SP ID="P89_SP00004" HPOS="701" VPOS="386" WIDTH="21"/>
						<String ID="P89_ST00005" HPOS="722" VPOS="360" WIDTH="96" HEIGHT="37" CONTENT="infolge" WC="0.99" CC="6000500"/>
						<SP ID="P89_SP00005" HPOS="818" VPOS="397" WIDTH="21"/>
						<String ID="P89_ST00006" HPOS="839" VPOS="362" WIDTH="76" HEIGHT="24" CONTENT="dieses" WC="0.99" CC="002503"/>
						<SP ID="P89_SP00006" HPOS="915" VPOS="397" WIDTH="16"/>
						<String ID="P89_ST00007" HPOS="931" VPOS="358" WIDTH="159" HEIGHT="38" CONTENT="freiwilligen" WC="0.99" CC="913400054066"/>
					</TextLine>
					<TextLine ID="P89_TL00002" HPOS="231" VPOS="397" WIDTH="858" HEIGHT="39">
						<String ID="P89_ST00008" HPOS="231" VPOS="397" WIDTH="132" HEIGHT="32" CONTENT="Verzichts," WC="0.99" CC="4005256244"/>
						<SP ID="P89_SP00007" HPOS="363" VPOS="429" WIDTH="18"/>
						<String ID="P89_ST00009" HPOS="381" VPOS="399" WIDTH="76" HEIGHT="26" CONTENT="dieses" WC="0.98" CC="036311"/>
						<SP ID="P89_SP00008" HPOS="457" VPOS="429" WIDTH="19"/>
						<String ID="P89_ST00010" HPOS="476" VPOS="400" WIDTH="103" HEIGHT="26" CONTENT="beinahe" WC="0.98" CC="6340650"/>
						<SP ID="P89_SP00009" HPOS="579" VPOS="429" WIDTH="16"/>
						<String ID="P89_ST00011" HPOS="595" VPOS="401" WIDTH="153" HEIGHT="35" CONTENT="ängstlichen" WC="0.99" CC="05054142620"/>
						<SP ID="P89_SP00010" HPOS="748" VPOS="436" WIDTH="14"/>
						<String ID="P89_ST00012" HPOS="762" VPOS="400" WIDTH="157" HEIGHT="26" CONTENT="Vermeidens" WC="0.75" CC="0500530413"/>
						<SP ID="P89_SP00011" HPOS="919" VPOS="436" WIDTH="15"/>
						<String ID="P89_ST00013" HPOS="934" VPOS="410" WIDTH="50" HEIGHT="15" CONTENT="von" WC="0.98" CC="005"/>
						<SP ID="P89_SP00012" HPOS="984" VPOS="436" WIDTH="15"/>
						<String ID="P89_ST00014" HPOS="999" VPOS="400" WIDTH="90" HEIGHT="30" CONTENT="Allem," WC="0.99" CC="400204"/>
					</TextLine>
					<TextLine ID="P89_TL00003" HPOS="226" VPOS="437" WIDTH="863" HEIGHT="37">
						<String ID="P89_ST00015" HPOS="226" VPOS="438" WIDTH="25" HEIGHT="17" CONTENT="w" STYLE="superscript" WC="0.55" CC="4"/>
						<String ID="P89_ST00016" HPOS="254" VPOS="441" WIDTH="23" HEIGHT="17" CONTENT="as" WC="0.42" CC="73"/>
						<SP ID="P89_SP00013" HPOS="277" VPOS="458" WIDTH="16"/>
						<String ID="P89_ST00017" HPOS="293" VPOS="445" WIDTH="30" HEIGHT="16" CONTENT="an" WC="0.64" CC="70"/>
						<SP ID="P89_SP00014" HPOS="323" VPOS="461" WIDTH="12"/>
						<String ID="P89_ST00018" HPOS="335" VPOS="437" WIDTH="133" HEIGHT="27" CONTENT="Anekdote" WC="1.00" CC="00000022"/>
						<SP ID="P89_SP00015" HPOS="468" VPOS="464" WIDTH="12"/>
						<String ID="P89_ST00019" HPOS="480" VPOS="440" WIDTH="115" HEIGHT="29" CONTENT="erinnert," WC="0.99" CC="326014064"/>
						<SP ID="P89_SP00016" HPOS="595" VPOS="469" WIDTH="15"/>
						<String ID="P89_ST00020" HPOS="610" VPOS="440" WIDTH="64" HEIGHT="25" CONTENT="wird" WC="0.98" CC="0520"/>
						<SP ID="P89_SP00017" HPOS="674" VPOS="469" WIDTH="13"/>
						<String ID="P89_ST00021" HPOS="687" VPOS="440" WIDTH="39" HEIGHT="25" CONTENT="die" WC="0.98" CC="060"/>
						<SP ID="P89_SP00018" HPOS="726" VPOS="469" WIDTH="8"/>
						<String ID="P89_ST00022" HPOS="734" VPOS="439" WIDTH="231" HEIGHT="26" CONTENT="Aufmerksamkeit" WC="1.00" CC="11000001500003"/>
						<SP ID="P89_SP00019" HPOS="965" VPOS="469" WIDTH="10"/>
						<String ID="P89_ST00023" HPOS="975" VPOS="439" WIDTH="114" HEIGHT="35" CONTENT="nirgends" WC="0.99" CC="65004604"/>
					</TextLine>
					<TextLine ID="P89_TL00004" HPOS="227" VPOS="471" WIDTH="863" HEIGHT="43">
						<String ID="P89_ST00024" HPOS="227" VPOS="471" WIDTH="131" HEIGHT="35" CONTENT="abgelenkt" WC="0.98" CC="970606603"/>
						<SP ID="P89_SP00020" HPOS="358" VPOS="506" WIDTH="17"/>
						<String ID="P89_ST00025" HPOS="375" VPOS="478" WIDTH="53" HEIGHT="25" CONTENT="und" WC="0.95" CC="740"/>
						<SP ID="P89_SP00021" HPOS="428" VPOS="506" WIDTH="22"/>
						<String ID="P89_ST00026" HPOS="450" VPOS="478" WIDTH="39" HEIGHT="25" CONTENT="die" WC="1.00" CC="000"/>
						<SP ID="P89_SP00022" HPOS="489" VPOS="506" WIDTH="14"/>
						<String ID="P89_ST00027" HPOS="503" VPOS="478" WIDTH="131" HEIGHT="35" CONTENT="Wirkung" WC="0.99" CC="0120440"/>
						<SP ID="P89_SP00023" HPOS="634" VPOS="513" WIDTH="21"/>
						<String ID="P89_ST00028" HPOS="655" VPOS="478" WIDTH="40" HEIGHT="25" CONTENT="des" WC="0.97" CC="025"/>
						<SP ID="P89_SP00024" HPOS="695" VPOS="513" WIDTH="22"/>
						<String ID="P89_ST00029" HPOS="717" VPOS="479" WIDTH="78" HEIGHT="25" CONTENT="Bildes" WC="0.99" CC="300006"/>
						<SP ID="P89_SP00025" HPOS="795" VPOS="513" WIDTH="22"/>
						<String ID="P89_ST00030" HPOS="817" VPOS="479" WIDTH="92" HEIGHT="35" CONTENT="spricht" WC="0.98" CC="3252070"/>
						<SP ID="P89_SP00026" HPOS="909" VPOS="514" WIDTH="19"/>
						<String ID="P89_ST00031" HPOS="928" VPOS="478" WIDTH="162" HEIGHT="25" CONTENT="unmittelbar" WC="0.99" CC="66020441772"/>
					</TextLine>
					<TextLine ID="P89_TL00005" HPOS="226" VPOS="513" WIDTH="862" HEIGHT="39">
						<String ID="P89_ST00032" HPOS="226" VPOS="515" WIDTH="11" HEIGHT="16" CONTENT="z" STYLE="superscript" WC="0.34" CC="6"/>
						<String ID="P89_ST00033" HPOS="239" VPOS="517" WIDTH="28" HEIGHT="17" CONTENT="ur" WC="0.66" CC="60"/>
						<SP ID="P89_SP00027" HPOS="267" VPOS="534" WIDTH="12"/>
						<String ID="P89_ST00034" HPOS="279" VPOS="513" WIDTH="74" HEIGHT="33" CONTENT="Seele," WC="0.98" CC="007404"/>
						<SP ID="P89_SP00028" HPOS="353" VPOS="546" WIDTH="16"/>
						<String ID="P89_ST00035" HPOS="369" VPOS="516" WIDTH="137" HEIGHT="36" CONTENT="ergreifend" WC="0.99" CC="7500460620"/>
						<SP ID="P89_SP00029" HPOS="506" VPOS="552" WIDTH="15"/>
						<String ID="P89_ST00036" HPOS="521" VPOS="517" WIDTH="51" HEIGHT="25" CONTENT="und" WC="0.99" CC="010"/>
						<SP ID="P89_SP00030" HPOS="572" VPOS="552" WIDTH="16"/>
						<String ID="P89_ST00037" HPOS="588" VPOS="516" WIDTH="112" HEIGHT="36" CONTENT="packend" WC="1.00" CC="0300020"/>
						<SP ID="P89_SP00031" HPOS="700" VPOS="552" WIDTH="15"/>
						<String ID="P89_ST00038" HPOS="715" VPOS="518" WIDTH="34" HEIGHT="24" CONTENT="im" WC="0.86" CC="20"/>
						<SP ID="P89_SP00032" HPOS="749" VPOS="552" WIDTH="12"/>
						<String ID="P89_ST00039" HPOS="761" VPOS="518" WIDTH="198" HEIGHT="29" CONTENT="Dramatischen," WC="0.99" CC="0027740607074"/>
						<SP ID="P89_SP00033" HPOS="959" VPOS="552" WIDTH="14"/>
						<String ID="P89_ST00040" HPOS="973" VPOS="524" WIDTH="49" HEIGHT="18" CONTENT="zart" WC="0.97" CC="0733"/>
						<SP ID="P89_SP00034" HPOS="1022" VPOS="552" WIDTH="16"/>
						<String ID="P89_ST00041" HPOS="1038" VPOS="517" WIDTH="50" HEIGHT="25" CONTENT="und" WC="0.97" CC="330"/>
					</TextLine>
					<TextLine ID="P89_TL00006" HPOS="226" VPOS="549" WIDTH="863" HEIGHT="42">
						<String ID="P89_ST00042" HPOS="226" VPOS="549" WIDTH="50" HEIGHT="25" CONTENT="süfs" WC="0.38" CC="9904"/>
						<SP ID="P89_SP00035" HPOS="276" VPOS="574" WIDTH="14"/>
						<String ID="P89_ST00043" HPOS="290" VPOS="551" WIDTH="26" HEIGHT="27" CONTENT="in" WC="0.79" CC="40"/>
						<SP ID="P89_SP00036" HPOS="316" VPOS="578" WIDTH="15"/>
						<String ID="P89_ST00044" HPOS="331" VPOS="553" WIDTH="42" HEIGHT="26" CONTENT="der" WC="0.99" CC="002"/>
						<SP ID="P89_SP00037" HPOS="373" VPOS="579" WIDTH="10"/>
						<String ID="P89_ST00045" HPOS="383" VPOS="556" WIDTH="165" HEIGHT="34" CONTENT="Hingebung," WC="0.99" CC="6040550003"/>
						<SP ID="P89_SP00038" HPOS="548" VPOS="590" WIDTH="15"/>
						<String ID="P89_ST00046" HPOS="563" VPOS="555" WIDTH="121" HEIGHT="26" CONTENT="kraftvoll" WC="0.99" CC="217900451"/>
						<SP ID="P89_SP00039" HPOS="684" VPOS="590" WIDTH="16"/>
						<String ID="P89_ST00047" HPOS="700" VPOS="556" WIDTH="51" HEIGHT="25" CONTENT="und" WC="0.96" CC="460"/>
						<SP ID="P89_SP00040" HPOS="751" VPOS="590" WIDTH="12"/>
						<String ID="P89_ST00048" HPOS="763" VPOS="557" WIDTH="142" HEIGHT="34" CONTENT="begehrlich" WC="0.99" CC="2000548005"/>
						<SP ID="P89_SP00041" HPOS="905" VPOS="591" WIDTH="11"/>
						<String ID="P89_ST00049" HPOS="916" VPOS="556" WIDTH="26" HEIGHT="25" CONTENT="in" WC="0.61" CC="42"/>
						<SP ID="P89_SP00042" HPOS="942" VPOS="591" WIDTH="13"/>
						<String ID="P89_ST00050" HPOS="955" VPOS="557" WIDTH="41" HEIGHT="24" CONTENT="der" WC="0.97" CC="015"/>
						<SP ID="P89_SP00043" HPOS="996" VPOS="591" WIDTH="11"/>
						<String ID="P89_ST00051" HPOS="1007" VPOS="556" WIDTH="82" HEIGHT="29" CONTENT="Liebe," WC="0.98" CC="060534"/>
					</TextLine>
					<TextLine ID="P89_TL00007" HPOS="226" VPOS="588" WIDTH="692" HEIGHT="33">
						<String ID="P89_ST00052" HPOS="226" VPOS="588" WIDTH="55" HEIGHT="25" CONTENT="aber" WC="0.95" CC="9622"/>
						<SP ID="P89_SP00044" HPOS="281" VPOS="613" WIDTH="14"/>
						<String ID="P89_ST00053" HPOS="295" VPOS="598" WIDTH="56" HEIGHT="20" CONTENT="stets" WC="0.98" CC="40056"/>
						<SP ID="P89_SP00045" HPOS="351" VPOS="618" WIDTH="15"/>
						<String ID="P89_ST00054" HPOS="366" VPOS="596" WIDTH="123" HEIGHT="24" CONTENT="vornehm" WC="0.99" CC="0005670"/>
						<SP ID="P89_SP00046" HPOS="489" VPOS="620" WIDTH="14"/>
						<String ID="P89_ST00055" HPOS="503" VPOS="595" WIDTH="52" HEIGHT="25" CONTENT="und" WC="0.95" CC="660"/>
						<SP ID="P89_SP00047" HPOS="555" VPOS="620" WIDTH="15"/>
						<String ID="P89_ST00056" HPOS="570" VPOS="595" WIDTH="155" HEIGHT="25" CONTENT="menschlich" WC="0.99" CC="6004060307"/>
						<SP ID="P89_SP00048" HPOS="725" VPOS="620" WIDTH="14"/>
						<String ID="P89_ST00057" HPOS="739" VPOS="595" WIDTH="179" HEIGHT="26" CONTENT="wohlthuend." WC="0.77" CC="00604600600"/>
					</TextLine>
					<TextLine ID="P89_TL00008" HPOS="284" VPOS="630" WIDTH="804" HEIGHT="33">
						<String ID="P89_ST00058" HPOS="284" VPOS="630" WIDTH="182" HEIGHT="29" CONTENT="Wiederholen" WC="1.00" CC="02000260160"/>
						<SP ID="P89_SP00049" HPOS="466" VPOS="659" WIDTH="13"/>
						<String ID="P89_ST00059" HPOS="479" VPOS="634" WIDTH="48" HEIGHT="25" CONTENT="wir" WC="0.95" CC="921"/>
						<SP ID="P89_SP00050" HPOS="527" VPOS="659" WIDTH="14"/>
						<String ID="P89_ST00060" HPOS="541" VPOS="634" WIDTH="66" HEIGHT="25" CONTENT="noch" WC="0.99" CC="0006"/>
						<SP ID="P89_SP00051" HPOS="607" VPOS="659" WIDTH="11"/>
						<String ID="P89_ST00061" HPOS="618" VPOS="634" WIDTH="104" HEIGHT="25" CONTENT="einmal:" WC="0.98" CC="2500744"/>
						<SP ID="P89_SP00052" HPOS="722" VPOS="659" WIDTH="16"/>
						<String ID="P89_ST00062" HPOS="738" VPOS="644" WIDTH="74" HEIGHT="15" CONTENT="wenn" WC="0.97" CC="0606"/>
						<SP ID="P89_SP00053" HPOS="812" VPOS="659" WIDTH="13"/>
						<String ID="P89_ST00063" HPOS="825" VPOS="643" WIDTH="25" HEIGHT="16" CONTENT="er" WC="0.67" CC="60"/>
						<SP ID="P89_SP00054" HPOS="850" VPOS="659" WIDTH="11"/>
						<String ID="P89_ST00064" HPOS="861" VPOS="634" WIDTH="140" HEIGHT="29" CONTENT="verwischt," WC="0.99" CC="0019450663"/>
						<SP ID="P89_SP00055" HPOS="1001" VPOS="663" WIDTH="11"/>
						<String ID="P89_ST00065" HPOS="1012" VPOS="643" WIDTH="76" HEIGHT="16" CONTENT="wenn" WC="0.95" CC="9506"/>
					</TextLine>
					<TextLine ID="P89_TL00009" HPOS="226" VPOS="669" WIDTH="862" HEIGHT="38">
						<String ID="P89_ST00066" HPOS="226" VPOS="671" WIDTH="24" HEIGHT="17" CONTENT="er" WC="0.62" CC="07"/>
						<SP ID="P89_SP00056" HPOS="250" VPOS="688" WIDTH="14"/>
						<String ID="P89_ST00067" HPOS="264" VPOS="669" WIDTH="116" HEIGHT="32" CONTENT="verhüllt," WC="0.99" CC="064600144"/>
						<SP ID="P89_SP00057" HPOS="380" VPOS="701" WIDTH="15"/>
						<String ID="P89_ST00068" HPOS="395" VPOS="682" WIDTH="53" HEIGHT="16" CONTENT="was" WC="0.95" CC="075"/>
						<SP ID="P89_SP00058" HPOS="448" VPOS="701" WIDTH="15"/>
						<String ID="P89_ST00069" HPOS="463" VPOS="673" WIDTH="54" HEIGHT="25" CONTENT="ihm" WC="0.96" CC="550"/>
						<SP ID="P89_SP00059" HPOS="517" VPOS="701" WIDTH="14"/>
						<String ID="P89_ST00070" HPOS="531" VPOS="673" WIDTH="70" HEIGHT="25" CONTENT="nicht" WC="0.98" CC="70060"/>
						<SP ID="P89_SP00060" HPOS="601" VPOS="701" WIDTH="12"/>
						<String ID="P89_ST00071" HPOS="613" VPOS="673" WIDTH="147" HEIGHT="25" CONTENT="wesentlich" WC="0.99" CC="0540030506"/>
						<SP ID="P89_SP00061" HPOS="760" VPOS="701" WIDTH="15"/>
						<String ID="P89_ST00072" HPOS="775" VPOS="673" WIDTH="129" HEIGHT="28" CONTENT="erscheint," WC="0.99" CC="6040600364"/>
						<SP ID="P89_SP00062" HPOS="904" VPOS="701" WIDTH="15"/>
						<String ID="P89_ST00073" HPOS="919" VPOS="683" WIDTH="28" HEIGHT="15" CONTENT="so" WC="0.91" CC="10"/>
						<SP ID="P89_SP00063" HPOS="947" VPOS="701" WIDTH="15"/>
						<String ID="P89_ST00074" HPOS="962" VPOS="672" WIDTH="126" HEIGHT="35" CONTENT="geschieht" WC="0.99" CC="023065070"/>
					</TextLine>
					<TextLine ID="P89_TL00010" HPOS="226" VPOS="710" WIDTH="861" HEIGHT="36">
						<String ID="P89_ST00075" HPOS="226" VPOS="710" WIDTH="33" HEIGHT="22" CONTENT="es," WC="0.93" CC="972"/>
						<SP ID="P89_SP00064" HPOS="259" VPOS="732" WIDTH="18"/>
						<String ID="P89_ST00076" HPOS="277" VPOS="715" WIDTH="43" HEIGHT="18" CONTENT="um" WC="0.76" CC="40"/>
						<SP ID="P89_SP00065" HPOS="320" VPOS="733" WIDTH="20"/>
						<String ID="P89_ST00077" HPOS="340" VPOS="710" WIDTH="40" HEIGHT="26" CONTENT="die" WC="0.98" CC="040"/>
						<SP ID="P89_SP00066" HPOS="380" VPOS="736" WIDTH="20"/>
						<String ID="P89_ST00078" HPOS="400" VPOS="711" WIDTH="67" HEIGHT="25" CONTENT="Seele" WC="0.99" CC="00004"/>
						<SP ID="P89_SP00067" HPOS="467" VPOS="736" WIDTH="21"/>
						<String ID="P89_ST00079" HPOS="488" VPOS="722" WIDTH="29" HEIGHT="15" CONTENT="zu" WC="0.68" CC="60"/>
						<SP ID="P89_SP00068" HPOS="517" VPOS="737" WIDTH="21"/>
						<String ID="P89_ST00080" HPOS="538" VPOS="710" WIDTH="129" HEIGHT="36" CONTENT="ergreifen." WC="1.00" CC="5000600030"/>
						<SP ID="P89_SP00069" HPOS="667" VPOS="746" WIDTH="28"/>
						<String ID="P89_ST00081" HPOS="695" VPOS="713" WIDTH="31" HEIGHT="24" CONTENT="Er" WC="0.75" CC="05"/>
						<SP ID="P89_SP00070" HPOS="726" VPOS="746" WIDTH="19"/>
						<String ID="P89_ST00082" HPOS="745" VPOS="712" WIDTH="104" HEIGHT="25" CONTENT="schaltet" WC="0.99" CC="42713115"/>
						<SP ID="P89_SP00071" HPOS="849" VPOS="746" WIDTH="15"/>
						<String ID="P89_ST00083" HPOS="864" VPOS="712" WIDTH="75" HEIGHT="25" CONTENT="daher" WC="0.98" CC="00761"/>
						<SP ID="P89_SP00072" HPOS="939" VPOS="746" WIDTH="14"/>
						<String ID="P89_ST00084" HPOS="953" VPOS="712" WIDTH="68" HEIGHT="25" CONTENT="Alles" WC="0.97" CC="73415"/>
						<SP ID="P89_SP00073" HPOS="1021" VPOS="746" WIDTH="16"/>
						<String ID="P89_ST00085" HPOS="1037" VPOS="721" WIDTH="50" HEIGHT="21" CONTENT="aus," WC="0.97" CC="5034"/>
					</TextLine>
					<TextLine ID="P89_TL00011" HPOS="226" VPOS="746" WIDTH="861" HEIGHT="40">
						<String ID="P89_ST00086" HPOS="226" VPOS="749" WIDTH="51" HEIGHT="19" CONTENT="Was" WC="0.93" CC="944"/>
						<SP ID="P89_SP00074" HPOS="277" VPOS="768" WIDTH="26"/>
						<String ID="P89_ST00087" HPOS="303" VPOS="746" WIDTH="42" HEIGHT="27" CONTENT="das" WC="0.97" CC="062"/>
						<SP ID="P89_SP00075" HPOS="345" VPOS="773" WIDTH="25"/>
						<String ID="P89_ST00088" HPOS="370" VPOS="750" WIDTH="115" HEIGHT="26" CONTENT="Interesse" WC="0.99" CC="033026551"/>
						<SP ID="P89_SP00076" HPOS="485" VPOS="776" WIDTH="24"/>
						<String ID="P89_ST00089" HPOS="509" VPOS="761" WIDTH="51" HEIGHT="15" CONTENT="von" WC="0.98" CC="032"/>
						<SP ID="P89_SP00077" HPOS="560" VPOS="776" WIDTH="24"/>
						<String ID="P89_ST00090" HPOS="584" VPOS="750" WIDTH="40" HEIGHT="26" CONTENT="der" WC="1.00" CC="000"/>
						<SP ID="P89_SP00078" HPOS="624" VPOS="776" WIDTH="24"/>
						<String ID="P89_ST00091" HPOS="648" VPOS="750" WIDTH="161" HEIGHT="36" CONTENT="Hauptsache" WC="0.99" CC="6060264070"/>
						<SP ID="P89_SP00079" HPOS="809" VPOS="786" WIDTH="25"/>
						<String ID="P89_ST00092" HPOS="834" VPOS="750" WIDTH="120" HEIGHT="26" CONTENT="ablenken" WC="0.99" CC="55013031"/>
						<SP ID="P89_SP00080" HPOS="954" VPOS="786" WIDTH="28"/>
						<String ID="P89_ST00093" HPOS="982" VPOS="750" WIDTH="105" HEIGHT="27" CONTENT="könnte." WC="0.98" CC="0751723"/>
					</TextLine>
					<TextLine ID="P89_TL00012" HPOS="226" VPOS="784" WIDTH="862" HEIGHT="38">
						<String ID="P89_ST00094" HPOS="226" VPOS="784" WIDTH="151" HEIGHT="38" CONTENT="■Zeichnung," WC="0.99" CC="88064055601"/>
						<SP ID="P89_SP00081" HPOS="377" VPOS="822" WIDTH="23"/>
						<String ID="P89_ST00095" HPOS="400" VPOS="789" WIDTH="72" HEIGHT="25" CONTENT="Licht" WC="0.99" CC="11060"/>
						<SP ID="P89_SP00082" HPOS="472" VPOS="822" WIDTH="24"/>
						<String ID="P89_ST00096" HPOS="496" VPOS="789" WIDTH="52" HEIGHT="26" CONTENT="und" WC="0.97" CC="700"/>
						<SP ID="P89_SP00083" HPOS="548" VPOS="822" WIDTH="21"/>
						<String ID="P89_ST00097" HPOS="569" VPOS="789" WIDTH="73" HEIGHT="26" CONTENT="Farbe" WC="0.97" CC="55331"/>
						<SP ID="P89_SP00084" HPOS="642" VPOS="822" WIDTH="21"/>
						<String ID="P89_ST00098" HPOS="663" VPOS="788" WIDTH="142" HEIGHT="26" CONTENT="wetteifern" WC="0.99" CC="0020330405"/>
						<SP ID="P89_SP00085" HPOS="805" VPOS="822" WIDTH="22"/>
						<String ID="P89_ST00099" HPOS="827" VPOS="789" WIDTH="26" HEIGHT="25" CONTENT="in" WC="0.73" CC="13"/>
						<SP ID="P89_SP00086" HPOS="853" VPOS="822" WIDTH="21"/>
						<String ID="P89_ST00100" HPOS="874" VPOS="789" WIDTH="76" HEIGHT="25" CONTENT="dieser" WC="0.98" CC="016620"/>
						<SP ID="P89_SP00087" HPOS="950" VPOS="822" WIDTH="21"/>
						<String ID="P89_ST00101" HPOS="971" VPOS="789" WIDTH="117" HEIGHT="25" CONTENT="Hinsicht" WC="0.99" CC="12434061"/>
					</TextLine>
					<TextLine ID="P89_TL00013" HPOS="226" VPOS="826" WIDTH="862" HEIGHT="36">
						<String ID="P89_ST00102" HPOS="226" VPOS="826" WIDTH="171" HEIGHT="31" CONTENT="miteinander," WC="0.99" CC="705176500004"/>
						<SP ID="P89_SP00088" HPOS="397" VPOS="857" WIDTH="15"/>
						<String ID="P89_ST00103" HPOS="412" VPOS="828" WIDTH="33" HEIGHT="25" CONTENT="sie" WC="0.95" CC="642"/>
						<SP ID="P89_SP00089" HPOS="445" VPOS="857" WIDTH="14"/>
						<String ID="P89_ST00104" HPOS="459" VPOS="828" WIDTH="54" HEIGHT="25" CONTENT="sind" WC="0.98" CC="3500"/>
						<SP ID="P89_SP00090" HPOS="513" VPOS="857" WIDTH="15"/>
						<String ID="P89_ST00105" HPOS="528" VPOS="828" WIDTH="89" HEIGHT="34" CONTENT="jedoch" WC="0.99" CC="310017"/>
						<SP ID="P89_SP00091" HPOS="617" VPOS="862" WIDTH="15"/>
						<String ID="P89_ST00106" HPOS="632" VPOS="827" WIDTH="174" HEIGHT="26" CONTENT="unauflöslich" WC="0.99" CC="533500055506"/>
						<SP ID="P89_SP00092" HPOS="806" VPOS="862" WIDTH="16"/>
						<String ID="P89_ST00107" HPOS="822" VPOS="828" WIDTH="140" HEIGHT="25" CONTENT="verbunden" WC="0.99" CC="022404002"/>
						<SP ID="P89_SP00093" HPOS="962" VPOS="862" WIDTH="16"/>
						<String ID="P89_ST00108" HPOS="978" VPOS="828" WIDTH="51" HEIGHT="25" CONTENT="und" WC="0.98" CC="400"/>
						<SP ID="P89_SP00094" HPOS="1029" VPOS="862" WIDTH="12"/>
						<String ID="P89_ST00109" HPOS="1041" VPOS="828" WIDTH="36" HEIGHT="25" CONTENT="zei" SUBS_TYPE="HypPart1" SUBS_CONTENT="zeitigen" WC="0.96" CC="554"/>
						<HYP HPOS="1077" VPOS="828" WIDTH="11" CONTENT="-"/>
					</TextLine>
					<TextLine ID="P89_TL00014" HPOS="226" VPOS="861" WIDTH="446" HEIGHT="40">
						<String ID="P89_ST00110" HPOS="226" VPOS="861" WIDTH="65" HEIGHT="32" CONTENT="tigen" SUBS_TYPE="HypPart2" SUBS_CONTENT="zeitigen" WC="0.97" CC="97501"/>
						<SP ID="P89_SP00095" HPOS="291" VPOS="893" WIDTH="14"/>
						<String ID="P89_ST00111" HPOS="305" VPOS="872" WIDTH="27" HEIGHT="16" CONTENT="so" WC="0.67" CC="60"/>
						<SP ID="P89_SP00096" HPOS="332" VPOS="893" WIDTH="15"/>
						<String ID="P89_ST00112" HPOS="347" VPOS="866" WIDTH="53" HEIGHT="25" CONTENT="eine" WC="0.97" CC="0506"/>
						<SP ID="P89_SP00097" HPOS="400" VPOS="893" WIDTH="15"/>
						<String ID="P89_ST00113" HPOS="415" VPOS="867" WIDTH="164" HEIGHT="34" CONTENT="gemeinsame" WC="1.00" CC="0010005600"/>
						<SP ID="P89_SP00098" HPOS="579" VPOS="901" WIDTH="15"/>
						<String ID="P89_ST00114" HPOS="594" VPOS="866" WIDTH="78" HEIGHT="27" CONTENT="Blüte." WC="0.99" CC="340120"/>
					</TextLine>
					<TextLine ID="P89_TL00015" HPOS="283" VPOS="901" WIDTH="804" HEIGHT="31">
						<String ID="P89_ST00115" HPOS="283" VPOS="901" WIDTH="104" HEIGHT="28" CONTENT="Endlich" WC="0.99" CC="5601006"/>
						<SP ID="P89_SP00099" HPOS="387" VPOS="929" WIDTH="21"/>
						<String ID="P89_ST00116" HPOS="408" VPOS="905" WIDTH="44" HEIGHT="26" CONTENT="der" WC="0.97" CC="051"/>
						<SP ID="P89_SP00100" HPOS="452" VPOS="931" WIDTH="17"/>
						<String ID="P89_ST00117" HPOS="469" VPOS="905" WIDTH="123" HEIGHT="27" CONTENT="Kolorist!" WC="0.83" CC="000030560"/>
						<SP ID="P89_SP00101" HPOS="592" VPOS="932" WIDTH="34"/>
						<String ID="P89_ST00118" HPOS="626" VPOS="905" WIDTH="90" HEIGHT="27" CONTENT="Haben" WC="0.98" CC="44300"/>
						<SP ID="P89_SP00102" HPOS="716" VPOS="932" WIDTH="18"/>
						<String ID="P89_ST00119" HPOS="734" VPOS="905" WIDTH="49" HEIGHT="27" CONTENT="wir" WC="0.96" CC="074"/>
						<SP ID="P89_SP00103" HPOS="783" VPOS="932" WIDTH="20"/>
						<String ID="P89_ST00120" HPOS="803" VPOS="905" WIDTH="71" HEIGHT="26" CONTENT="dabei" WC="0.99" CC="00302"/>
						<SP ID="P89_SP00104" HPOS="874" VPOS="932" WIDTH="19"/>
						<String ID="P89_ST00121" HPOS="893" VPOS="905" WIDTH="38" HEIGHT="25" CONTENT="die" WC="0.98" CC="040"/>
						<SP ID="P89_SP00105" HPOS="931" VPOS="932" WIDTH="18"/>
						<String ID="P89_ST00122" HPOS="949" VPOS="905" WIDTH="138" HEIGHT="25" CONTENT="Harmonie" WC="0.99" CC="62001533"/>
					</TextLine>
					<TextLine ID="P89_TL00016" HPOS="226" VPOS="938" WIDTH="861" HEIGHT="42">
						<String ID="P89_ST00123" HPOS="226" VPOS="938" WIDTH="56" HEIGHT="24" CONTENT="aller" WC="0.96" CC="76646"/>
						<SP ID="P89_SP00106" HPOS="282" VPOS="962" WIDTH="5"/>
						<String ID="P89_ST00124" HPOS="287" VPOS="940" WIDTH="171" HEIGHT="40" CONTENT="Beziehungen" WC="0.99" CC="56600624005"/>
						<SP ID="P89_SP00107" HPOS="458" VPOS="980" WIDTH="8"/>
						<String ID="P89_ST00125" HPOS="466" VPOS="944" WIDTH="147" HEIGHT="36" CONTENT="überhaupt," WC="0.99" CC="0461470064"/>
						<SP ID="P89_SP00108" HPOS="613" VPOS="980" WIDTH="6"/>
						<String ID="P89_ST00126" HPOS="619" VPOS="944" WIDTH="52" HEIGHT="26" CONTENT="und" WC="0.98" CC="140"/>
						<SP ID="P89_SP00109" HPOS="671" VPOS="980" WIDTH="7"/>
						<String ID="P89_ST00127" HPOS="678" VPOS="944" WIDTH="69" HEIGHT="26" CONTENT="nicht" WC="0.98" CC="45060"/>
						<SP ID="P89_SP00110" HPOS="747" VPOS="980" WIDTH="7"/>
						<String ID="P89_ST00128" HPOS="754" VPOS="944" WIDTH="42" HEIGHT="25" CONTENT="das" WC="0.99" CC="002"/>
						<SP ID="P89_SP00111" HPOS="796" VPOS="980" WIDTH="8"/>
						<String ID="P89_ST00129" HPOS="804" VPOS="943" WIDTH="283" HEIGHT="27" CONTENT="blofseDurcheinander" WC="0.81" CC="0210401202602603010"/>
					</TextLine>
					<TextLine ID="P89_TL00017" HPOS="226" VPOS="979" WIDTH="860" HEIGHT="39">
						<String ID="P89_ST00130" HPOS="226" VPOS="980" WIDTH="48" HEIGHT="21" CONTENT="Von" WC="0.95" CC="067"/>
						<SP ID="P89_SP00112" HPOS="274" VPOS="1001" WIDTH="11"/>
						<String ID="P89_ST00131" HPOS="285" VPOS="979" WIDTH="90" HEIGHT="28" CONTENT="Farben" WC="0.99" CC="306040"/>
						<SP ID="P89_SP00113" HPOS="375" VPOS="1007" WIDTH="13"/>
						<String ID="P89_ST00132" HPOS="388" VPOS="984" WIDTH="60" HEIGHT="25" CONTENT="oder" WC="0.99" CC="1041"/>
						<SP ID="P89_SP00114" HPOS="448" VPOS="1009" WIDTH="10"/>
						<String ID="P89_ST00133" HPOS="458" VPOS="993" WIDTH="47" HEIGHT="16" CONTENT="nur" WC="0.98" CC="004"/>
						<SP ID="P89_SP00115" HPOS="505" VPOS="1009" WIDTH="12"/>
						<String ID="P89_ST00134" HPOS="517" VPOS="983" WIDTH="46" HEIGHT="26" CONTENT="den" WC="0.97" CC="053"/>
						<SP ID="P89_SP00116" HPOS="563" VPOS="1009" WIDTH="12"/>
						<String ID="P89_ST00135" HPOS="575" VPOS="983" WIDTH="66" HEIGHT="27" CONTENT="Grad" WC="1.00" CC="0010"/>
						<SP ID="P89_SP00117" HPOS="641" VPOS="1010" WIDTH="14"/>
						<String ID="P89_ST00136" HPOS="655" VPOS="983" WIDTH="63" HEIGHT="26" CONTENT="ihrer" WC="0.98" CC="06350"/>
						<SP ID="P89_SP00118" HPOS="718" VPOS="1010" WIDTH="10"/>
						<String ID="P89_ST00137" HPOS="728" VPOS="982" WIDTH="86" HEIGHT="27" CONTENT="Stärke" WC="0.99" CC="010404"/>
						<SP ID="P89_SP00119" HPOS="814" VPOS="1010" WIDTH="11"/>
						<String ID="P89_ST00138" HPOS="825" VPOS="983" WIDTH="34" HEIGHT="25" CONTENT="im" WC="0.83" CC="30"/>
						<SP ID="P89_SP00120" HPOS="859" VPOS="1010" WIDTH="8"/>
						<String ID="P89_ST00139" HPOS="867" VPOS="984" WIDTH="81" HEIGHT="34" CONTENT="Auge," WC="0.99" CC="40004"/>
						<SP ID="P89_SP00121" HPOS="948" VPOS="1018" WIDTH="15"/>
						<String ID="P89_ST00140" HPOS="963" VPOS="993" WIDTH="28" HEIGHT="15" CONTENT="so" WC="0.90" CC="10"/>
						<SP ID="P89_SP00122" HPOS="991" VPOS="1018" WIDTH="11"/>
						<String ID="P89_ST00141" HPOS="1002" VPOS="982" WIDTH="84" HEIGHT="26" CONTENT="macht" WC="0.98" CC="04344"/>
					</TextLine>
					<TextLine ID="P89_TL00018" HPOS="226" VPOS="1018" WIDTH="861" HEIGHT="39">
						<String ID="P89_ST00142" HPOS="226" VPOS="1021" WIDTH="38" HEIGHT="17" CONTENT="me" WC="0.50" CC="18"/>
						<SP ID="P89_SP00123" HPOS="264" VPOS="1038" WIDTH="11"/>
						<String ID="P89_ST00143" HPOS="275" VPOS="1018" WIDTH="163" HEIGHT="39" CONTENT="Verbindung" WC="0.99" CC="9345640310"/>
						<SP ID="P89_SP00124" HPOS="438" VPOS="1057" WIDTH="15"/>
						<String ID="P89_ST00144" HPOS="453" VPOS="1022" WIDTH="59" HEIGHT="26" CONTENT="aller" WC="0.98" CC="01771"/>
						<SP ID="P89_SP00125" HPOS="512" VPOS="1057" WIDTH="16"/>
						<String ID="P89_ST00145" HPOS="528" VPOS="1022" WIDTH="211" HEIGHT="35" CONTENT="angeschlagenen" WC="0.99" CC="30056060600702"/>
						<SP ID="P89_SP00126" HPOS="739" VPOS="1057" WIDTH="11"/>
						<String ID="P89_ST00146" HPOS="750" VPOS="1021" WIDTH="113" HEIGHT="28" CONTENT="Accorde" WC="0.73" CC="9600002"/>
						<SP ID="P89_SP00127" HPOS="863" VPOS="1057" WIDTH="14"/>
						<String ID="P89_ST00147" HPOS="877" VPOS="1021" WIDTH="79" HEIGHT="26" CONTENT="durch" WC="0.99" CC="00006"/>
						<SP ID="P89_SP00128" HPOS="956" VPOS="1057" WIDTH="15"/>
						<String ID="P89_ST00148" HPOS="971" VPOS="1022" WIDTH="39" HEIGHT="25" CONTENT="ein" WC="0.97" CC="062"/>
						<SP ID="P89_SP00129" HPOS="1010" VPOS="1057" WIDTH="11"/>
						<String ID="P89_ST00149" HPOS="1021" VPOS="1023" WIDTH="66" HEIGHT="24" CONTENT="Netz" WC="0.98" CC="0063"/>
					</TextLine>
					<TextLine ID="P89_TL00019" HPOS="226" VPOS="1058" WIDTH="860" HEIGHT="38">
						<String ID="P89_ST00150" HPOS="226" VPOS="1058" WIDTH="49" HEIGHT="20" CONTENT="von" WC="0.92" CC="957"/>
						<SP ID="P89_SP00130" HPOS="275" VPOS="1078" WIDTH="13"/>
						<String ID="P89_ST00151" HPOS="288" VPOS="1059" WIDTH="215" HEIGHT="28" CONTENT="undefinierbaren" WC="0.99" CC="650000075066032"/>
						<SP ID="P89_SP00131" HPOS="503" VPOS="1087" WIDTH="12"/>
						<String ID="P89_ST00152" HPOS="515" VPOS="1063" WIDTH="124" HEIGHT="24" CONTENT="Nuancen" WC="0.98" CC="0055535"/>
						<SP ID="P89_SP00132" HPOS="639" VPOS="1087" WIDTH="13"/>
						<String ID="P89_ST00153" HPOS="652" VPOS="1061" WIDTH="26" HEIGHT="25" CONTENT="in" WC="0.97" CC="00"/>
						<SP ID="P89_SP00133" HPOS="678" VPOS="1087" WIDTH="15"/>
						<String ID="P89_ST00154" HPOS="693" VPOS="1060" WIDTH="87" HEIGHT="36" CONTENT="irgend" WC="0.99" CC="500060"/>
						<SP ID="P89_SP00134" HPOS="780" VPOS="1096" WIDTH="15"/>
						<String ID="P89_ST00155" HPOS="795" VPOS="1061" WIDTH="66" HEIGHT="25" CONTENT="einer" WC="0.99" CC="15003"/>
						<SP ID="P89_SP00135" HPOS="861" VPOS="1096" WIDTH="11"/>
						<String ID="P89_ST00156" HPOS="872" VPOS="1062" WIDTH="104" HEIGHT="27" CONTENT="Tonart," WC="0.99" CC="0007034"/>
						<SP ID="P89_SP00136" HPOS="976" VPOS="1096" WIDTH="15"/>
						<String ID="P89_ST00157" HPOS="991" VPOS="1060" WIDTH="82" HEIGHT="35" CONTENT="gleich" SUBS_TYPE="HypPart1" SUBS_CONTENT="gleichviel" WC="0.99" CC="000666"/>
						<HYP HPOS="1073" VPOS="1060" WIDTH="13" CONTENT="-"/>
					</TextLine>
					<TextLine ID="P89_TL00020" HPOS="226" VPOS="1093" WIDTH="859" HEIGHT="35">
						<String ID="P89_ST00158" HPOS="226" VPOS="1093" WIDTH="47" HEIGHT="23" CONTENT="viel" SUBS_TYPE="HypPart2" SUBS_CONTENT="gleichviel" WC="0.94" CC="7778"/>
						<SP ID="P89_SP00137" HPOS="273" VPOS="1116" WIDTH="14"/>
						<String ID="P89_ST00159" HPOS="287" VPOS="1095" WIDTH="33" HEIGHT="25" CONTENT="ob" WC="0.81" CC="21"/>
						<SP ID="P89_SP00138" HPOS="320" VPOS="1120" WIDTH="12"/>
						<String ID="P89_ST00160" HPOS="332" VPOS="1098" WIDTH="50" HEIGHT="26" CONTENT="hell" WC="0.96" CC="6633"/>
						<SP ID="P89_SP00139" HPOS="382" VPOS="1124" WIDTH="15"/>
						<String ID="P89_ST00161" HPOS="397" VPOS="1099" WIDTH="61" HEIGHT="26" CONTENT="oder" WC="0.98" CC="4042"/>
						<SP ID="P89_SP00140" HPOS="458" VPOS="1125" WIDTH="11"/>
						<String ID="P89_ST00162" HPOS="469" VPOS="1099" WIDTH="100" HEIGHT="29" CONTENT="dunkel," WC="0.99" CC="0610063"/>
						<SP ID="P89_SP00141" HPOS="569" VPOS="1128" WIDTH="16"/>
						<String ID="P89_ST00163" HPOS="585" VPOS="1099" WIDTH="47" HEIGHT="26" CONTENT="den" WC="0.98" CC="004"/>
						<SP ID="P89_SP00142" HPOS="632" VPOS="1128" WIDTH="12"/>
						<String ID="P89_ST00164" HPOS="644" VPOS="1100" WIDTH="143" HEIGHT="25" CONTENT="Koloristen" WC="0.77" CC="0020056313"/>
						<SP ID="P89_SP00143" HPOS="787" VPOS="1128" WIDTH="16"/>
						<String ID="P89_ST00165" HPOS="803" VPOS="1109" WIDTH="51" HEIGHT="16" CONTENT="aus." WC="0.98" CC="3210"/>
						<SP ID="P89_SP00144" HPOS="854" VPOS="1128" WIDTH="29"/>
						<String ID="P89_ST00166" HPOS="883" VPOS="1099" WIDTH="57" HEIGHT="26" CONTENT="Und" WC="0.99" CC="300"/>
						<SP ID="P89_SP00145" HPOS="940" VPOS="1128" WIDTH="15"/>
						<String ID="P89_ST00167" HPOS="955" VPOS="1100" WIDTH="27" HEIGHT="24" CONTENT="in" WC="0.93" CC="10"/>
						<SP ID="P89_SP00146" HPOS="982" VPOS="1128" WIDTH="11"/>
						<String ID="P89_ST00168" HPOS="993" VPOS="1098" WIDTH="92" HEIGHT="26" CONTENT="diesem" WC="0.99" CC="020540"/>
					</TextLine>
					<TextLine ID="P89_TL00021" HPOS="226" VPOS="1136" WIDTH="858" HEIGHT="29">
						<String ID="P89_ST00169" HPOS="226" VPOS="1136" WIDTH="80" HEIGHT="27" CONTENT="sinne," WC="0.97" CC="876704"/>
						<SP ID="P89_SP00147" HPOS="306" VPOS="1163" WIDTH="19"/>
						<String ID="P89_ST00170" HPOS="325" VPOS="1137" WIDTH="83" HEIGHT="26" CONTENT="welch" WC="0.98" CC="90106"/>
						<SP ID="P89_SP00148" HPOS="408" VPOS="1163" WIDTH="16"/>
						<String ID="P89_ST00171" HPOS="424" VPOS="1138" WIDTH="258" HEIGHT="27" CONTENT="bewundernswerter" WC="1.00" CC="6005003064012506"/>
						<SP ID="P89_SP00149" HPOS="682" VPOS="1165" WIDTH="13"/>
						<String ID="P89_ST00172" HPOS="695" VPOS="1137" WIDTH="115" HEIGHT="27" CONTENT="Kolorist" WC="0.73" CC="20100564"/>
						<SP ID="P89_SP00150" HPOS="810" VPOS="1165" WIDTH="20"/>
						<String ID="P89_ST00173" HPOS="830" VPOS="1138" WIDTH="25" HEIGHT="25" CONTENT="in" WC="0.54" CC="26"/>
						<SP ID="P89_SP00151" HPOS="855" VPOS="1165" WIDTH="15"/>
						<String ID="P89_ST00174" HPOS="870" VPOS="1137" WIDTH="111" HEIGHT="26" CONTENT="dunklen" WC="0.98" CC="0630654"/>
						<SP ID="P89_SP00152" HPOS="981" VPOS="1165" WIDTH="14"/>
						<String ID="P89_ST00175" HPOS="995" VPOS="1139" WIDTH="89" HEIGHT="24" CONTENT="Tönen" WC="0.97" CC="07660"/>
					</TextLine>
					<TextLine ID="P89_TL00022" HPOS="226" VPOS="1172" WIDTH="860" HEIGHT="41">
						<String ID="P89_ST00176" HPOS="226" VPOS="1174" WIDTH="28" HEIGHT="18" CONTENT="ist" WC="0.94" CC="870"/>
						<SP ID="P89_SP00153" HPOS="254" VPOS="1192" WIDTH="16"/>
						<String ID="P89_ST00177" HPOS="270" VPOS="1172" WIDTH="118" HEIGHT="30" CONTENT="Carriere!" WC="0.92" CC="130010000"/>
						<SP ID="P89_SP00154" HPOS="388" VPOS="1202" WIDTH="31"/>
						<String ID="P89_ST00178" HPOS="419" VPOS="1177" WIDTH="107" HEIGHT="26" CONTENT="Welche" WC="0.99" CC="000170"/>
						<SP ID="P89_SP00155" HPOS="526" VPOS="1203" WIDTH="19"/>
						<String ID="P89_ST00179" HPOS="545" VPOS="1177" WIDTH="66" HEIGHT="26" CONTENT="Fülle" WC="1.00" CC="00300"/>
						<SP ID="P89_SP00156" HPOS="611" VPOS="1203" WIDTH="21"/>
						<String ID="P89_ST00180" HPOS="632" VPOS="1177" WIDTH="154" HEIGHT="36" CONTENT="geistreicher" WC="0.99" CC="004552500601"/>
						<SP ID="P89_SP00157" HPOS="786" VPOS="1213" WIDTH="19"/>
						<String ID="P89_ST00181" HPOS="805" VPOS="1177" WIDTH="55" HEIGHT="24" CONTENT="Ton" WC="0.96" CC="054"/>
						<SP ID="P89_SP00158" HPOS="860" VPOS="1213" WIDTH="3"/>
						<String ID="P89_ST00182" HPOS="863" VPOS="1185" WIDTH="90" HEIGHT="20" CONTENT="werte," WC="0.98" CC="950610"/>
						<SP ID="P89_SP00159" HPOS="953" VPOS="1213" WIDTH="25"/>
						<String ID="P89_ST00183" HPOS="978" VPOS="1186" WIDTH="108" HEIGHT="25" CONTENT="genauer" WC="0.99" CC="0066000"/>
					</TextLine>
					<TextLine ID="P89_TL00023" HPOS="229" VPOS="1209" WIDTH="855" HEIGHT="43">
						<String ID="P89_ST00184" HPOS="229" VPOS="1209" WIDTH="96" HEIGHT="28" CONTENT='"aleurs' WC="0.71" CC="3740004"/>
						<SP ID="P89_SP00160" HPOS="325" VPOS="1237" WIDTH="22"/>
						<String ID="P89_ST00185" HPOS="347" VPOS="1214" WIDTH="130" HEIGHT="28" CONTENT="innerhalb" WC="0.99" CC="230007703"/>
						<SP ID="P89_SP00161" HPOS="477" VPOS="1242" WIDTH="21"/>
						<String ID="P89_ST00186" HPOS="498" VPOS="1215" WIDTH="106" HEIGHT="37" CONTENT="grüfster" WC="0.77" CC="00502405"/>
						<SP ID="P89_SP00162" HPOS="604" VPOS="1252" WIDTH="19"/>
						<String ID="P89_ST00187" HPOS="623" VPOS="1218" WIDTH="162" HEIGHT="33" CONTENT="Gegensätze," WC="1.00" CC="00005405014"/>
						<SP ID="P89_SP00163" HPOS="785" VPOS="1252" WIDTH="21"/>
						<String ID="P89_ST00188" HPOS="806" VPOS="1214" WIDTH="97" HEIGHT="26" CONTENT="welche" WC="0.99" CC="020660"/>
						<SP ID="P89_SP00164" HPOS="903" VPOS="1252" WIDTH="17"/>
						<String ID="P89_ST00189" HPOS="920" VPOS="1214" WIDTH="109" HEIGHT="26" CONTENT="Feinheit" WC="0.98" CC="40325067"/>
						<SP ID="P89_SP00165" HPOS="1029" VPOS="1252" WIDTH="20"/>
						<String ID="P89_ST00190" HPOS="1049" VPOS="1215" WIDTH="35" HEIGHT="25" CONTENT="im" WC="0.89" CC="20"/>
					</TextLine>
					<TextLine ID="P89_TL00024" HPOS="226" VPOS="1247" WIDTH="858" HEIGHT="44">
						<String ID="P89_ST00191" HPOS="226" VPOS="1247" WIDTH="135" HEIGHT="31" CONTENT="Auffinden" WC="0.98" CC="739117034"/>
						<SP ID="P89_SP00166" HPOS="361" VPOS="1278" WIDTH="28"/>
						<String ID="P89_ST00192" HPOS="389" VPOS="1254" WIDTH="41" HEIGHT="26" CONTENT="der" WC="0.99" CC="002"/>
						<SP ID="P89_SP00167" HPOS="430" VPOS="1280" WIDTH="22"/>
						<String ID="P89_ST00193" HPOS="452" VPOS="1256" WIDTH="162" HEIGHT="35" CONTENT="Uebergänge" WC="0.77" CC="5160000701"/>
						<SP ID="P89_SP00168" HPOS="614" VPOS="1291" WIDTH="26"/>
						<String ID="P89_ST00194" HPOS="640" VPOS="1271" WIDTH="35" HEIGHT="4" CONTENT="—" WC="0.20" CC="8"/>
						<SP ID="P89_SP00169" HPOS="675" VPOS="1291" WIDTH="24"/>
						<String ID="P89_ST00195" HPOS="699" VPOS="1254" WIDTH="52" HEIGHT="26" CONTENT="und" WC="0.96" CC="550"/>
						<SP ID="P89_SP00170" HPOS="751" VPOS="1291" WIDTH="25"/>
						<String ID="P89_ST00196" HPOS="776" VPOS="1253" WIDTH="66" HEIGHT="26" CONTENT="Alles" WC="0.98" CC="20125"/>
						<SP ID="P89_SP00171" HPOS="842" VPOS="1291" WIDTH="24"/>
						<String ID="P89_ST00197" HPOS="866" VPOS="1263" WIDTH="29" HEIGHT="16" CONTENT="so" WC="0.70" CC="41"/>
						<SP ID="P89_SP00172" HPOS="895" VPOS="1291" WIDTH="24"/>
						<String ID="P89_ST00198" HPOS="919" VPOS="1253" WIDTH="90" HEIGHT="35" CONTENT="richtig" WC="0.99" CC="0016300"/>
						<SP ID="P89_SP00173" HPOS="1009" VPOS="1291" WIDTH="23"/>
						<String ID="P89_ST00199" HPOS="1032" VPOS="1253" WIDTH="52" HEIGHT="26" CONTENT="und" WC="0.99" CC="300"/>
					</TextLine>
					<TextLine ID="P89_TL00025" HPOS="226" VPOS="1286" WIDTH="859" HEIGHT="42">
						<String ID="P89_ST00200" HPOS="226" VPOS="1286" WIDTH="247" HEIGHT="38" CONTENT="selbstverständlich," WC="0.99" CC="9787200603400055464"/>
						<SP ID="P89_SP00174" HPOS="473" VPOS="1324" WIDTH="22"/>
						<String ID="P89_ST00201" HPOS="495" VPOS="1293" WIDTH="54" HEIGHT="27" CONTENT="dafs" WC="0.85" CC="0500"/>
						<SP ID="P89_SP00175" HPOS="549" VPOS="1324" WIDTH="19"/>
						<String ID="P89_ST00202" HPOS="568" VPOS="1304" WIDTH="57" HEIGHT="15" CONTENT="man" WC="0.99" CC="020"/>
						<SP ID="P89_SP00176" HPOS="625" VPOS="1324" WIDTH="19"/>
						<String ID="P89_ST00203" HPOS="644" VPOS="1292" WIDTH="150" HEIGHT="36" CONTENT="unmöglich" WC="0.99" CC="410000044"/>
						<SP ID="P89_SP00177" HPOS="794" VPOS="1328" WIDTH="18"/>
						<String ID="P89_ST00204" HPOS="812" VPOS="1292" WIDTH="86" HEIGHT="35" CONTENT="irgend" WC="0.99" CC="600050"/>
						<SP ID="P89_SP00178" HPOS="898" VPOS="1328" WIDTH="20"/>
						<String ID="P89_ST00205" HPOS="918" VPOS="1298" WIDTH="76" HEIGHT="19" CONTENT="etwas" WC="0.98" CC="20064"/>
						<SP ID="P89_SP00179" HPOS="994" VPOS="1328" WIDTH="19"/>
						<String ID="P89_ST00206" HPOS="1013" VPOS="1302" WIDTH="54" HEIGHT="25" CONTENT="weg" SUBS_TYPE="HypPart1" SUBS_CONTENT="wegnehmen" WC="1.00" CC="000"/>
						<HYP HPOS="1067" VPOS="1302" WIDTH="18" CONTENT="-"/>
					</TextLine>
					<TextLine ID="P89_TL00026" HPOS="225" VPOS="1323" WIDTH="859" HEIGHT="42">
						<String ID="P89_ST00207" HPOS="225" VPOS="1323" WIDTH="105" HEIGHT="31" CONTENT="nehmen" SUBS_TYPE="HypPart2" SUBS_CONTENT="wegnehmen" WC="0.97" CC="707920"/>
						<SP ID="P89_SP00180" HPOS="330" VPOS="1354" WIDTH="20"/>
						<String ID="P89_ST00208" HPOS="350" VPOS="1330" WIDTH="103" HEIGHT="33" CONTENT="könnte," WC="0.99" CC="0050524"/>
						<SP ID="P89_SP00181" HPOS="453" VPOS="1363" WIDTH="26"/>
						<String ID="P89_ST00209" HPOS="479" VPOS="1334" WIDTH="67" HEIGHT="24" CONTENT="ohne" WC="0.98" CC="0602"/>
						<SP ID="P89_SP00182" HPOS="546" VPOS="1363" WIDTH="22"/>
						<String ID="P89_ST00210" HPOS="568" VPOS="1331" WIDTH="82" HEIGHT="27" CONTENT="sofort" WC="0.99" CC="500200"/>
						<SP ID="P89_SP00183" HPOS="650" VPOS="1363" WIDTH="23"/>
						<String ID="P89_ST00211" HPOS="673" VPOS="1331" WIDTH="48" HEIGHT="27" CONTENT="den" WC="0.97" CC="052"/>
						<SP ID="P89_SP00184" HPOS="721" VPOS="1363" WIDTH="20"/>
						<String ID="P89_ST00212" HPOS="741" VPOS="1331" WIDTH="59" HEIGHT="26" CONTENT="Reiz" WC="0.97" CC="2560"/>
						<SP ID="P89_SP00185" HPOS="800" VPOS="1363" WIDTH="22"/>
						<String ID="P89_ST00213" HPOS="822" VPOS="1331" WIDTH="39" HEIGHT="25" CONTENT="des" WC="0.97" CC="033"/>
						<SP ID="P89_SP00186" HPOS="861" VPOS="1363" WIDTH="16"/>
						<String ID="P89_ST00214" HPOS="877" VPOS="1333" WIDTH="99" HEIGHT="24" CONTENT="Ganzen" WC="0.99" CC="050430"/>
						<SP ID="P89_SP00187" HPOS="976" VPOS="1363" WIDTH="22"/>
						<String ID="P89_ST00215" HPOS="998" VPOS="1340" WIDTH="29" HEIGHT="16" CONTENT="zu" WC="0.53" CC="53"/>
						<SP ID="P89_SP00188" HPOS="1027" VPOS="1363" WIDTH="15"/>
						<String ID="P89_ST00216" HPOS="1042" VPOS="1340" WIDTH="28" HEIGHT="25" CONTENT="ge" SUBS_TYPE="HypPart1" SUBS_CONTENT="gefährden!" WC="0.99" CC="00"/>
						<HYP HPOS="1070" VPOS="1340" WIDTH="14" CONTENT="-"/>
					</TextLine>
					<TextLine ID="P89_TL00027" HPOS="226" VPOS="1362" WIDTH="857" HEIGHT="37">
						<String ID="P89_ST00217" HPOS="226" VPOS="1362" WIDTH="113" HEIGHT="32" CONTENT="fährden!" SUBS_TYPE="HypPart2" SUBS_CONTENT="gefährden!" WC="0.98" CC="89700700"/>
						<SP ID="P89_SP00189" HPOS="339" VPOS="1394" WIDTH="43"/>
						<String ID="P89_ST00218" HPOS="382" VPOS="1372" WIDTH="46" HEIGHT="24" CONTENT="Die" WC="0.98" CC="050"/>
						<SP ID="P89_SP00190" HPOS="428" VPOS="1396" WIDTH="33"/>
						<String ID="P89_ST00219" HPOS="461" VPOS="1373" WIDTH="138" HEIGHT="24" CONTENT="Harmonie" WC="0.99" CC="31060374"/>
						<SP ID="P89_SP00191" HPOS="599" VPOS="1397" WIDTH="34"/>
						<String ID="P89_ST00220" HPOS="633" VPOS="1372" WIDTH="31" HEIGHT="25" CONTENT="ist" WC="0.95" CC="453"/>
						<SP ID="P89_SP00192" HPOS="664" VPOS="1397" WIDTH="33"/>
						<String ID="P89_ST00221" HPOS="697" VPOS="1369" WIDTH="80" HEIGHT="27" CONTENT="sofort" WC="1.00" CC="300001"/>
						<SP ID="P89_SP00193" HPOS="777" VPOS="1397" WIDTH="34"/>
						<String ID="P89_ST00222" HPOS="811" VPOS="1369" WIDTH="87" HEIGHT="30" CONTENT="dahin," WC="0.98" CC="076602"/>
						<SP ID="P89_SP00194" HPOS="898" VPOS="1399" WIDTH="29"/>
						<String ID="P89_ST00223" HPOS="927" VPOS="1369" WIDTH="66" HEIGHT="27" CONTENT="Alles" WC="0.99" CC="50004"/>
						<SP ID="P89_SP00195" HPOS="993" VPOS="1399" WIDTH="23"/>
						<String ID="P89_ST00224" HPOS="1016" VPOS="1369" WIDTH="67" HEIGHT="26" CONTENT="wird" WC="0.99" CC="0500"/>
					</TextLine>
					<TextLine ID="P89_TL00028" HPOS="226" VPOS="1405" WIDTH="856" HEIGHT="39">
						<String ID="P89_ST00225" HPOS="226" VPOS="1405" WIDTH="113" HEIGHT="36" CONTENT="armselig" WC="0.99" CC="75710030"/>
						<SP ID="P89_SP00196" HPOS="339" VPOS="1441" WIDTH="19"/>
						<String ID="P89_ST00226" HPOS="358" VPOS="1409" WIDTH="52" HEIGHT="26" CONTENT="und" WC="0.96" CC="350"/>
						<SP ID="P89_SP00197" HPOS="410" VPOS="1441" WIDTH="19"/>
						<String ID="P89_ST00227" HPOS="429" VPOS="1410" WIDTH="123" HEIGHT="31" CONTENT="verkehrt," WC="0.99" CC="000006052"/>
						<SP ID="P89_SP00198" HPOS="552" VPOS="1441" WIDTH="21"/>
						<String ID="P89_ST00228" HPOS="573" VPOS="1410" WIDTH="86" HEIGHT="26" CONTENT="sobald" WC="0.98" CC="446060"/>
						<SP ID="P89_SP00199" HPOS="659" VPOS="1441" WIDTH="20"/>
						<String ID="P89_ST00229" HPOS="679" VPOS="1411" WIDTH="53" HEIGHT="24" CONTENT="eine" WC="0.98" CC="2610"/>
						<SP ID="P89_SP00200" HPOS="732" VPOS="1441" WIDTH="18"/>
						<String ID="P89_ST00230" HPOS="750" VPOS="1408" WIDTH="224" HEIGHT="27" CONTENT="unvollkommene" WC="1.00" CC="1100210004600"/>
						<SP ID="P89_SP00201" HPOS="974" VPOS="1441" WIDTH="15"/>
						<String ID="P89_ST00231" HPOS="989" VPOS="1407" WIDTH="78" HEIGHT="37" CONTENT="photo" SUBS_TYPE="HypPart1" SUBS_CONTENT="photographische" WC="0.98" CC="87030"/>
						<HYP HPOS="1067" VPOS="1407" WIDTH="15" CONTENT="-"/>
					</TextLine>
					<TextLine ID="P89_TL00029" HPOS="225" VPOS="1443" WIDTH="857" HEIGHT="41">
						<String ID="P89_ST00232" HPOS="225" VPOS="1443" WIDTH="143" HEIGHT="33" CONTENT="graphische" SUBS_TYPE="HypPart2" SUBS_CONTENT="photographische" WC="0.99" CC="9070641270"/>
						<SP ID="P89_SP00202" HPOS="368" VPOS="1476" WIDTH="14"/>
						<String ID="P89_ST00233" HPOS="382" VPOS="1449" WIDTH="195" HEIGHT="35" CONTENT="Reproduktion" WC="1.00" CC="700400002040"/>
						<SP ID="P89_SP00203" HPOS="577" VPOS="1484" WIDTH="19"/>
						<String ID="P89_ST00234" HPOS="596" VPOS="1450" WIDTH="47" HEIGHT="25" CONTENT="den" WC="0.99" CC="010"/>
						<SP ID="P89_SP00204" HPOS="643" VPOS="1484" WIDTH="20"/>
						<String ID="P89_ST00235" HPOS="663" VPOS="1448" WIDTH="126" HEIGHT="27" CONTENT="Eindruck" WC="0.99" CC="04004500"/>
						<SP ID="P89_SP00205" HPOS="789" VPOS="1484" WIDTH="18"/>
						<String ID="P89_ST00236" HPOS="807" VPOS="1446" WIDTH="203" HEIGHT="37" CONTENT="wiederzugeben" WC="1.00" CC="0000133306700"/>
						<SP ID="P89_SP00206" HPOS="1010" VPOS="1484" WIDTH="17"/>
						<String ID="P89_ST00237" HPOS="1027" VPOS="1456" WIDTH="42" HEIGHT="16" CONTENT="ver" SUBS_TYPE="HypPart1" SUBS_CONTENT="versucht." WC="0.99" CC="003"/>
						<HYP HPOS="1069" VPOS="1456" WIDTH="13" CONTENT="-"/>
					</TextLine>
					<TextLine ID="P89_TL00030" HPOS="226" VPOS="1479" WIDTH="856" HEIGHT="45">
						<String ID="P89_ST00238" HPOS="226" VPOS="1479" WIDTH="77" HEIGHT="28" CONTENT="sucht." SUBS_TYPE="HypPart2" SUBS_CONTENT="versucht." WC="0.97" CC="785230"/>
						<SP ID="P89_SP00207" HPOS="303" VPOS="1507" WIDTH="35"/>
						<String ID="P89_ST00239" HPOS="338" VPOS="1485" WIDTH="56" HEIGHT="27" CONTENT="Alle" WC="0.97" CC="9004"/>
						<SP ID="P89_SP00208" HPOS="394" VPOS="1512" WIDTH="23"/>
						<String ID="P89_ST00240" HPOS="417" VPOS="1488" WIDTH="39" HEIGHT="25" CONTENT="die" WC="0.98" CC="050"/>
						<SP ID="P89_SP00209" HPOS="456" VPOS="1513" WIDTH="22"/>
						<String ID="P89_ST00241" HPOS="478" VPOS="1488" WIDTH="193" HEIGHT="36" CONTENT="mannigfachen" WC="1.00" CC="040050003710"/>
						<SP ID="P89_SP00210" HPOS="671" VPOS="1524" WIDTH="22"/>
						<String ID="P89_ST00242" HPOS="693" VPOS="1488" WIDTH="202" HEIGHT="35" CONTENT="Schwingungen" WC="0.99" CC="067900026043"/>
						<SP ID="P89_SP00211" HPOS="895" VPOS="1524" WIDTH="22"/>
						<String ID="P89_ST00243" HPOS="917" VPOS="1487" WIDTH="68" HEIGHT="30" CONTENT="aber," WC="0.98" CC="26004"/>
						<SP ID="P89_SP00212" HPOS="985" VPOS="1524" WIDTH="25"/>
						<String ID="P89_ST00244" HPOS="1010" VPOS="1492" WIDTH="72" HEIGHT="20" CONTENT="unter" WC="0.98" CC="34041"/>
					</TextLine>
					<TextLine ID="P89_TL00031" HPOS="226" VPOS="1518" WIDTH="855" HEIGHT="35">
						<String ID="P89_ST00245" HPOS="226" VPOS="1518" WIDTH="50" HEIGHT="26" CONTENT="sich" WC="0.94" CC="7776"/>
						<SP ID="P89_SP00213" HPOS="276" VPOS="1544" WIDTH="25"/>
						<String ID="P89_ST00246" HPOS="301" VPOS="1531" WIDTH="43" HEIGHT="18" CONTENT="zur" WC="0.96" CC="305"/>
						<SP ID="P89_SP00214" HPOS="344" VPOS="1549" WIDTH="16"/>
						<String ID="P89_ST00247" HPOS="360" VPOS="1526" WIDTH="99" HEIGHT="26" CONTENT="Einheit" WC="0.99" CC="0405140"/>
						<SP ID="P89_SP00215" HPOS="459" VPOS="1552" WIDTH="19"/>
						<String ID="P89_ST00248" HPOS="478" VPOS="1528" WIDTH="143" HEIGHT="25" CONTENT="verbunden" WC="0.99" CC="033560000"/>
						<SP ID="P89_SP00216" HPOS="621" VPOS="1553" WIDTH="22"/>
						<String ID="P89_ST00249" HPOS="643" VPOS="1528" WIDTH="79" HEIGHT="25" CONTENT="durch" WC="0.98" CC="02027"/>
						<SP ID="P89_SP00217" HPOS="722" VPOS="1553" WIDTH="20"/>
						<String ID="P89_ST00250" HPOS="742" VPOS="1528" WIDTH="40" HEIGHT="24" CONTENT="ein" WC="0.98" CC="060"/>
						<SP ID="P89_SP00218" HPOS="782" VPOS="1553" WIDTH="24"/>
						<String ID="P89_ST00251" HPOS="806" VPOS="1526" WIDTH="47" HEIGHT="26" CONTENT="alle" WC="0.98" CC="7200"/>
						<SP ID="P89_SP00219" HPOS="853" VPOS="1553" WIDTH="21"/>
						<String ID="P89_ST00252" HPOS="874" VPOS="1524" WIDTH="207" HEIGHT="28" CONTENT="umschleierndes" WC="0.74" CC="60407143100042"/>
					</TextLine>
					<TextLine ID="P89_TL00032" HPOS="226" VPOS="1560" WIDTH="855" HEIGHT="41">
						<String ID="P89_ST00253" HPOS="226" VPOS="1560" WIDTH="185" HEIGHT="38" CONTENT="abgedämpftes" WC="0.99" CC="789096200302"/>
						<SP ID="P89_SP00220" HPOS="411" VPOS="1598" WIDTH="22"/>
						<String ID="P89_ST00254" HPOS="433" VPOS="1566" WIDTH="84" HEIGHT="30" CONTENT="Licht," WC="0.98" CC="034611"/>
						<SP ID="P89_SP00221" HPOS="517" VPOS="1598" WIDTH="24"/>
						<String ID="P89_ST00255" HPOS="541" VPOS="1576" WIDTH="116" HEIGHT="25" CONTENT="erzeugen" WC="0.99" CC="40740030"/>
						<SP ID="P89_SP00222" HPOS="657" VPOS="1601" WIDTH="22"/>
						<String ID="P89_ST00256" HPOS="679" VPOS="1568" WIDTH="70" HEIGHT="33" CONTENT="jenen" WC="0.99" CC="30103"/>
						<SP ID="P89_SP00223" HPOS="749" VPOS="1601" WIDTH="24"/>
						<String ID="P89_ST00257" HPOS="773" VPOS="1564" WIDTH="160" HEIGHT="27" CONTENT="rätselhaften" WC="0.99" CC="185510420400"/>
						<SP ID="P89_SP00224" HPOS="933" VPOS="1601" WIDTH="20"/>
						<String ID="P89_ST00258" HPOS="953" VPOS="1565" WIDTH="128" HEIGHT="35" CONTENT="geheimen" WC="0.99" CC="02330930"/>
					</TextLine>
				</TextBlock>
				<TextBlock ID="P89_TB00002" HPOS="1157" VPOS="355" WIDTH="872" HEIGHT="1238" STYLEREFS="TXT_0 PAR_BLOCK">
					<TextLine ID="P89_TL00033" HPOS="1170" VPOS="359" WIDTH="856" HEIGHT="35">
						<String ID="P89_ST00259" HPOS="1170" VPOS="359" WIDTH="86" HEIGHT="30" CONTENT="Glanz," WC="0.98" CC="012264"/>
						<SP ID="P89_SP00225" HPOS="1256" VPOS="389" WIDTH="12"/>
						<String ID="P89_ST00260" HPOS="1268" VPOS="359" WIDTH="42" HEIGHT="26" CONTENT="der" WC="0.99" CC="030"/>
						<SP ID="P89_SP00226" HPOS="1310" VPOS="389" WIDTH="7"/>
						<String ID="P89_ST00261" HPOS="1317" VPOS="359" WIDTH="47" HEIGHT="25" CONTENT="alle" WC="0.97" CC="6234"/>
						<SP ID="P89_SP00227" HPOS="1364" VPOS="389" WIDTH="7"/>
						<String ID="P89_ST00262" HPOS="1371" VPOS="359" WIDTH="116" HEIGHT="26" CONTENT="Arbeiten" WC="0.99" CC="50000423"/>
						<SP ID="P89_SP00228" HPOS="1487" VPOS="389" WIDTH="9"/>
						<String ID="P89_ST00263" HPOS="1496" VPOS="359" WIDTH="120" HEIGHT="25" CONTENT="Carrieres" WC="0.83" CC="162000003"/>
						<SP ID="P89_SP00229" HPOS="1616" VPOS="389" WIDTH="12"/>
						<String ID="P89_ST00264" HPOS="1628" VPOS="359" WIDTH="185" HEIGHT="30" CONTENT="kennzeichnet," WC="0.99" CC="0200566043074"/>
						<SP ID="P89_SP00230" HPOS="1813" VPOS="389" WIDTH="12"/>
						<String ID="P89_ST00265" HPOS="1825" VPOS="359" WIDTH="52" HEIGHT="26" CONTENT="und" WC="0.95" CC="660"/>
						<SP ID="P89_SP00231" HPOS="1877" VPOS="389" WIDTH="13"/>
						<String ID="P89_ST00266" HPOS="1890" VPOS="359" WIDTH="41" HEIGHT="26" CONTENT="der" WC="1.00" CC="000"/>
						<SP ID="P89_SP00232" HPOS="1931" VPOS="389" WIDTH="10"/>
						<String ID="P89_ST00267" HPOS="1941" VPOS="369" WIDTH="27" HEIGHT="15" CONTENT="so" WC="0.70" CC="50"/>
						<SP ID="P89_SP00233" HPOS="1968" VPOS="389" WIDTH="12"/>
						<String ID="P89_ST00268" HPOS="1980" VPOS="365" WIDTH="46" HEIGHT="29" CONTENT="gut" WC="0.99" CC="003"/>
					</TextLine>
					<TextLine ID="P89_TL00034" HPOS="1169" VPOS="397" WIDTH="858" HEIGHT="37">
						<String ID="P89_ST00269" HPOS="1169" VPOS="408" WIDTH="29" HEIGHT="16" CONTENT="zu" WC="0.36" CC="66"/>
						<SP ID="P89_SP00234" HPOS="1198" VPOS="424" WIDTH="13"/>
						<String ID="P89_ST00270" HPOS="1211" VPOS="398" WIDTH="45" HEIGHT="25" CONTENT="den" WC="1.00" CC="000"/>
						<SP ID="P89_SP00235" HPOS="1256" VPOS="424" WIDTH="14"/>
						<String ID="P89_ST00271" HPOS="1270" VPOS="398" WIDTH="128" HEIGHT="35" CONTENT="geheimen" WC="0.99" CC="00663000"/>
						<SP ID="P89_SP00236" HPOS="1398" VPOS="433" WIDTH="11"/>
						<String ID="P89_ST00272" HPOS="1409" VPOS="397" WIDTH="151" HEIGHT="35" CONTENT="Neigungen" WC="1.00" CC="000006040"/>
						<SP ID="P89_SP00237" HPOS="1560" VPOS="433" WIDTH="12"/>
						<String ID="P89_ST00273" HPOS="1572" VPOS="397" WIDTH="65" HEIGHT="26" CONTENT="einer" WC="0.97" CC="64540"/>
						<SP ID="P89_SP00238" HPOS="1637" VPOS="433" WIDTH="9"/>
						<String ID="P89_ST00274" HPOS="1646" VPOS="398" WIDTH="65" HEIGHT="25" CONTENT="Seele" WC="0.99" CC="00064"/>
						<SP ID="P89_SP00239" HPOS="1711" VPOS="433" WIDTH="12"/>
						<String ID="P89_ST00275" HPOS="1723" VPOS="397" WIDTH="72" HEIGHT="37" CONTENT="pafst," WC="0.72" CC="000564"/>
						<SP ID="P89_SP00240" HPOS="1795" VPOS="434" WIDTH="12"/>
						<String ID="P89_ST00276" HPOS="1807" VPOS="397" WIDTH="38" HEIGHT="26" CONTENT="die" WC="0.98" CC="006"/>
						<SP ID="P89_SP00241" HPOS="1845" VPOS="434" WIDTH="11"/>
						<String ID="P89_ST00277" HPOS="1856" VPOS="398" WIDTH="63" HEIGHT="26" CONTENT="nach" WC="0.95" CC="7267"/>
						<SP ID="P89_SP00242" HPOS="1919" VPOS="434" WIDTH="12"/>
						<String ID="P89_ST00278" HPOS="1931" VPOS="398" WIDTH="96" HEIGHT="25" CONTENT="innerer" WC="1.00" CC="0000302"/>
					</TextLine>
					<TextLine ID="P89_TL00035" HPOS="1169" VPOS="436" WIDTH="857" HEIGHT="36">
						<String ID="P89_ST00279" HPOS="1169" VPOS="437" WIDTH="146" HEIGHT="35" CONTENT="Sammlung" WC="0.99" CC="07902040"/>
						<SP ID="P89_SP00243" HPOS="1315" VPOS="472" WIDTH="15"/>
						<String ID="P89_ST00280" HPOS="1330" VPOS="436" WIDTH="138" HEIGHT="26" CONTENT="Sehnsucht" WC="0.98" CC="007545166"/>
						<SP ID="P89_SP00244" HPOS="1468" VPOS="472" WIDTH="10"/>
						<String ID="P89_ST00281" HPOS="1478" VPOS="439" WIDTH="72" HEIGHT="31" CONTENT="trägt." WC="0.99" CC="400020"/>
						<SP ID="P89_SP00245" HPOS="1550" VPOS="472" WIDTH="22"/>
						<String ID="P89_ST00282" HPOS="1572" VPOS="436" WIDTH="59" HEIGHT="25" CONTENT="Und" WC="1.00" CC="000"/>
						<SP ID="P89_SP00246" HPOS="1631" VPOS="472" WIDTH="11"/>
						<String ID="P89_ST00283" HPOS="1642" VPOS="436" WIDTH="67" HEIGHT="26" CONTENT="doch" WC="0.98" CC="0047"/>
						<SP ID="P89_SP00247" HPOS="1709" VPOS="472" WIDTH="9"/>
						<String ID="P89_ST00284" HPOS="1718" VPOS="436" WIDTH="78" HEIGHT="27" CONTENT="wirkt" WC="0.99" CC="01300"/>
						<SP ID="P89_SP00248" HPOS="1796" VPOS="472" WIDTH="10"/>
						<String ID="P89_ST00285" HPOS="1806" VPOS="436" WIDTH="66" HEIGHT="27" CONTENT="Alles" WC="0.98" CC="07224"/>
						<SP ID="P89_SP00249" HPOS="1872" VPOS="472" WIDTH="12"/>
						<String ID="P89_ST00286" HPOS="1884" VPOS="447" WIDTH="142" HEIGHT="15" CONTENT="zusammen" WC="0.99" CC="57270020"/>
					</TextLine>
					<TextLine ID="P89_TL00036" HPOS="1168" VPOS="474" WIDTH="858" HEIGHT="36">
						<String ID="P89_ST00287" HPOS="1168" VPOS="476" WIDTH="95" HEIGHT="26" CONTENT="wieder" WC="0.99" CC="001052"/>
						<SP ID="P89_SP00250" HPOS="1263" VPOS="502" WIDTH="19"/>
						<String ID="P89_ST00288" HPOS="1282" VPOS="476" WIDTH="50" HEIGHT="26" CONTENT="wie" WC="0.99" CC="020"/>
						<SP ID="P89_SP00251" HPOS="1332" VPOS="502" WIDTH="22"/>
						<String ID="P89_ST00289" HPOS="1354" VPOS="476" WIDTH="53" HEIGHT="25" CONTENT="eine" WC="0.98" CC="3230"/>
						<SP ID="P89_SP00252" HPOS="1407" VPOS="502" WIDTH="18"/>
						<String ID="P89_ST00290" HPOS="1425" VPOS="474" WIDTH="82" HEIGHT="36" CONTENT="grofse" WC="0.89" CC="000041"/>
						<SP ID="P89_SP00253" HPOS="1507" VPOS="510" WIDTH="15"/>
						<String ID="P89_ST00291" HPOS="1522" VPOS="475" WIDTH="163" HEIGHT="35" CONTENT="Symphonie," WC="0.99" CC="0030706454"/>
						<SP ID="P89_SP00254" HPOS="1685" VPOS="510" WIDTH="19"/>
						<String ID="P89_ST00292" HPOS="1704" VPOS="476" WIDTH="40" HEIGHT="25" CONTENT="die" WC="0.98" CC="040"/>
						<SP ID="P89_SP00255" HPOS="1744" VPOS="510" WIDTH="19"/>
						<String ID="P89_ST00293" HPOS="1763" VPOS="486" WIDTH="45" HEIGHT="16" CONTENT="uns" WC="0.96" CC="055"/>
						<SP ID="P89_SP00256" HPOS="1808" VPOS="510" WIDTH="19"/>
						<String ID="P89_ST00294" HPOS="1827" VPOS="476" WIDTH="26" HEIGHT="26" CONTENT="in" WC="0.59" CC="34"/>
						<SP ID="P89_SP00257" HPOS="1853" VPOS="510" WIDTH="19"/>
						<String ID="P89_ST00295" HPOS="1872" VPOS="475" WIDTH="154" HEIGHT="27" CONTENT="unfafsbarer" WC="0.61" CC="43009555032"/>
					</TextLine>
					<TextLine ID="P89_TL00037" HPOS="1167" VPOS="513" WIDTH="208" HEIGHT="38">
						<String ID="P89_ST00296" HPOS="1167" VPOS="516" WIDTH="88" HEIGHT="25" CONTENT="Weise" WC="0.98" CC="00464"/>
						<SP ID="P89_SP00258" HPOS="1255" VPOS="541" WIDTH="14"/>
						<String ID="P89_ST00297" HPOS="1269" VPOS="513" WIDTH="106" HEIGHT="38" CONTENT="ergreift." WC="0.99" CC="000407040"/>
					</TextLine>
					<TextLine ID="P89_TL00038" HPOS="1227" VPOS="551" WIDTH="799" HEIGHT="39">
						<String ID="P89_ST00298" HPOS="1227" VPOS="553" WIDTH="154" HEIGHT="27" CONTENT="Schliefslich" WC="0.70" CC="056050003067"/>
						<SP ID="P89_SP00259" HPOS="1381" VPOS="580" WIDTH="17"/>
						<String ID="P89_ST00299" HPOS="1398" VPOS="552" WIDTH="64" HEIGHT="30" CONTENT="aber," WC="0.98" CC="57004"/>
						<SP ID="P89_SP00260" HPOS="1462" VPOS="582" WIDTH="21"/>
						<String ID="P89_ST00300" HPOS="1483" VPOS="551" WIDTH="37" HEIGHT="26" CONTENT="bei" WC="0.96" CC="604"/>
						<SP ID="P89_SP00261" HPOS="1520" VPOS="582" WIDTH="19"/>
						<String ID="P89_ST00301" HPOS="1539" VPOS="552" WIDTH="32" HEIGHT="25" CONTENT="all" WC="0.92" CC="667"/>
						<SP ID="P89_SP00262" HPOS="1571" VPOS="582" WIDTH="18"/>
						<String ID="P89_ST00302" HPOS="1589" VPOS="552" WIDTH="79" HEIGHT="25" CONTENT="seiner" WC="0.99" CC="507000"/>
						<SP ID="P89_SP00263" HPOS="1668" VPOS="582" WIDTH="17"/>
						<String ID="P89_ST00303" HPOS="1685" VPOS="563" WIDTH="28" HEIGHT="15" CONTENT="so" WC="0.87" CC="20"/>
						<SP ID="P89_SP00264" HPOS="1713" VPOS="582" WIDTH="21"/>
						<String ID="P89_ST00304" HPOS="1734" VPOS="552" WIDTH="222" HEIGHT="27" CONTENT="aufserordentlich" WC="0.73" CC="5590105003200007"/>
						<SP ID="P89_SP00265" HPOS="1956" VPOS="582" WIDTH="16"/>
						<String ID="P89_ST00305" HPOS="1972" VPOS="563" WIDTH="41" HEIGHT="27" CONTENT="per" SUBS_TYPE="HypPart1" SUBS_CONTENT="persönlichen" WC="1.00" CC="001"/>
						<HYP HPOS="2013" VPOS="563" WIDTH="13" CONTENT="-"/>
					</TextLine>
					<TextLine ID="P89_TL00039" HPOS="1167" VPOS="591" WIDTH="860" HEIGHT="36">
						<String ID="P89_ST00306" HPOS="1167" VPOS="593" WIDTH="130" HEIGHT="25" CONTENT="sönlichen" SUBS_TYPE="HypPart2" SUBS_CONTENT="persönlichen" WC="0.98" CC="605061666"/>
						<SP ID="P89_SP00266" HPOS="1297" VPOS="618" WIDTH="10"/>
						<String ID="P89_ST00307" HPOS="1307" VPOS="594" WIDTH="114" HEIGHT="33" CONTENT="Eigenart" WC="0.99" CC="00071903"/>
						<SP ID="P89_SP00267" HPOS="1421" VPOS="627" WIDTH="11"/>
						<String ID="P89_ST00308" HPOS="1432" VPOS="607" WIDTH="34" HEIGHT="3" CONTENT="—" WC="0.20" CC="8"/>
						<SP ID="P89_SP00268" HPOS="1466" VPOS="627" WIDTH="14"/>
						<String ID="P89_ST00309" HPOS="1480" VPOS="591" WIDTH="81" HEIGHT="25" CONTENT="hinter" WC="0.98" CC="653210"/>
						<SP ID="P89_SP00269" HPOS="1561" VPOS="627" WIDTH="10"/>
						<String ID="P89_ST00310" HPOS="1571" VPOS="591" WIDTH="38" HEIGHT="24" CONTENT="ihr" WC="0.95" CC="363"/>
						<SP ID="P89_SP00270" HPOS="1609" VPOS="627" WIDTH="16"/>
						<String ID="P89_ST00311" HPOS="1625" VPOS="591" WIDTH="49" HEIGHT="25" CONTENT="und" WC="0.99" CC="020"/>
						<SP ID="P89_SP00271" HPOS="1674" VPOS="627" WIDTH="16"/>
						<String ID="P89_ST00312" HPOS="1690" VPOS="591" WIDTH="78" HEIGHT="26" CONTENT="durch" WC="0.99" CC="00207"/>
						<SP ID="P89_SP00272" HPOS="1768" VPOS="627" WIDTH="15"/>
						<String ID="P89_ST00313" HPOS="1783" VPOS="592" WIDTH="34" HEIGHT="26" CONTENT="sie" WC="0.97" CC="700"/>
						<SP ID="P89_SP00273" HPOS="1817" VPOS="627" WIDTH="14"/>
						<String ID="P89_ST00314" HPOS="1831" VPOS="592" WIDTH="125" HEIGHT="26" CONTENT="hindurch" WC="0.98" CC="76006216"/>
						<SP ID="P89_SP00274" HPOS="1956" VPOS="627" WIDTH="12"/>
						<String ID="P89_ST00315" HPOS="1968" VPOS="591" WIDTH="59" HEIGHT="27" CONTENT="läfst" WC="0.68" CC="30056"/>
					</TextLine>
					<TextLine ID="P89_TL00040" HPOS="1167" VPOS="629" WIDTH="859" HEIGHT="28">
						<String ID="P89_ST00316" HPOS="1167" VPOS="633" WIDTH="66" HEIGHT="24" CONTENT="auch" WC="0.94" CC="7756"/>
						<SP ID="P89_SP00275" HPOS="1233" VPOS="657" WIDTH="12"/>
						<String ID="P89_ST00317" HPOS="1245" VPOS="633" WIDTH="119" HEIGHT="24" CONTENT="Carrieres" WC="0.68" CC="074620052"/>
						<SP ID="P89_SP00276" HPOS="1364" VPOS="657" WIDTH="12"/>
						<String ID="P89_ST00318" HPOS="1376" VPOS="633" WIDTH="79" HEIGHT="23" CONTENT="Kunst" WC="0.98" CC="10035"/>
						<SP ID="P89_SP00277" HPOS="1455" VPOS="657" WIDTH="15"/>
						<String ID="P89_ST00319" HPOS="1470" VPOS="630" WIDTH="88" HEIGHT="25" CONTENT="immer" WC="0.99" CC="30003"/>
						<SP ID="P89_SP00278" HPOS="1558" VPOS="657" WIDTH="11"/>
						<String ID="P89_ST00320" HPOS="1569" VPOS="629" WIDTH="66" HEIGHT="25" CONTENT="doch" WC="0.99" CC="0006"/>
						<SP ID="P89_SP00279" HPOS="1635" VPOS="657" WIDTH="15"/>
						<String ID="P89_ST00321" HPOS="1650" VPOS="629" WIDTH="39" HEIGHT="26" CONTENT="die" WC="0.99" CC="020"/>
						<SP ID="P89_SP00280" HPOS="1689" VPOS="657" WIDTH="14"/>
						<String ID="P89_ST00322" HPOS="1703" VPOS="630" WIDTH="211" HEIGHT="27" CONTENT="unwandelbaren" WC="1.00" CC="0000003106503"/>
						<SP ID="P89_SP00281" HPOS="1914" VPOS="657" WIDTH="9"/>
						<String ID="P89_ST00323" HPOS="1923" VPOS="634" WIDTH="103" HEIGHT="23" CONTENT="Gesetze" WC="0.98" CC="0050664"/>
					</TextLine>
					<TextLine ID="P89_TL00041" HPOS="1167" VPOS="667" WIDTH="858" HEIGHT="34">
						<String ID="P89_ST00324" HPOS="1167" VPOS="671" WIDTH="132" HEIGHT="30" CONTENT="erkennen," WC="0.99" CC="130620304"/>
						<SP ID="P89_SP00282" HPOS="1299" VPOS="701" WIDTH="9"/>
						<String ID="P89_ST00325" HPOS="1308" VPOS="670" WIDTH="95" HEIGHT="26" CONTENT="welche" WC="0.98" CC="030255"/>
						<SP ID="P89_SP00283" HPOS="1403" VPOS="701" WIDTH="12"/>
						<String ID="P89_ST00326" HPOS="1415" VPOS="668" WIDTH="38" HEIGHT="26" CONTENT="die" WC="1.00" CC="000"/>
						<SP ID="P89_SP00284" HPOS="1453" VPOS="701" WIDTH="11"/>
						<String ID="P89_ST00327" HPOS="1464" VPOS="667" WIDTH="114" HEIGHT="27" CONTENT="früheren" WC="0.99" CC="01166560"/>
						<SP ID="P89_SP00285" HPOS="1578" VPOS="701" WIDTH="8"/>
						<String ID="P89_ST00328" HPOS="1586" VPOS="668" WIDTH="96" HEIGHT="25" CONTENT="Werke" WC="1.00" CC="00000"/>
						<SP ID="P89_SP00286" HPOS="1682" VPOS="701" WIDTH="11"/>
						<String ID="P89_ST00329" HPOS="1693" VPOS="668" WIDTH="164" HEIGHT="27" CONTENT="anerkannter" WC="0.99" CC="52050401523"/>
						<SP ID="P89_SP00287" HPOS="1857" VPOS="701" WIDTH="10"/>
						<String ID="P89_ST00330" HPOS="1867" VPOS="670" WIDTH="103" HEIGHT="25" CONTENT="Meister" WC="0.99" CC="0256501"/>
						<SP ID="P89_SP00288" HPOS="1970" VPOS="701" WIDTH="11"/>
						<String ID="P89_ST00331" HPOS="1981" VPOS="679" WIDTH="44" HEIGHT="17" CONTENT="uns" WC="0.98" CC="024"/>
					</TextLine>
					<TextLine ID="P89_TL00042" HPOS="1166" VPOS="707" WIDTH="860" HEIGHT="35">
						<String ID="P89_ST00332" HPOS="1166" VPOS="710" WIDTH="155" HEIGHT="25" CONTENT="verkünden:" WC="1.00" CC="0600000020"/>
						<SP ID="P89_SP00289" HPOS="1321" VPOS="735" WIDTH="16"/>
						<String ID="P89_ST00333" HPOS="1337" VPOS="708" WIDTH="58" HEIGHT="26" CONTENT="feste" WC="0.98" CC="01536"/>
						<SP ID="P89_SP00290" HPOS="1395" VPOS="735" WIDTH="9"/>
						<String ID="P89_ST00334" HPOS="1404" VPOS="710" WIDTH="106" HEIGHT="27" CONTENT="Gesetze," WC="0.99" CC="03560162"/>
						<SP ID="P89_SP00291" HPOS="1510" VPOS="737" WIDTH="12"/>
						<String ID="P89_ST00335" HPOS="1522" VPOS="707" WIDTH="39" HEIGHT="25" CONTENT="die" WC="0.98" CC="050"/>
						<SP ID="P89_SP00292" HPOS="1561" VPOS="737" WIDTH="12"/>
						<String ID="P89_ST00336" HPOS="1573" VPOS="717" WIDTH="132" HEIGHT="25" CONTENT="sozusagen" WC="0.99" CC="600066034"/>
						<SP ID="P89_SP00293" HPOS="1705" VPOS="742" WIDTH="12"/>
						<String ID="P89_ST00337" HPOS="1717" VPOS="708" WIDTH="54" HEIGHT="24" CONTENT="eine" WC="0.98" CC="0064"/>
						<SP ID="P89_SP00294" HPOS="1771" VPOS="742" WIDTH="11"/>
						<String ID="P89_ST00338" HPOS="1782" VPOS="707" WIDTH="84" HEIGHT="26" CONTENT="innere" WC="0.99" CC="407020"/>
						<SP ID="P89_SP00295" HPOS="1866" VPOS="742" WIDTH="12"/>
						<String ID="P89_ST00339" HPOS="1878" VPOS="708" WIDTH="132" HEIGHT="26" CONTENT="Verwandt" SUBS_TYPE="HypPart1" SUBS_CONTENT="Verwandtschaft" WC="0.99" CC="05006200"/>
						<HYP HPOS="2010" VPOS="708" WIDTH="16" CONTENT="-"/>
					</TextLine>
					<TextLine ID="P89_TL00043" HPOS="1166" VPOS="745" WIDTH="857" HEIGHT="36">
						<String ID="P89_ST00340" HPOS="1166" VPOS="747" WIDTH="81" HEIGHT="27" CONTENT="schaft" SUBS_TYPE="HypPart2" SUBS_CONTENT="Verwandtschaft" WC="0.98" CC="516500"/>
						<SP ID="P89_SP00296" HPOS="1247" VPOS="774" WIDTH="17"/>
						<String ID="P89_ST00341" HPOS="1264" VPOS="748" WIDTH="129" HEIGHT="25" CONTENT="herstellen" WC="0.99" CC="7004105000"/>
						<SP ID="P89_SP00297" HPOS="1393" VPOS="774" WIDTH="24"/>
						<String ID="P89_ST00342" HPOS="1417" VPOS="746" WIDTH="123" HEIGHT="27" CONTENT="zwischen" WC="0.98" CC="69650641"/>
						<SP ID="P89_SP00298" HPOS="1540" VPOS="774" WIDTH="27"/>
						<String ID="P89_ST00343" HPOS="1567" VPOS="745" WIDTH="63" HEIGHT="26" CONTENT="allen" WC="0.99" CC="00011"/>
						<SP ID="P89_SP00299" HPOS="1630" VPOS="774" WIDTH="25"/>
						<String ID="P89_ST00344" HPOS="1655" VPOS="746" WIDTH="227" HEIGHT="35" CONTENT="unvergänglichen" WC="1.00" CC="320600000034634"/>
						<SP ID="P89_SP00300" HPOS="1882" VPOS="781" WIDTH="21"/>
						<String ID="P89_ST00345" HPOS="1903" VPOS="746" WIDTH="120" HEIGHT="27" CONTENT="Werken." WC="0.99" CC="0030303"/>
					</TextLine>
					<TextLine ID="P89_TL00044" HPOS="1225" VPOS="784" WIDTH="799" HEIGHT="37">
						<String ID="P89_ST00346" HPOS="1225" VPOS="790" WIDTH="30" HEIGHT="22" CONTENT="Es" WC="0.72" CC="05"/>
						<SP ID="P89_SP00301" HPOS="1255" VPOS="812" WIDTH="17"/>
						<String ID="P89_ST00347" HPOS="1272" VPOS="790" WIDTH="68" HEIGHT="22" CONTENT="wäre" WC="0.97" CC="0920"/>
						<SP ID="P89_SP00302" HPOS="1340" VPOS="812" WIDTH="20"/>
						<String ID="P89_ST00348" HPOS="1360" VPOS="784" WIDTH="157" HEIGHT="31" CONTENT="verlockend," WC="0.99" CC="06204300500"/>
						<SP ID="P89_SP00303" HPOS="1517" VPOS="815" WIDTH="19"/>
						<String ID="P89_ST00349" HPOS="1536" VPOS="784" WIDTH="77" HEIGHT="26" CONTENT="dieses" WC="0.99" CC="002522"/>
						<SP ID="P89_SP00304" HPOS="1613" VPOS="815" WIDTH="14"/>
						<String ID="P89_ST00350" HPOS="1627" VPOS="784" WIDTH="94" HEIGHT="25" CONTENT="Thema" WC="0.98" CC="07306"/>
						<SP ID="P89_SP00305" HPOS="1721" VPOS="815" WIDTH="20"/>
						<String ID="P89_ST00351" HPOS="1741" VPOS="785" WIDTH="235" HEIGHT="36" CONTENT="weiterzuspinnen:" WC="0.72" CC="0105206630607002"/>
						<SP ID="P89_SP00306" HPOS="1976" VPOS="821" WIDTH="23"/>
						<String ID="P89_ST00352" HPOS="1999" VPOS="795" WIDTH="25" HEIGHT="17" CONTENT="es" WC="0.84" CC="03"/>
					</TextLine>
					<TextLine ID="P89_TL00045" HPOS="1166" VPOS="823" WIDTH="860" HEIGHT="38">
						<String ID="P89_ST00353" HPOS="1166" VPOS="826" WIDTH="57" HEIGHT="25" CONTENT="böte" WC="0.96" CC="5821"/>
						<SP ID="P89_SP00307" HPOS="1223" VPOS="851" WIDTH="8"/>
						<String ID="P89_ST00354" HPOS="1231" VPOS="825" WIDTH="87" HEIGHT="36" CONTENT="gerade" WC="1.00" CC="000004"/>
						<SP ID="P89_SP00308" HPOS="1318" VPOS="861" WIDTH="8"/>
						<String ID="P89_ST00355" HPOS="1326" VPOS="824" WIDTH="41" HEIGHT="26" CONTENT="für" WC="0.99" CC="010"/>
						<SP ID="P89_SP00309" HPOS="1367" VPOS="861" WIDTH="8"/>
						<String ID="P89_ST00356" HPOS="1375" VPOS="834" WIDTH="84" HEIGHT="16" CONTENT="unsere" WC="0.99" CC="105000"/>
						<SP ID="P89_SP00310" HPOS="1459" VPOS="861" WIDTH="8"/>
						<String ID="P89_ST00357" HPOS="1467" VPOS="824" WIDTH="99" HEIGHT="35" CONTENT="Epoche" WC="0.98" CC="090570"/>
						<SP ID="P89_SP00311" HPOS="1566" VPOS="861" WIDTH="8"/>
						<String ID="P89_ST00358" HPOS="1574" VPOS="834" WIDTH="27" HEIGHT="15" CONTENT="so" WC="0.79" CC="40"/>
						<SP ID="P89_SP00312" HPOS="1601" VPOS="861" WIDTH="8"/>
						<String ID="P89_ST00359" HPOS="1609" VPOS="823" WIDTH="95" HEIGHT="26" CONTENT="rascher" WC="0.99" CC="0720700"/>
						<SP ID="P89_SP00313" HPOS="1704" VPOS="861" WIDTH="6"/>
						<String ID="P89_ST00360" HPOS="1710" VPOS="823" WIDTH="210" HEIGHT="36" CONTENT="Entwicklungen" WC="1.00" CC="0600204000060"/>
						<SP ID="P89_SP00314" HPOS="1920" VPOS="861" WIDTH="13"/>
						<String ID="P89_ST00361" HPOS="1933" VPOS="823" WIDTH="80" HEIGHT="27" CONTENT="aufser" SUBS_TYPE="HypPart1" SUBS_CONTENT="aufserordentliches" WC="0.86" CC="000503"/>
						<HYP HPOS="2013" VPOS="823" WIDTH="13" CONTENT="-"/>
					</TextLine>
					<TextLine ID="P89_TL00046" HPOS="1166" VPOS="861" WIDTH="859" HEIGHT="37">
						<String ID="P89_ST00362" HPOS="1166" VPOS="864" WIDTH="163" HEIGHT="26" CONTENT="ordentliches" SUBS_TYPE="HypPart2" SUBS_CONTENT="aufserordentliches" WC="0.80" CC="000032260503"/>
						<SP ID="P89_SP00315" HPOS="1329" VPOS="890" WIDTH="9"/>
						<String ID="P89_ST00363" HPOS="1338" VPOS="866" WIDTH="122" HEIGHT="27" CONTENT="Interesse," WC="0.99" CC="5040056503"/>
						<SP ID="P89_SP00316" HPOS="1460" VPOS="893" WIDTH="10"/>
						<String ID="P89_ST00364" HPOS="1470" VPOS="862" WIDTH="56" HEIGHT="27" CONTENT="aber" WC="0.97" CC="3540"/>
						<SP ID="P89_SP00317" HPOS="1526" VPOS="893" WIDTH="6"/>
						<String ID="P89_ST00365" HPOS="1532" VPOS="863" WIDTH="42" HEIGHT="25" CONTENT="das" WC="0.96" CC="064"/>
						<SP ID="P89_SP00318" HPOS="1574" VPOS="893" WIDTH="7"/>
						<String ID="P89_ST00366" HPOS="1581" VPOS="861" WIDTH="88" HEIGHT="27" CONTENT="würde" WC="0.99" CC="90000"/>
						<SP ID="P89_SP00319" HPOS="1669" VPOS="893" WIDTH="6"/>
						<String ID="P89_ST00367" HPOS="1675" VPOS="861" WIDTH="39" HEIGHT="26" CONTENT="die" WC="0.98" CC="060"/>
						<SP ID="P89_SP00320" HPOS="1714" VPOS="893" WIDTH="6"/>
						<String ID="P89_ST00368" HPOS="1720" VPOS="864" WIDTH="110" HEIGHT="24" CONTENT="Grenzen" WC="1.00" CC="0020300"/>
						<SP ID="P89_SP00321" HPOS="1830" VPOS="893" WIDTH="9"/>
						<String ID="P89_ST00369" HPOS="1839" VPOS="861" WIDTH="41" HEIGHT="26" CONTENT="der" WC="0.99" CC="020"/>
						<SP ID="P89_SP00322" HPOS="1880" VPOS="893" WIDTH="5"/>
						<String ID="P89_ST00370" HPOS="1885" VPOS="862" WIDTH="126" HEIGHT="36" CONTENT="vorliegen" SUBS_TYPE="HypPart1" SUBS_CONTENT="vorliegenden" WC="0.99" CC="015047060"/>
						<HYP HPOS="2011" VPOS="862" WIDTH="14" CONTENT="-"/>
					</TextLine>
					<TextLine ID="P89_TL00047" HPOS="1166" VPOS="900" WIDTH="859" HEIGHT="39">
						<String ID="P89_ST00371" HPOS="1166" VPOS="904" WIDTH="47" HEIGHT="25" CONTENT="den" SUBS_TYPE="HypPart2" SUBS_CONTENT="vorliegenden" WC="0.96" CC="036"/>
						<SP ID="P89_SP00323" HPOS="1213" VPOS="929" WIDTH="9"/>
						<String ID="P89_ST00372" HPOS="1222" VPOS="902" WIDTH="113" HEIGHT="37" CONTENT="Aufgabe" WC="0.99" CC="3600622"/>
						<SP ID="P89_SP00324" HPOS="1335" VPOS="939" WIDTH="11"/>
						<String ID="P89_ST00373" HPOS="1346" VPOS="901" WIDTH="124" HEIGHT="27" CONTENT="erheblich" WC="0.99" CC="007065446"/>
						<SP ID="P89_SP00325" HPOS="1470" VPOS="939" WIDTH="12"/>
						<String ID="P89_ST00374" HPOS="1482" VPOS="901" WIDTH="189" HEIGHT="27" CONTENT="überschreiten." WC="0.99" CC="06005470330050"/>
						<SP ID="P89_SP00326" HPOS="1671" VPOS="939" WIDTH="22"/>
						<String ID="P89_ST00375" HPOS="1693" VPOS="903" WIDTH="29" HEIGHT="24" CONTENT="Es" WC="0.73" CC="14"/>
						<SP ID="P89_SP00327" HPOS="1722" VPOS="939" WIDTH="8"/>
						<String ID="P89_ST00376" HPOS="1730" VPOS="900" WIDTH="50" HEIGHT="36" CONTENT="galt" WC="0.99" CC="0300"/>
						<SP ID="P89_SP00328" HPOS="1780" VPOS="939" WIDTH="9"/>
						<String ID="P89_ST00377" HPOS="1789" VPOS="901" WIDTH="118" HEIGHT="26" CONTENT="zunächst" WC="0.98" CC="24601641"/>
						<SP ID="P89_SP00329" HPOS="1907" VPOS="939" WIDTH="10"/>
						<String ID="P89_ST00378" HPOS="1917" VPOS="911" WIDTH="56" HEIGHT="20" CONTENT="nur," WC="0.97" CC="3504"/>
						<SP ID="P89_SP00330" HPOS="1973" VPOS="939" WIDTH="12"/>
						<String ID="P89_ST00379" HPOS="1985" VPOS="902" WIDTH="40" HEIGHT="25" CONTENT="die" WC="0.98" CC="012"/>
					</TextLine>
					<TextLine ID="P89_TL00048" HPOS="1166" VPOS="939" WIDTH="859" HEIGHT="39">
						<String ID="P89_ST00380" HPOS="1166" VPOS="942" WIDTH="99" HEIGHT="36" CONTENT="grofsen" WC="0.68" CC="0019333"/>
						<SP ID="P89_SP00331" HPOS="1265" VPOS="978" WIDTH="7"/>
						<String ID="P89_ST00381" HPOS="1272" VPOS="943" WIDTH="88" HEIGHT="25" CONTENT="Linien" WC="0.98" CC="030336"/>
						<SP ID="P89_SP00332" HPOS="1360" VPOS="978" WIDTH="12"/>
						<String ID="P89_ST00382" HPOS="1372" VPOS="951" WIDTH="30" HEIGHT="15" CONTENT="zu" WC="0.95" CC="00"/>
						<SP ID="P89_SP00333" HPOS="1402" VPOS="978" WIDTH="13"/>
						<String ID="P89_ST00383" HPOS="1415" VPOS="941" WIDTH="91" HEIGHT="36" CONTENT="zeigen," WC="0.98" CC="4550564"/>
						<SP ID="P89_SP00334" HPOS="1506" VPOS="978" WIDTH="8"/>
						<String ID="P89_ST00384" HPOS="1514" VPOS="941" WIDTH="97" HEIGHT="25" CONTENT="welche" WC="0.98" CC="904070"/>
						<SP ID="P89_SP00335" HPOS="1611" VPOS="978" WIDTH="8"/>
						<String ID="P89_ST00385" HPOS="1619" VPOS="940" WIDTH="41" HEIGHT="26" CONTENT="das" WC="0.96" CC="055"/>
						<SP ID="P89_SP00336" HPOS="1660" VPOS="978" WIDTH="6"/>
						<String ID="P89_ST00386" HPOS="1666" VPOS="939" WIDTH="80" HEIGHT="27" CONTENT="Werk" WC="0.99" CC="0040"/>
						<SP ID="P89_SP00337" HPOS="1746" VPOS="978" WIDTH="10"/>
						<String ID="P89_ST00387" HPOS="1756" VPOS="940" WIDTH="63" HEIGHT="26" CONTENT="eines" WC="0.99" CC="27000"/>
						<SP ID="P89_SP00338" HPOS="1819" VPOS="978" WIDTH="9"/>
						<String ID="P89_ST00388" HPOS="1828" VPOS="939" WIDTH="127" HEIGHT="27" CONTENT="Künstlers" WC="0.99" CC="001420305"/>
						<SP ID="P89_SP00339" HPOS="1955" VPOS="978" WIDTH="9"/>
						<String ID="P89_ST00389" HPOS="1964" VPOS="940" WIDTH="46" HEIGHT="26" CONTENT="cha" SUBS_TYPE="HypPart1" SUBS_CONTENT="charakterisieren," WC="0.97" CC="069"/>
						<HYP HPOS="2010" VPOS="940" WIDTH="15" CONTENT="-"/>
					</TextLine>
					<TextLine ID="P89_TL00049" HPOS="1165" VPOS="978" WIDTH="859" HEIGHT="38">
						<String ID="P89_ST00390" HPOS="1165" VPOS="981" WIDTH="180" HEIGHT="30" CONTENT="rakterisieren," SUBS_TYPE="HypPart2" SUBS_CONTENT="charakterisieren," WC="0.99" CC="55034000745043"/>
						<SP ID="P89_SP00340" HPOS="1345" VPOS="1011" WIDTH="16"/>
						<String ID="P89_ST00391" HPOS="1361" VPOS="980" WIDTH="42" HEIGHT="25" CONTENT="der" WC="1.00" CC="000"/>
						<SP ID="P89_SP00341" HPOS="1403" VPOS="1011" WIDTH="13"/>
						<String ID="P89_ST00392" HPOS="1416" VPOS="980" WIDTH="52" HEIGHT="25" CONTENT="sich" WC="0.95" CC="4556"/>
						<SP ID="P89_SP00342" HPOS="1468" VPOS="1011" WIDTH="14"/>
						<String ID="P89_ST00393" HPOS="1482" VPOS="989" WIDTH="28" HEIGHT="16" CONTENT="zu" WC="0.93" CC="10"/>
						<SP ID="P89_SP00343" HPOS="1510" VPOS="1011" WIDTH="15"/>
						<String ID="P89_ST00394" HPOS="1525" VPOS="989" WIDTH="28" HEIGHT="16" CONTENT="so" WC="0.70" CC="50"/>
						<SP ID="P89_SP00344" HPOS="1553" VPOS="1011" WIDTH="16"/>
						<String ID="P89_ST00395" HPOS="1569" VPOS="980" WIDTH="161" HEIGHT="36" CONTENT="eigenartiger" WC="0.99" CC="040066023066"/>
						<SP ID="P89_SP00345" HPOS="1730" VPOS="1016" WIDTH="13"/>
						<String ID="P89_ST00396" HPOS="1743" VPOS="978" WIDTH="208" HEIGHT="37" CONTENT="Selbständigkeit" WC="1.00" CC="010754020200020"/>
						<SP ID="P89_SP00346" HPOS="1951" VPOS="1016" WIDTH="21"/>
						<String ID="P89_ST00397" HPOS="1972" VPOS="979" WIDTH="52" HEIGHT="26" CONTENT="und" WC="0.97" CC="160"/>
					</TextLine>
					<TextLine ID="P89_TL00050" HPOS="1165" VPOS="1018" WIDTH="861" HEIGHT="37">
						<String ID="P89_ST00398" HPOS="1165" VPOS="1021" WIDTH="76" HEIGHT="25" CONTENT="Höhe" WC="0.97" CC="5070"/>
						<SP ID="P89_SP00347" HPOS="1241" VPOS="1046" WIDTH="18"/>
						<String ID="P89_ST00399" HPOS="1259" VPOS="1020" WIDTH="107" HEIGHT="26" CONTENT="erhoben" WC="0.98" CC="5364500"/>
						<SP ID="P89_SP00348" HPOS="1366" VPOS="1046" WIDTH="18"/>
						<String ID="P89_ST00400" HPOS="1384" VPOS="1021" WIDTH="54" HEIGHT="24" CONTENT="hat:" WC="0.97" CC="7431"/>
						<SP ID="P89_SP00349" HPOS="1438" VPOS="1046" WIDTH="26"/>
						<String ID="P89_ST00401" HPOS="1464" VPOS="1019" WIDTH="39" HEIGHT="25" CONTENT="ein" WC="1.00" CC="000"/>
						<SP ID="P89_SP00350" HPOS="1503" VPOS="1046" WIDTH="18"/>
						<String ID="P89_ST00402" HPOS="1521" VPOS="1018" WIDTH="159" HEIGHT="37" CONTENT="bevorzugter" WC="0.99" CC="50000130255"/>
						<SP ID="P89_SP00351" HPOS="1680" VPOS="1055" WIDTH="15"/>
						<String ID="P89_ST00403" HPOS="1695" VPOS="1019" WIDTH="78" HEIGHT="29" CONTENT="Geist," WC="0.98" CC="021624"/>
						<SP ID="P89_SP00352" HPOS="1773" VPOS="1055" WIDTH="19"/>
						<String ID="P89_ST00404" HPOS="1792" VPOS="1018" WIDTH="88" HEIGHT="36" CONTENT="begabt" WC="0.98" CC="262600"/>
						<SP ID="P89_SP00353" HPOS="1880" VPOS="1055" WIDTH="15"/>
						<String ID="P89_ST00405" HPOS="1895" VPOS="1019" WIDTH="45" HEIGHT="25" CONTENT="mit" WC="0.99" CC="030"/>
						<SP ID="P89_SP00354" HPOS="1940" VPOS="1055" WIDTH="19"/>
						<String ID="P89_ST00406" HPOS="1959" VPOS="1018" WIDTH="67" HEIGHT="26" CONTENT="einer" WC="0.98" CC="06064"/>
					</TextLine>
					<TextLine ID="P89_TL00051" HPOS="1166" VPOS="1057" WIDTH="859" HEIGHT="31">
						<String ID="P89_ST00407" HPOS="1166" VPOS="1059" WIDTH="251" HEIGHT="26" CONTENT="aufserordentlichen" WC="0.67" CC="919560000005342601"/>
						<SP ID="P89_SP00355" HPOS="1417" VPOS="1085" WIDTH="20"/>
						<String ID="P89_ST00408" HPOS="1437" VPOS="1058" WIDTH="162" HEIGHT="30" CONTENT="Sensibilität," WC="0.99" CC="0621003055954"/>
						<SP ID="P89_SP00356" HPOS="1599" VPOS="1088" WIDTH="27"/>
						<String ID="P89_ST00409" HPOS="1626" VPOS="1059" WIDTH="42" HEIGHT="25" CONTENT="der" WC="0.98" CC="060"/>
						<SP ID="P89_SP00357" HPOS="1668" VPOS="1088" WIDTH="20"/>
						<String ID="P89_ST00410" HPOS="1688" VPOS="1068" WIDTH="23" HEIGHT="15" CONTENT="es" WC="0.56" CC="53"/>
						<SP ID="P89_SP00358" HPOS="1711" VPOS="1088" WIDTH="21"/>
						<String ID="P89_ST00411" HPOS="1732" VPOS="1058" WIDTH="143" HEIGHT="26" CONTENT="verstanden" WC="0.99" CC="0006460003"/>
						<SP ID="P89_SP00359" HPOS="1875" VPOS="1088" WIDTH="20"/>
						<String ID="P89_ST00412" HPOS="1895" VPOS="1057" WIDTH="56" HEIGHT="31" CONTENT="hat," WC="0.95" CC="7654"/>
						<SP ID="P89_SP00360" HPOS="1951" VPOS="1088" WIDTH="22"/>
						<String ID="P89_ST00413" HPOS="1973" VPOS="1057" WIDTH="52" HEIGHT="26" CONTENT="sich" WC="0.95" CC="6437"/>
					</TextLine>
					<TextLine ID="P89_TL00052" HPOS="1165" VPOS="1097" WIDTH="859" HEIGHT="30">
						<String ID="P89_ST00414" HPOS="1165" VPOS="1098" WIDTH="46" HEIGHT="25" CONTENT="den" WC="0.98" CC="005"/>
						<SP ID="P89_SP00361" HPOS="1211" VPOS="1123" WIDTH="17"/>
						<String ID="P89_ST00415" HPOS="1228" VPOS="1098" WIDTH="137" HEIGHT="25" CONTENT="Einflüssen" WC="0.99" CC="0400014612"/>
						<SP ID="P89_SP00362" HPOS="1365" VPOS="1123" WIDTH="24"/>
						<String ID="P89_ST00416" HPOS="1389" VPOS="1098" WIDTH="64" HEIGHT="24" CONTENT="eines" WC="0.98" CC="54003"/>
						<SP ID="P89_SP00363" HPOS="1453" VPOS="1123" WIDTH="19"/>
						<String ID="P89_ST00417" HPOS="1472" VPOS="1097" WIDTH="158" HEIGHT="26" CONTENT="bestimmten" WC="0.99" CC="6042300605"/>
						<SP ID="P89_SP00364" HPOS="1630" VPOS="1123" WIDTH="20"/>
						<String ID="P89_ST00418" HPOS="1650" VPOS="1098" WIDTH="113" HEIGHT="29" CONTENT="Milieus," WC="0.99" CC="05064054"/>
						<SP ID="P89_SP00365" HPOS="1763" VPOS="1127" WIDTH="21"/>
						<String ID="P89_ST00419" HPOS="1784" VPOS="1098" WIDTH="65" HEIGHT="24" CONTENT="einer" WC="0.98" CC="05224"/>
						<SP ID="P89_SP00366" HPOS="1849" VPOS="1127" WIDTH="19"/>
						<String ID="P89_ST00420" HPOS="1868" VPOS="1097" WIDTH="156" HEIGHT="25" CONTENT="bestimmten" WC="0.99" CC="6046500202"/>
					</TextLine>
					<TextLine ID="P89_TL00053" HPOS="1164" VPOS="1135" WIDTH="862" HEIGHT="38">
						<String ID="P89_ST00421" HPOS="1164" VPOS="1137" WIDTH="101" HEIGHT="35" CONTENT="Epoche" WC="0.99" CC="000061"/>
						<SP ID="P89_SP00367" HPOS="1265" VPOS="1172" WIDTH="20"/>
						<String ID="P89_ST00422" HPOS="1285" VPOS="1146" WIDTH="163" HEIGHT="27" CONTENT="anzupassen," WC="0.99" CC="70110763542"/>
						<SP ID="P89_SP00368" HPOS="1448" VPOS="1173" WIDTH="27"/>
						<String ID="P89_ST00423" HPOS="1475" VPOS="1137" WIDTH="42" HEIGHT="25" CONTENT="der" WC="0.98" CC="050"/>
						<SP ID="P89_SP00369" HPOS="1517" VPOS="1173" WIDTH="19"/>
						<String ID="P89_ST00424" HPOS="1536" VPOS="1137" WIDTH="27" HEIGHT="25" CONTENT="in" WC="0.85" CC="20"/>
						<SP ID="P89_SP00370" HPOS="1563" VPOS="1173" WIDTH="19"/>
						<String ID="P89_ST00425" HPOS="1582" VPOS="1137" WIDTH="91" HEIGHT="25" CONTENT="diesem" WC="0.99" CC="015400"/>
						<SP ID="P89_SP00371" HPOS="1673" VPOS="1173" WIDTH="21"/>
						<String ID="P89_ST00426" HPOS="1694" VPOS="1137" WIDTH="114" HEIGHT="25" CONTENT="Rahmen" WC="0.99" CC="023060"/>
						<SP ID="P89_SP00372" HPOS="1808" VPOS="1173" WIDTH="25"/>
						<String ID="P89_ST00427" HPOS="1833" VPOS="1135" WIDTH="38" HEIGHT="26" CONTENT="die" WC="0.98" CC="015"/>
						<SP ID="P89_SP00373" HPOS="1871" VPOS="1173" WIDTH="24"/>
						<String ID="P89_ST00428" HPOS="1895" VPOS="1135" WIDTH="131" HEIGHT="36" CONTENT="allgemein" WC="0.99" CC="252000130"/>
					</TextLine>
					<TextLine ID="P89_TL00054" HPOS="1164" VPOS="1175" WIDTH="860" HEIGHT="36">
						<String ID="P89_ST00429" HPOS="1164" VPOS="1176" WIDTH="185" HEIGHT="25" CONTENT="menschlichen" WC="0.99" CC="060606056701"/>
						<SP ID="P89_SP00374" HPOS="1349" VPOS="1201" WIDTH="15"/>
						<String ID="P89_ST00430" HPOS="1364" VPOS="1175" WIDTH="200" HEIGHT="36" CONTENT="Empfindungen" WC="1.00" CC="007000050001"/>
						<SP ID="P89_SP00375" HPOS="1564" VPOS="1211" WIDTH="18"/>
						<String ID="P89_ST00431" HPOS="1582" VPOS="1185" WIDTH="30" HEIGHT="16" CONTENT="zu" WC="0.68" CC="60"/>
						<SP ID="P89_SP00376" HPOS="1612" VPOS="1211" WIDTH="18"/>
						<String ID="P89_ST00432" HPOS="1630" VPOS="1175" WIDTH="105" HEIGHT="26" CONTENT="erfassen" WC="0.99" CC="10066502"/>
						<SP ID="P89_SP00377" HPOS="1735" VPOS="1211" WIDTH="16"/>
						<String ID="P89_ST00433" HPOS="1751" VPOS="1175" WIDTH="50" HEIGHT="25" CONTENT="und" WC="0.98" CC="040"/>
						<SP ID="P89_SP00378" HPOS="1801" VPOS="1211" WIDTH="19"/>
						<String ID="P89_ST00434" HPOS="1820" VPOS="1175" WIDTH="75" HEIGHT="25" CONTENT="ihnen" WC="0.98" CC="36025"/>
						<SP ID="P89_SP00379" HPOS="1895" VPOS="1211" WIDTH="16"/>
						<String ID="P89_ST00435" HPOS="1911" VPOS="1176" WIDTH="71" HEIGHT="24" CONTENT="einen" WC="0.99" CC="10003"/>
						<SP ID="P89_SP00380" HPOS="1982" VPOS="1211" WIDTH="14"/>
						<String ID="P89_ST00436" HPOS="1996" VPOS="1184" WIDTH="28" HEIGHT="16" CONTENT="so" WC="0.78" CC="40"/>
					</TextLine>
					<TextLine ID="P89_TL00055" HPOS="1164" VPOS="1213" WIDTH="860" HEIGHT="31">
						<String ID="P89_ST00437" HPOS="1164" VPOS="1214" WIDTH="245" HEIGHT="26" CONTENT="charakteristischen" WC="0.99" CC="077290144751425765"/>
						<SP ID="P89_SP00381" HPOS="1409" VPOS="1240" WIDTH="22"/>
						<String ID="P89_ST00438" HPOS="1431" VPOS="1214" WIDTH="135" HEIGHT="27" CONTENT="Ausdruck" WC="0.99" CC="42500040"/>
						<SP ID="P89_SP00382" HPOS="1566" VPOS="1241" WIDTH="20"/>
						<String ID="P89_ST00439" HPOS="1586" VPOS="1224" WIDTH="30" HEIGHT="16" CONTENT="zu" WC="0.65" CC="60"/>
						<SP ID="P89_SP00383" HPOS="1616" VPOS="1241" WIDTH="21"/>
						<String ID="P89_ST00440" HPOS="1637" VPOS="1215" WIDTH="124" HEIGHT="25" CONTENT="verleihen" WC="0.99" CC="050005632"/>
						<SP ID="P89_SP00384" HPOS="1761" VPOS="1241" WIDTH="18"/>
						<String ID="P89_ST00441" HPOS="1779" VPOS="1214" WIDTH="83" HEIGHT="30" CONTENT="weifs," WC="0.86" CC="000034"/>
						<SP ID="P89_SP00385" HPOS="1862" VPOS="1244" WIDTH="22"/>
						<String ID="P89_ST00442" HPOS="1884" VPOS="1213" WIDTH="53" HEIGHT="26" CONTENT="dafs" WC="0.84" CC="0203"/>
						<SP ID="P89_SP00386" HPOS="1937" VPOS="1244" WIDTH="21"/>
						<String ID="P89_ST00443" HPOS="1958" VPOS="1214" WIDTH="66" HEIGHT="25" CONTENT="seine" WC="0.98" CC="40160"/>
					</TextLine>
					<TextLine ID="P89_TL00056" HPOS="1163" VPOS="1252" WIDTH="862" HEIGHT="36">
						<String ID="P89_ST00444" HPOS="1163" VPOS="1253" WIDTH="116" HEIGHT="35" CONTENT="Eigenart" WC="0.99" CC="40053303"/>
						<SP ID="P89_SP00387" HPOS="1279" VPOS="1288" WIDTH="29"/>
						<String ID="P89_ST00445" HPOS="1308" VPOS="1263" WIDTH="85" HEIGHT="16" CONTENT="unsere" WC="0.99" CC="005210"/>
						<SP ID="P89_SP00388" HPOS="1393" VPOS="1288" WIDTH="23"/>
						<String ID="P89_ST00446" HPOS="1416" VPOS="1253" WIDTH="104" HEIGHT="26" CONTENT="höchste" WC="0.99" CC="7006110"/>
						<SP ID="P89_SP00389" HPOS="1520" VPOS="1288" WIDTH="21"/>
						<String ID="P89_ST00447" HPOS="1541" VPOS="1253" WIDTH="189" HEIGHT="35" CONTENT="Bewunderung" WC="1.00" CC="40900002210"/>
						<SP ID="P89_SP00390" HPOS="1730" VPOS="1288" WIDTH="25"/>
						<String ID="P89_ST00448" HPOS="1755" VPOS="1259" WIDTH="85" HEIGHT="29" CONTENT="erregt." WC="0.99" CC="0011050"/>
						<SP ID="P89_SP00391" HPOS="1840" VPOS="1288" WIDTH="33"/>
						<String ID="P89_ST00449" HPOS="1873" VPOS="1254" WIDTH="39" HEIGHT="32" CONTENT="Ja," WC="0.96" CC="064"/>
						<SP ID="P89_SP00392" HPOS="1912" VPOS="1288" WIDTH="25"/>
						<String ID="P89_ST00450" HPOS="1937" VPOS="1252" WIDTH="88" HEIGHT="35" CONTENT="gerade" WC="0.99" CC="040600"/>
					</TextLine>
					<TextLine ID="P89_TL00057" HPOS="1163" VPOS="1291" WIDTH="862" HEIGHT="31">
						<String ID="P89_ST00451" HPOS="1163" VPOS="1291" WIDTH="65" HEIGHT="26" CONTENT="diese" WC="0.99" CC="05050"/>
						<SP ID="P89_SP00393" HPOS="1228" VPOS="1317" WIDTH="27"/>
						<String ID="P89_ST00452" HPOS="1255" VPOS="1292" WIDTH="204" HEIGHT="26" CONTENT="Besonderheiten" WC="0.99" CC="26601010760316"/>
						<SP ID="P89_SP00394" HPOS="1459" VPOS="1318" WIDTH="22"/>
						<String ID="P89_ST00453" HPOS="1481" VPOS="1293" WIDTH="76" HEIGHT="24" CONTENT="seines" WC="0.98" CC="426403"/>
						<SP ID="P89_SP00395" HPOS="1557" VPOS="1318" WIDTH="21"/>
						<String ID="P89_ST00454" HPOS="1578" VPOS="1292" WIDTH="55" HEIGHT="25" CONTENT="Stils" WC="0.98" CC="06035"/>
						<SP ID="P89_SP00396" HPOS="1633" VPOS="1318" WIDTH="21"/>
						<String ID="P89_ST00455" HPOS="1654" VPOS="1292" WIDTH="54" HEIGHT="25" CONTENT="sind" WC="0.96" CC="6560"/>
						<SP ID="P89_SP00397" HPOS="1708" VPOS="1318" WIDTH="22"/>
						<String ID="P89_ST00456" HPOS="1730" VPOS="1301" WIDTH="36" HEIGHT="21" CONTENT="es," WC="0.96" CC="064"/>
						<SP ID="P89_SP00398" HPOS="1766" VPOS="1322" WIDTH="32"/>
						<String ID="P89_ST00457" HPOS="1798" VPOS="1292" WIDTH="39" HEIGHT="25" CONTENT="die" WC="0.98" CC="040"/>
						<SP ID="P89_SP00399" HPOS="1837" VPOS="1322" WIDTH="22"/>
						<String ID="P89_ST00458" HPOS="1859" VPOS="1301" WIDTH="46" HEIGHT="16" CONTENT="uns" WC="0.96" CC="234"/>
						<SP ID="P89_SP00400" HPOS="1905" VPOS="1322" WIDTH="21"/>
						<String ID="P89_ST00459" HPOS="1926" VPOS="1301" WIDTH="29" HEIGHT="15" CONTENT="zu" WC="0.84" CC="30"/>
						<SP ID="P89_SP00401" HPOS="1955" VPOS="1322" WIDTH="28"/>
						<String ID="P89_ST00460" HPOS="1983" VPOS="1291" WIDTH="42" HEIGHT="26" CONTENT="der" WC="0.99" CC="002"/>
					</TextLine>
					<TextLine ID="P89_TL00058" HPOS="1162" VPOS="1330" WIDTH="862" HEIGHT="35">
						<String ID="P89_ST00461" HPOS="1162" VPOS="1331" WIDTH="106" HEIGHT="24" CONTENT="reinsten" WC="0.98" CC="53505145"/>
						<SP ID="P89_SP00402" HPOS="1268" VPOS="1355" WIDTH="21"/>
						<String ID="P89_ST00462" HPOS="1289" VPOS="1331" WIDTH="76" HEIGHT="25" CONTENT="Höhe" WC="0.97" CC="5060"/>
						<SP ID="P89_SP00403" HPOS="1365" VPOS="1356" WIDTH="22"/>
						<String ID="P89_ST00463" HPOS="1387" VPOS="1331" WIDTH="116" HEIGHT="25" CONTENT="erheben:" WC="0.99" CC="00604033"/>
						<SP ID="P89_SP00404" HPOS="1503" VPOS="1356" WIDTH="21"/>
						<String ID="P89_ST00464" HPOS="1524" VPOS="1331" WIDTH="121" HEIGHT="34" CONTENT="losgelöst" WC="0.98" CC="246701955"/>
						<SP ID="P89_SP00405" HPOS="1645" VPOS="1365" WIDTH="18"/>
						<String ID="P89_ST00465" HPOS="1663" VPOS="1341" WIDTH="50" HEIGHT="15" CONTENT="von" WC="0.98" CC="022"/>
						<SP ID="P89_SP00406" HPOS="1713" VPOS="1365" WIDTH="20"/>
						<String ID="P89_ST00466" HPOS="1733" VPOS="1330" WIDTH="46" HEIGHT="25" CONTENT="den" WC="0.98" CC="004"/>
						<SP ID="P89_SP00407" HPOS="1779" VPOS="1365" WIDTH="26"/>
						<String ID="P89_ST00467" HPOS="1805" VPOS="1330" WIDTH="219" HEIGHT="35" CONTENT="geschmacklosen" WC="1.00" CC="03305072000101"/>
					</TextLine>
					<TextLine ID="P89_TL00059" HPOS="1161" VPOS="1368" WIDTH="863" HEIGHT="36">
						<String ID="P89_ST00468" HPOS="1161" VPOS="1369" WIDTH="94" HEIGHT="24" CONTENT="Fesseln" WC="0.98" CC="5065005"/>
						<SP ID="P89_SP00408" HPOS="1255" VPOS="1393" WIDTH="9"/>
						<String ID="P89_ST00469" HPOS="1264" VPOS="1369" WIDTH="40" HEIGHT="24" CONTENT="des" WC="0.98" CC="040"/>
						<SP ID="P89_SP00409" HPOS="1304" VPOS="1393" WIDTH="9"/>
						<String ID="P89_ST00470" HPOS="1313" VPOS="1371" WIDTH="109" HEIGHT="27" CONTENT="Kontur," WC="0.99" CC="0305604"/>
						<SP ID="P89_SP00410" HPOS="1422" VPOS="1398" WIDTH="12"/>
						<String ID="P89_ST00471" HPOS="1434" VPOS="1369" WIDTH="165" HEIGHT="34" CONTENT="ungehindert" WC="0.99" CC="24027040320"/>
						<SP ID="P89_SP00411" HPOS="1599" VPOS="1403" WIDTH="11"/>
						<String ID="P89_ST00472" HPOS="1610" VPOS="1369" WIDTH="78" HEIGHT="25" CONTENT="durch" WC="0.99" CC="00006"/>
						<SP ID="P89_SP00412" HPOS="1688" VPOS="1403" WIDTH="11"/>
						<String ID="P89_ST00473" HPOS="1699" VPOS="1369" WIDTH="53" HEIGHT="34" CONTENT="jede" WC="0.99" CC="3000"/>
						<SP ID="P89_SP00413" HPOS="1752" VPOS="1403" WIDTH="11"/>
						<String ID="P89_ST00474" HPOS="1763" VPOS="1378" WIDTH="30" HEIGHT="16" CONTENT="zu" WC="0.64" CC="70"/>
						<SP ID="P89_SP00414" HPOS="1793" VPOS="1403" WIDTH="13"/>
						<String ID="P89_ST00475" HPOS="1806" VPOS="1368" WIDTH="74" HEIGHT="35" CONTENT="grobe" WC="0.99" CC="00060"/>
						<SP ID="P89_SP00415" HPOS="1880" VPOS="1403" WIDTH="12"/>
						<String ID="P89_ST00476" HPOS="1892" VPOS="1369" WIDTH="132" HEIGHT="35" CONTENT="Betonung" WC="0.99" CC="20200127"/>
					</TextLine>
					<TextLine ID="P89_TL00060" HPOS="1162" VPOS="1406" WIDTH="860" HEIGHT="35">
						<String ID="P89_ST00477" HPOS="1162" VPOS="1407" WIDTH="40" HEIGHT="25" CONTENT="des" WC="0.98" CC="005"/>
						<SP ID="P89_SP00416" HPOS="1202" VPOS="1432" WIDTH="12"/>
						<String ID="P89_ST00478" HPOS="1214" VPOS="1406" WIDTH="112" HEIGHT="35" CONTENT="farbigen" WC="0.98" CC="06064705"/>
						<SP ID="P89_SP00417" HPOS="1326" VPOS="1441" WIDTH="8"/>
						<String ID="P89_ST00479" HPOS="1334" VPOS="1407" WIDTH="146" HEIGHT="29" CONTENT="Eindrucks," WC="0.99" CC="0620030004"/>
						<SP ID="P89_SP00418" HPOS="1480" VPOS="1441" WIDTH="12"/>
						<String ID="P89_ST00480" HPOS="1492" VPOS="1407" WIDTH="104" HEIGHT="34" CONTENT="geniefst" WC="0.60" CC="05275056"/>
						<SP ID="P89_SP00419" HPOS="1596" VPOS="1441" WIDTH="8"/>
						<String ID="P89_ST00481" HPOS="1604" VPOS="1408" WIDTH="39" HEIGHT="24" CONTENT="die" WC="1.00" CC="000"/>
						<SP ID="P89_SP00420" HPOS="1643" VPOS="1441" WIDTH="10"/>
						<String ID="P89_ST00482" HPOS="1653" VPOS="1408" WIDTH="130" HEIGHT="24" CONTENT="Phantasie" WC="0.99" CC="062206550"/>
						<SP ID="P89_SP00421" HPOS="1783" VPOS="1441" WIDTH="7"/>
						<String ID="P89_ST00483" HPOS="1790" VPOS="1408" WIDTH="26" HEIGHT="24" CONTENT="in" WC="0.65" CC="60"/>
						<SP ID="P89_SP00422" HPOS="1816" VPOS="1441" WIDTH="8"/>
						<String ID="P89_ST00484" HPOS="1824" VPOS="1407" WIDTH="78" HEIGHT="25" CONTENT="voller" WC="0.99" CC="000204"/>
						<SP ID="P89_SP00423" HPOS="1902" VPOS="1441" WIDTH="8"/>
						<String ID="P89_ST00485" HPOS="1910" VPOS="1408" WIDTH="112" HEIGHT="30" CONTENT="Freiheit," WC="0.99" CC="020560544"/>
					</TextLine>
					<TextLine ID="P89_TL00061" HPOS="1160" VPOS="1445" WIDTH="864" HEIGHT="35">
						<String ID="P89_ST00486" HPOS="1160" VPOS="1445" WIDTH="141" HEIGHT="25" CONTENT="aufserhalb" WC="0.77" CC="3104103043"/>
						<SP ID="P89_SP00424" HPOS="1301" VPOS="1470" WIDTH="22"/>
						<String ID="P89_ST00487" HPOS="1323" VPOS="1445" WIDTH="40" HEIGHT="25" CONTENT="des" WC="0.99" CC="003"/>
						<SP ID="P89_SP00425" HPOS="1363" VPOS="1470" WIDTH="21"/>
						<String ID="P89_ST00488" HPOS="1384" VPOS="1446" WIDTH="110" HEIGHT="25" CONTENT="Bereichs" WC="0.99" CC="30041064"/>
						<SP ID="P89_SP00426" HPOS="1494" VPOS="1471" WIDTH="20"/>
						<String ID="P89_ST00489" HPOS="1514" VPOS="1447" WIDTH="66" HEIGHT="24" CONTENT="einer" WC="0.99" CC="06000"/>
						<SP ID="P89_SP00427" HPOS="1580" VPOS="1471" WIDTH="21"/>
						<String ID="P89_ST00490" HPOS="1601" VPOS="1446" WIDTH="202" HEIGHT="34" CONTENT="schulgerechten" WC="0.99" CC="42610005407400"/>
						<SP ID="P89_SP00428" HPOS="1803" VPOS="1480" WIDTH="20"/>
						<String ID="P89_ST00491" HPOS="1823" VPOS="1446" WIDTH="139" HEIGHT="30" CONTENT="Aesthetik," WC="0.73" CC="0133354004"/>
						<SP ID="P89_SP00429" HPOS="1962" VPOS="1480" WIDTH="22"/>
						<String ID="P89_ST00492" HPOS="1984" VPOS="1446" WIDTH="40" HEIGHT="25" CONTENT="die" WC="0.98" CC="012"/>
					</TextLine>
					<TextLine ID="P89_TL00062" HPOS="1160" VPOS="1483" WIDTH="863" HEIGHT="30">
						<String ID="P89_ST00493" HPOS="1160" VPOS="1483" WIDTH="91" HEIGHT="27" CONTENT="feinere" WC="0.99" CC="0153340"/>
						<SP ID="P89_SP00430" HPOS="1251" VPOS="1510" WIDTH="15"/>
						<String ID="P89_ST00494" HPOS="1266" VPOS="1484" WIDTH="99" HEIGHT="29" CONTENT="Freude," WC="0.99" CC="0126004"/>
						<SP ID="P89_SP00431" HPOS="1365" VPOS="1513" WIDTH="18"/>
						<String ID="P89_ST00495" HPOS="1383" VPOS="1484" WIDTH="52" HEIGHT="25" CONTENT="sich" WC="0.98" CC="2006"/>
						<SP ID="P89_SP00432" HPOS="1435" VPOS="1513" WIDTH="14"/>
						<String ID="P89_ST00496" HPOS="1449" VPOS="1484" WIDTH="74" HEIGHT="25" CONTENT="selbst" WC="0.98" CC="321260"/>
						<SP ID="P89_SP00433" HPOS="1523" VPOS="1513" WIDTH="14"/>
						<String ID="P89_ST00497" HPOS="1537" VPOS="1484" WIDTH="139" HEIGHT="26" CONTENT="überlassen" WC="0.99" CC="0602073620"/>
						<SP ID="P89_SP00434" HPOS="1676" VPOS="1513" WIDTH="15"/>
						<String ID="P89_ST00498" HPOS="1691" VPOS="1494" WIDTH="28" HEIGHT="16" CONTENT="zu" WC="0.65" CC="60"/>
						<SP ID="P89_SP00435" HPOS="1719" VPOS="1513" WIDTH="13"/>
						<String ID="P89_ST00499" HPOS="1732" VPOS="1485" WIDTH="51" HEIGHT="24" CONTENT="sein" WC="0.97" CC="4053"/>
						<SP ID="P89_SP00436" HPOS="1783" VPOS="1513" WIDTH="12"/>
						<String ID="P89_ST00500" HPOS="1795" VPOS="1484" WIDTH="51" HEIGHT="25" CONTENT="und" WC="0.98" CC="500"/>
						<SP ID="P89_SP00437" HPOS="1846" VPOS="1513" WIDTH="11"/>
						<String ID="P89_ST00501" HPOS="1857" VPOS="1484" WIDTH="53" HEIGHT="25" CONTENT="sich" WC="0.98" CC="3007"/>
						<SP ID="P89_SP00438" HPOS="1910" VPOS="1513" WIDTH="11"/>
						<String ID="P89_ST00502" HPOS="1921" VPOS="1485" WIDTH="88" HEIGHT="26" CONTENT="hinaus" SUBS_TYPE="HypPart1" SUBS_CONTENT="hinauszuheben" WC="0.98" CC="634744"/>
						<HYP HPOS="2009" VPOS="1485" WIDTH="14" CONTENT="-"/>
					</TextLine>
					<TextLine ID="P89_TL00063" HPOS="1160" VPOS="1523" WIDTH="863" HEIGHT="35">
						<String ID="P89_ST00503" HPOS="1160" VPOS="1523" WIDTH="111" HEIGHT="26" CONTENT="zuheben" SUBS_TYPE="HypPart2" SUBS_CONTENT="hinauszuheben" WC="0.98" CC="6440602"/>
						<SP ID="P89_SP00439" HPOS="1271" VPOS="1549" WIDTH="15"/>
						<String ID="P89_ST00504" HPOS="1286" VPOS="1523" WIDTH="58" HEIGHT="25" CONTENT="über" WC="0.97" CC="0535"/>
						<SP ID="P89_SP00440" HPOS="1344" VPOS="1549" WIDTH="15"/>
						<String ID="P89_ST00505" HPOS="1359" VPOS="1523" WIDTH="39" HEIGHT="25" CONTENT="die" WC="0.98" CC="040"/>
						<SP ID="P89_SP00441" HPOS="1398" VPOS="1549" WIDTH="15"/>
						<String ID="P89_ST00506" HPOS="1413" VPOS="1525" WIDTH="112" HEIGHT="24" CONTENT="Grenzen" WC="0.99" CC="0540500"/>
						<SP ID="P89_SP00442" HPOS="1525" VPOS="1549" WIDTH="14"/>
						<String ID="P89_ST00507" HPOS="1539" VPOS="1523" WIDTH="42" HEIGHT="25" CONTENT="der" WC="0.98" CC="005"/>
						<SP ID="P89_SP00443" HPOS="1581" VPOS="1549" WIDTH="14"/>
						<String ID="P89_ST00508" HPOS="1595" VPOS="1524" WIDTH="201" HEIGHT="33" CONTENT="Erscheinungen" WC="1.00" CC="0003504242003"/>
						<SP ID="P89_SP00444" HPOS="1796" VPOS="1557" WIDTH="16"/>
						<String ID="P89_ST00509" HPOS="1812" VPOS="1524" WIDTH="26" HEIGHT="24" CONTENT="in" WC="1.00" CC="00"/>
						<SP ID="P89_SP00445" HPOS="1838" VPOS="1557" WIDTH="14"/>
						<String ID="P89_ST00510" HPOS="1852" VPOS="1523" WIDTH="38" HEIGHT="25" CONTENT="die" WC="0.99" CC="030"/>
						<SP ID="P89_SP00446" HPOS="1890" VPOS="1557" WIDTH="16"/>
						<String ID="P89_ST00511" HPOS="1906" VPOS="1533" WIDTH="103" HEIGHT="25" CONTENT="grenzen" SUBS_TYPE="HypPart1" SUBS_CONTENT="grenzenlose" WC="0.99" CC="0152604"/>
						<HYP HPOS="2009" VPOS="1533" WIDTH="14" CONTENT="-"/>
					</TextLine>
					<TextLine ID="P89_TL00064" HPOS="1161" VPOS="1561" WIDTH="823" HEIGHT="28">
						<String ID="P89_ST00512" HPOS="1161" VPOS="1563" WIDTH="51" HEIGHT="26" CONTENT="lose" SUBS_TYPE="HypPart2" SUBS_CONTENT="grenzenlose" WC="0.98" CC="0053"/>
						<SP ID="P89_SP00447" HPOS="1212" VPOS="1589" WIDTH="15"/>
						<String ID="P89_ST00513" HPOS="1227" VPOS="1562" WIDTH="71" HEIGHT="26" CONTENT="Welt" WC="1.00" CC="0010"/>
						<SP ID="P89_SP00448" HPOS="1298" VPOS="1589" WIDTH="14"/>
						<String ID="P89_ST00514" HPOS="1312" VPOS="1561" WIDTH="40" HEIGHT="25" CONTENT="des" WC="0.96" CC="046"/>
						<SP ID="P89_SP00449" HPOS="1352" VPOS="1589" WIDTH="14"/>
						<String ID="P89_ST00515" HPOS="1366" VPOS="1563" WIDTH="125" HEIGHT="24" CONTENT="Traumes." WC="1.00" CC="00000630"/>
						<SP ID="P89_SP00450" HPOS="1491" VPOS="1589" WIDTH="246"/>
						<String ID="P89_ST00516" HPOS="1737" VPOS="1564" WIDTH="98" HEIGHT="24" CONTENT="Daniel" WC="0.99" CC="005009"/>
						<SP ID="P89_SP00451" HPOS="1835" VPOS="1589" WIDTH="15"/>
						<String ID="P89_ST00517" HPOS="1850" VPOS="1563" WIDTH="134" HEIGHT="26" CONTENT="Mordant" WC="0.79" CC="0044500"/>
					</TextLine>
				</TextBlock>
				<TextBlock ID="P89_TB00003" HPOS="1040" VPOS="2812" WIDTH="162" HEIGHT="36" STYLEREFS="TXT_0 PAR_RIGHT">
					<TextLine ID="P89_TL00065" HPOS="1202" VPOS="2848" WIDTH="0" HEIGHT="0">
						<String ID="P89_ST00518" HPOS="1202" VPOS="2848" WIDTH="0" HEIGHT="0" CONTENT="121" WC="0.98" CC="000"/>
					</TextLine>
				</TextBlock>
				<ComposedBlock ID="P89_CB00001" HPOS="384" VPOS="1636" WIDTH="1463" HEIGHT="1061" STYLEREFS="TXT_1 PAR_LEFT" TYPE="Illustration">
					<GraphicalElement ID="P89_CB00001_SUB" HPOS="384" VPOS="1636" WIDTH="1463" HEIGHT="1061"/>
				</ComposedBlock>
			</PrintSpace>
		</Page>
	</Layout>
</alto>
