2606 4155
386 1142 150 71 LES
574 1142 480 71 TRAVAUX
1100 1142 137 74 DU
1285 1142 394 74 NOUVEL
1719 1128 309 88 OPÉRA

2100 1132 10 48 1

793 1609 65 38 'EN
893 1607 104 41 étais
1026 1607 40 41 là
1099 1608 51 40 de
1183 1621 88 28 mes
1305 1609 264 50 décimètres,
1603 1608 271 42 centimètres
1904 1617 41 33 et
1982 1610 110 40 milli-

792 1684 175 48 mètres;
988 1680 145 54 j'avais
1157 1682 133 40 décrit
1310 1681 173 54 l'Opéra
1505 1685 23 36 à
1551 1694 87 27 mes
1661 1681 182 41 lecteurs
1863 1696 74 40 par
1957 1683 37 40 le
2011 1696 76 40 pro-

791 1753 98 40 cédé
910 1762 119 32 exact
1050 1753 51 40 de
1126 1755 40 39 la
1188 1755 166 40 science
1376 1763 40 32 et
1447 1754 149 53 j'allais
1623 1755 246 52 continuer,
1896 1756 155 40 faisant
2075 1758 37 40 le

791 1826 137 40 relevé
946 1826 49 39 de
1030 1838 88 27 mes
1148 1840 187 27 mesures
1357 1840 52 26 en
1446 1826 101 54 long
1568 1835 41 32 et
1634 1840 52 26 en
1717 1828 133 52 large,
1873 1828 50 40 de
1945 1829 39 39 la
2008 1842 78 26 cou-

790 1898 92 40 leur
915 1898 72 40 des
1028 1901 205 48 marbres,,
1265 1901 58 38 du
1359 1899 120 54 poids
1509 1900 71 39 des
1613 1900 143 53 piliers
1794 1914 52 26 en
1881 1900 130 52 fonte,
2039 1901 73 40 des

376 1970 246 40 kilomètres
654 1973 51 37 de
724 1971 216 54 cordages,
963 1979 98 47 etc.,
1085 1971 171 55 lorsque
1289 1972 87 41 l'on
1407 1972 256 58 m'annonça
1691 1973 39 40 la
1752 1973 124 40 visite
1897 1973 104 40 d'un
2023 1987 66 40 per-

376 2054 189 41 sonnage
589 2043 209 41 inconnu.

503 2114 118 50 Qu'il
643 2123 117 34 entre
776 2120 7 36 !

504 2187 242 55 Monsieur,
768 2189 69 53 j'ai
860 2190 47 39 lu
929 2203 75 28 vos
1025 2189 169 42 chiffres
1216 2203 75 28 sur
1308 2190 188 54 l'Opéra.

426 2260 49 40 Je
496 2260 162 59 fronçai
680 2261 59 40 les
760 2262 197 42 sourcils.

498 2333 115 54 Very
630 2334 336 55 interesting!...

423 2405 49 41 Je
494 2406 150 42 saluai.

499 2479 115 40 C'est
635 2480 252 52 admirable,
912 2481 109 40 mais
1042 2481 146 54 quand
1211 2481 320 54 parlerez-vous
1552 2483 51 39 de
1625 2482 124 41 Part?

428 2551 68 40 En
519 2551 186 41 d'autres
724 2560 171 46 termes,
916 2553 148 54 j'avais
1086 2567 61 26 un
1181 2553 267 41 admirateur
1481 2554 76 53 qui
1592 2554 104 41 était
1724 2555 240 40 émerveillé
1997 2556 50 40 de
2066 2556 39 41 la

370 2623 213 54 précision
614 2632 120 33 toute
772 2625 185 53 anglaise
1000 2625 51 40 de
1086 2638 90 28 mes
1213 2625 166 41 chiffres
1413 2634 41 32 et
1493 2626 74 54 qui
1606 2626 144 41 venait
1786 2641 69 26 me
1895 2627 89 41 dire
2018 2634 66 34 naï-

370 2704 173 33 vement
566 2711 9 26 :

426 2768 161 50 Quand
609 2769 90 41 cela
720 2770 185 42 sera-t-il
926 2770 101 42 fini?

428 2841 36 40 Il
497 2841 251 42 m'estimait
781 2843 335 55 presqu'autant
1149 2857 85 41 que
1264 2843 39 40 le
1333 2845 156 40 célèbre
1526 2843 287 42 académicien
1838 2844 73 53 qui
1933 2859 23 26 a
1984 2845 61 41 dit
2065 2845 39 41 la

369 2914 149 55 phrase
540 2914 258 44 immortelle
823 2931 7 27 :
870 2916 59 42 Le
954 2916 247 42 Parthénon
1229 2931 23 27 a
1283 2916 360 54 cinquante-trois
1672 2916 236 56 parapluies
1935 2916 50 42 de
2004 2917 72 41 lon-

369 3001 151 41 gueur.

422 3169 286 52 Néanmoins,
753 3169 30 42 il
823 3171 264 40 m'intéressa
1126 3171 219 42 vivement
1371 3171 192 54 lorsqu'il
1599 3184 69 27 me
1695 3172 61 41 dit
1782 3186 8 26 :
1823 3186 56 26 on
1918 3185 50 27 ne
1998 3181 103 46 peut

367 3256 74 41 pas
467 3242 186 41 dessiner
674 3243 39 40 le
735 3256 118 42 corps
877 3244 96 54 plus
994 3252 265 34 exactement
1277 3258 82 40 que
1380 3258 108 26 vous
1505 3258 52 26 ne
1578 3244 133 40 l'avez
1733 3244 94 50 fait;
1851 3244 36 54 je
1902 3245 198 41 voudrais

475 3407 87 34 Voir
578 3409 52 30 les
644 3408 172 32 numéros
835 3408 61 32 des
923 3407 20 44 i
963 3407 20 44 5
1003 3407 198 44 septembre,
1230 3407 18 44 i
1266 3407 18 44 5
1302 3407 144 44 octobre,
1476 3418 9 22 ler1
1495 3414 24 13 er
1541 3413 33 28 et
1599 3407 21 44 i
1641 3407 21 44 5
1683 3407 191 44 novembre,
