2606 4155
988 418 78 40 LA
1097 418 387 53 CHRONIQUE
1519 423 317 43 MUSICALE

537 432 82 40 272

529 564 107 39 d'un
660 564 66 40 bel
744 572 149 32 accent
912 565 210 54 religieux
1145 574 40 33 et
1203 567 131 41 d'une
1353 568 164 42 facture
1539 573 319 52 remarquable,
1889 572 39 41 la
1963 573 159 53 grande
2154 576 124 37 scène

527 645 120 32 entre
682 637 109 54 Elie,
828 652 79 26 son
941 638 193 56 disciple,
1170 640 166 41 Abdias
1370 652 38 30 et
1451 643 40 40 le
1533 645 171 54 peuple,
1753 653 41 33 et
1842 645 36 40 le
1925 645 156 41 chœur
2132 645 104 40 final
2271 660 7 25 :

531 727 18 20 «
573 709 146 41 Gloire
740 724 57 27 au
820 711 210 54 Seigneur
1050 729 39 24 ».
1117 713 119 41 Dans
1258 716 40 39 la
1321 715 228 42 deuxième
1573 718 135 53 partie
1745 732 9 26 :
1779 718 95 40 l'air
1888 718 239 41 admirable
2144 717 139 41 d'Elie

526 795 52 27 en
589 782 63 55 fa
810 784 170 41 mineur
998 798 11 27 :
1031 786 100 40 «Ah
1147 790 7 36 !
1174 791 90 37 c'en
1288 797 61 31 est
1370 788 92 49 fait,
1480 789 227 55 Seigneur,
1726 791 242 40 retire-moi
1985 791 59 41 du
2062 791 176 40 monde!
2262 806 17 22 »

527 856 79 54 qui
638 865 75 45 est,
753 862 23 36 à
816 872 103 26 mon
961 873 113 40 sens,
1116 860 39 41 la
1196 861 97 54 plus
1317 863 108 40 belle
1458 877 106 40 page
1598 865 51 40 de
1681 865 41 40 la
1753 865 232 54 partition;
2024 865 36 40 le
2100 863 190 42 récitatif

525 929 205 42 d'Abdias
755 944 9 29 :
791 947 17 23 «
830 931 163 54 Voyez,
1017 932 157 51 ildort,
1199 950 23 23 »
1245 935 39 41 le
1318 936 83 40 trio
1429 950 99 27 sans
1561 946 433 46 accompagnement,
2027 938 73 40 des
2133 950 148 40 anges,

526 1004 76 54 qui
625 1018 23 26 a
667 1004 64 40 été
755 1005 127 54 bissé,
905 1005 38 40 le
966 1006 193 41 récitatif
1175 1016 41 33 et
1237 1008 38 41 le
1298 1009 150 40 chœur
1469 1011 71 39 des
1563 1025 129 40 anges
1728 1028 19 21 «
1787 1012 183 40 Sanctus
1973 1044 12 21 ;
2024 1018 193 43 sanctus,
2260 1026 18 20 »

524 1076 94 41 Pair
639 1077 50 40 de
710 1079 125 39 ténor
859 1091 8 28 :
895 1093 20 24 a
939 1092 86 27 une
1046 1081 174 40 auréole
1241 1082 51 40 de
1314 1082 183 41 lumière
1521 1100 36 36 »,
1582 1084 38 40 le
1649 1094 190 44 quatuor
1879 1098 8 27 :
1927 1099 22 24 «
1983 1098 147 38 venez,
2173 1096 110 28 vous

525 1149 76 53 qui
623 1149 218 53 cherchez,
866 1166 22 23 »
912 1160 42 32 et
975 1152 118 40 enfin
1114 1152 40 41 la
1176 1153 133 54 fugue
1335 1153 144 46 finale.

581 1221 81 42 Les
682 1223 112 41 deux
816 1237 291 42 personnages
1126 1226 61 40 les
1209 1226 152 41 mieux
1377 1228 272 40 caractérisés
1665 1229 130 55 parle
1817 1230 214 40 musicien
2054 1237 99 33 sont
2170 1243 108 27 ceux

524 1294 139 42 d'Elie
684 1306 40 30 et
741 1296 52 41 de
816 1297 40 40 la
878 1310 137 28 veuve
1032 1311 10 40 ;
1068 1300 38 39 le
1129 1300 185 52 premier
1337 1308 174 34 surtout
1533 1310 60 33 est
1615 1301 106 42 d'un
1758 1303 138 53 grand
1930 1310 41 33 et
1994 1303 110 42 beau
2128 1317 125 27 carac-

524 1373 104 38 tère.

581 1444 67 40 En
673 1446 184 51 résumé,
882 1446 108 41 Elie
1005 1455 61 32 est
1088 1461 87 26 une
1196 1450 292 53 composition
1510 1450 106 41 d'un
1638 1451 110 54 style
1773 1451 115 40 élevé
1907 1459 41 32 et
1970 1460 205 43 soutenu,
2200 1450 76 55 qui

529 1518 211 41 renferme
761 1519 50 40 de
829 1519 183 54 grandes
1034 1520 176 42 beautés
1232 1531 40 31 et
1295 1523 76 53 qui
1393 1532 61 32 est
1488 1524 182 54 remplie
1704 1525 50 40 de
1787 1524 153 41 détails
1977 1524 295 41 intéressants.

527 1590 113 41 Mais
660 1592 31 39 il
712 1592 90 40 faut
827 1592 99 40 bien
948 1596 274 38 reconnaître
1243 1596 135 52 qu'on
1399 1600 74 51 n'y
1497 1606 201 32 retrouve
1717 1597 46 40 ni
1794 1597 41 40 la
1870 1598 109 39 force
2007 1597 52 40 de
2092 1610 158 40 concep-

527 1664 93 39 tion
638 1663 51 40 de
714 1663 132 50 Bach,
872 1665 45 40 ni
940 1665 40 40 la
1002 1666 214 41 solennité
1236 1668 71 39 des
1324 1668 115 40 idées
1462 1676 39 32 et
1533 1669 38 40 le
1604 1669 152 40 soulfle
1789 1669 189 39 sublime
2014 1668 260 45 d'Haendel.

531 1736 210 41 L'intérêt
760 1750 54 26 ne
835 1736 91 41 suit
955 1751 76 40 pas
1067 1752 87 26 une
1189 1741 274 53 progression
1498 1741 209 54 régulière
1724 1757 11 35 ;
1777 1741 41 40 la
1858 1742 155 54 pensée
2056 1741 109 40 n'est
2203 1755 75 40 pas

524 1808 197 55 toujours
743 1817 116 33 nette
881 1818 41 32 et
944 1811 79 39 elle
1044 1825 41 26 se
1108 1813 103 52 perd
1235 1823 184 31 souvent
1448 1814 108 40 dans
1589 1814 73 40 des
1703 1814 401 41 enchevêtrements
2140 1814 112 40 inter-

521 1882 215 40 minables
758 1882 50 40 de
828 1882 173 56 phrases
1023 1884 239 42 incidentes
1279 1895 40 31 et
1338 1888 106 39 dans
1462 1888 73 40 des
1550 1888 380 55 développements
1953 1887 321 41 surabondants

522 1954 77 54 qui
620 1954 94 41 font
732 1957 183 52 paraître
938 1957 249 40 l'ensemble
1208 1958 51 39 de
1279 1959 195 52 l'œuvre,
1498 1960 119 53 long,
1642 1969 239 32 monotone
1903 1968 40 31 et
1978 1959 160 54 parfois
2172 1959 73 40 lan-

519 2027 209 54 guissant.
755 2028 267 42 L'orchestre
1044 2038 61 32 est
1128 2031 146 50 sourd,
1298 2031 58 41 les
1377 2032 175 41 chœurs
1577 2041 244 47 manquent
1838 2034 50 39 de
1908 2033 227 55 puissance
2152 2040 41 33 et
2215 2032 51 41 de

520 2100 195 50 fermeté;
738 2101 52 41 ils
813 2110 96 33 sont
930 2103 93 40 loin
1044 2103 184 54 d'égaler
1250 2105 59 40 les
1331 2106 173 41 chœurs
1535 2107 261 49 d'Haendel,
1832 2121 66 27 ces
1933 2107 242 41 merveilles
2210 2107 52 40 de

522 2173 164 42 facture
707 2184 39 31 et
767 2175 323 54 d'inspiration.

577 2248 280 41 L'exécution
879 2263 23 26 a
923 2250 64 39 été
1008 2251 322 52 généralement
1350 2253 131 42 molle
1501 2261 41 34 et
1574 2268 23 27 a
1632 2253 124 42 laissé
1790 2255 230 54 beaucoup
2055 2259 23 36 à
2112 2253 161 42 désirer

521 2333 100 28 sous
643 2321 39 39 le
699 2321 159 41 double
881 2331 177 45 rapport
1079 2323 50 40 de
1147 2324 40 40 la
1202 2324 215 54 précision
1448 2335 42 33 et
1523 2327 52 40 de
1608 2326 40 41 la
1679 2326 249 42 délicatesse
1959 2328 72 40 des
2065 2340 206 28 nuances.

522 2393 64 41 M.
614 2393 113 40 Petit
748 2393 97 41 s'est
867 2396 171 39 montré
1059 2399 83 37 très
1164 2397 145 52 inégal
1337 2399 108 40 dans
1461 2400 39 39 le
1521 2413 266 40 personnage
1802 2400 156 51 d'Elie,
1987 2399 63 43 M,
2069 2399 200 54 Bosquin

519 2474 41 32 et
587 2467 198 40 madame
810 2467 361 42 Fursch-Madier
1192 2479 79 31 ont
1293 2470 99 42 bien
1414 2472 138 41 rendu
1573 2473 59 40 les
1655 2472 156 55 parties
1830 2473 208 41 d'Abdias
2071 2481 40 33 et
2144 2474 51 39 de
2229 2474 41 38 la

522 2552 136 28 veuve
677 2539 49 41 de
750 2539 190 55 Sarepta.

1682 2619 69 41 H.
1780 2619 263 43 Marcello..

577 2834 218 43 CONCERT
822 2836 247 43 NATIONAL.
1176 2837 191 43 Théâtre
1385 2839 59 41 du
1470 2839 207 42 Chdtelet
1683 2873 8 9 .
1720 2841 115 41 «Du
1864 2841 109 40 haut
2001 2841 59 40 du
2095 2840 97 53 ciel,
2229 2848 42 32 ta

517 2909 203 41 demeure
737 2909 208 54 dernière,
965 2919 112 33 es-tu
1094 2919 192 45 content,
1303 2926 105 27 mon
1426 2914 271 40 Beethoven?
1714 2931 17 20 »
1763 2915 60 40 Le
1839 2914 243 55 quatrième
2097 2923 172 32 concert

516 2997 24 26 a
554 2982 108 41 duré
684 2997 57 26 un
764 2996 84 41 peu
866 2982 144 42 moins
1034 2984 51 41 de
1106 2985 112 40 deux
1241 2986 174 48 heures;
1436 2994 55 40 et,
1527 2992 24 35 à
1584 2996 95 46 part
1712 2987 73 41 dix
1822 2987 193 42 minutes
2047 2987 223 41 accordées

518 3061 23 36 à
579 3057 63 39 M.
671 3055 217 55 Guiraud,
919 3057 72 41 dix
1023 3061 23 37 à
1076 3058 265 55 Meyerbeer,
1373 3069 40 31 et
1439 3061 106 40 trois
1577 3074 57 27 ou
1665 3069 153 46 quatre
1856 3067 23 35 à
1918 3061 214 55 Haendel,
2170 3061 101 41 c'est

517 3130 248 40 Beethoven
786 3130 77 54 qui
885 3144 23 26 a
936 3130 76 41 fait
1034 3140 99 32 tous
1154 3132 59 41 les
1235 3132 100 41 frais
1363 3133 52 40 de
1449 3135 41 39 la
1524 3135 166 40 séance.
1728 3134 163 53 Certes,
1929 3135 42 40 la
2006 3135 265 54 symphonie

515 3203 214 55 pastorale
748 3213 61 31 est
832 3218 85 27 une
952 3218 150 28 œuvre
1130 3206 255 43 admirable.
1422 3207 163 50 Certes,
1630 3208 68 42 M.
1740 3208 193 42 Sarasate
1967 3222 23 27 a
2031 3222 62 26 un
2137 3208 136 40 talent

517 3278 100 40 hors
655 3278 118 54 ligne
817 3286 41 33 et
898 3292 86 27 une
1031 3281 253 53 réputation
1330 3283 289 53 européenne.
1675 3282 114 41 Mais
1840 3297 54 26 ne
1956 3283 182 41 serait-il
2198 3296 74 41 pas

517 3351 158 54 permis
696 3351 52 40 de
769 3359 176 33 trouver
968 3366 60 26 un
1049 3366 81 42 peu
1157 3354 101 40 bien
1279 3355 106 54 long
1401 3356 37 40 le
1458 3364 202 32 concerto
1681 3369 108 41 pour
1820 3356 145 43 violon
1999 3357 51 41 de
2086 3356 159 41 Beetho-

515 3436 83 29 ven
620 3425 108 54 qu'il
749 3439 24 28 a
793 3427 199 40 exécuté?
1016 3426 56 41 Et
1105 3427 35 40 si
1176 3442 62 27 un
1271 3429 296 54 compositeur
1601 3429 169 54 vivant,
1803 3429 128 54 jeune
1964 3445 57 27 ou
2056 3430 105 41 d'un
2193 3433 76 50 âge
