2606 4155
647 494 105 41 LES
782 494 428 43 CANTATRICES
1241 495 451 50 DRAMATIQUES

1942 493 80 55 267

302 637 50 41 de
375 651 77 27 son
473 639 148 50 talent,
647 653 56 27 au
726 639 140 54 plutôt
885 640 50 39 de
955 653 43 26 sa
1018 640 185 40 volonté.
1229 640 92 40 Elle
1342 640 202 42 affirmait
1574 653 84 41 que
1690 653 45 26 ce
1775 639 145 41 n'était
1953 652 74 41 pas

306 710 195 51 toujours
521 710 57 40 les
599 711 274 53 dispositions
894 712 50 39 de
963 725 76 27 son
1061 712 145 54 esprit,
1231 713 106 39 mais
1358 720 205 32 certaines
1597 726 143 26 causes
1778 712 247 55 physiques,

306 783 76 53 qui
405 783 39 40 la
464 783 224 40 rendaient
708 784 51 39 de
781 792 136 46 temps
940 798 51 26 en
1014 793 137 46 temps
1171 785 225 54 incapable
1418 791 51 34 de
1488 786 189 42 chanter.
1703 785 201 54 Brydone
1926 786 103 41 était

303 858 84 37 très
409 856 120 52 porté
550 860 22 35 à
595 856 220 51 admettre,
836 856 106 40 dans
964 869 84 27 une
1070 857 185 41 certaine
1274 870 188 40 mesure,
1483 865 107 33 cette
1611 871 168 35 excuse;
1802 870 69 26 car
1903 857 29 40 il
1963 858 64 40 lui

304 928 160 41 semble
486 942 83 39 que
591 936 107 33 cette
719 928 223 43 flexibilité
961 929 272 54 prodigieuse
1262 930 49 40 de
1342 930 40 40 la
1415 930 98 40 voix
1545 930 51 39 de
1624 929 40 40 la
1700 929 219 48 Gabrielli,
1952 930 76 53 qui

305 1008 200 47 parcourt
527 1000 34 40 si
584 1001 271 54 rapidement
876 1009 40 33 et
936 1015 100 27 avec
1058 1009 94 33 tant
1171 1002 50 40 de
1245 1003 156 39 netteté
1421 1002 58 40 les
1500 1011 97 32 tons
1619 1002 58 40 les
1698 1002 96 54 plus
1818 1001 138 41 variés
1990 1009 40 34 et

309 1073 175 53 produit
507 1086 181 41 presque
705 1073 106 41 dans
834 1087 59 27 un
913 1074 164 40 instant
1098 1088 61 26 un
1192 1074 33 40 si
1259 1075 134 52 grand
1427 1075 180 40 nombre
1637 1075 51 39 de
1721 1073 307 53 modulations,

310 1145 169 54 dépend
500 1150 23 35 à
536 1159 112 40 coup
667 1149 71 37 sûr
760 1146 132 40 d'une
907 1146 257 53 disposition
1187 1146 70 40 des
1271 1146 143 54 fibres,
1438 1150 80 37 très
1541 1147 170 54 sujettes
1732 1151 23 36 à
1786 1147 71 40 des
1885 1147 119 40 varia-

311 1217 130 41 tions.
463 1218 202 53 Brydone
685 1226 118 32 entre
824 1218 212 40 là-dessus
1057 1218 106 40 dans
1187 1219 206 54 quelques
1414 1219 147 41 détails
1582 1220 371 52 semi-médicaux,
1991 1230 39 30 et

310 1290 107 41 croit
440 1303 83 40 que
545 1290 106 40 dans
672 1290 36 40 le
725 1290 145 41 climat
891 1290 214 41 nébuleux
1125 1290 50 40 de
1196 1291 292 53 l'Angleterre,
1522 1293 58 39 les
1613 1291 122 41 fibres
1768 1292 183 41 seraient
1979 1305 51 27 en

311 1362 159 53 danger
497 1362 50 40 de
579 1363 145 53 perdre
765 1371 107 31 cette
902 1362 244 54 incroyable
1180 1362 257 51 sensibilité;
1475 1364 106 40 mais
1615 1364 30 40 il
1678 1363 140 54 ajoute
1849 1378 84 39 que
1965 1378 65 26 ces

311 1434 237 39 influences
569 1434 289 40 accidentelles
883 1448 52 26 ne
954 1442 186 46 peuvent
1161 1434 121 40 avoir
1314 1435 87 39 lieu
1436 1448 83 39 que
1549 1449 73 26 sur
1655 1449 84 26 une
1778 1435 100 40 voix
1916 1437 113 39 aussi

315 1505 456 54 exceptionnellement
792 1506 167 40 flexible
981 1519 83 40 que
1084 1506 100 40 celle
1202 1505 50 40 de
1270 1506 38 40 la
1331 1505 221 42 Gabrielli.

1368 1628 183 41 PAUL
1602 1628 346 43 FOUCHER.

399 1711 58 38 (La
478 1709 49 33 fin
549 1721 45 22 au
616 1710 176 45 prochain
818 1710 178 41 numéro,)
