2606 4155
735 440 208 43 REVUE
976 442 110 41 DES
1115 429 329 54 THÉÂTRES
1477 439 304 51 LYRIQUES

2035 449 83 43 277

458 588 165 54 Malgré
644 602 76 26 son
739 589 145 39 succès
904 591 84 39 très
1007 587 99 53 réel,
1129 590 82 38 très
1232 587 309 52 considérable,
1562 588 82 39 très
1679 586 190 54 légitime
1903 599 56 27 au
1997 585 124 55 point

404 662 50 40 de
477 675 83 26 vue
581 661 197 50 musical,
801 661 146 54 Sapho
970 675 52 26 ne
1046 661 137 40 faisait
1204 673 73 41 pas
1306 667 165 35 recette.
1509 659 93 40 Elle
1635 659 194 53 disparut
1857 659 50 39 de
1941 658 181 40 l'affiche

402 735 120 53 après
544 734 40 40 la
610 734 203 53 septième
845 747 57 27 ou
936 734 40 39 la
1011 733 212 40 huitième
1253 732 352 54 représentation.
1638 731 188 41 Gounod
1864 731 145 54 payait
2044 744 77 27 son

401 805 140 41 tribut
562 819 85 27 aux
667 805 272 41 détracteurs.

454 879 40 38 A
513 877 151 53 Sapho
686 877 275 41 succédèrent
980 876 58 42 les
1060 877 233 40 ravissants
1315 876 173 40 chœurs
1510 875 37 40 d'
1559 875 162 54 Ulysse
1742 874 76 54 qui
1839 875 158 51 furent,
2023 879 23 36 à
2075 888 46 27 ce

402 963 84 41 que
507 950 227 40 m'affirma
757 948 62 43 M.
844 952 199 50 Ampère,
1067 949 38 40 la
1121 948 123 41 ruine
1265 948 59 41 du
1345 947 434 58 Théâtre-Français.

455 1023 152 49 Quant
630 1027 23 36 à
672 1023 41 40 la
730 1025 154 38 Nonne
902 1022 235 55 sanglante
1143 1054 10 20 ,
1172 1033 187 42 ouvrage
1380 1022 181 53 superbe
1580 1020 287 41 diversement
1888 1019 125 41 traité
2045 1032 74 40 par

400 1094 59 42 les
483 1094 81 41 fins
581 1094 299 42 connaisseurs

646 1204 77 47 Qui
743 1215 41 26 se
804 1211 177 33 creusent
999 1215 48 26 un
1068 1210 112 31 antre
1199 1214 50 27 au
1271 1202 66 39 bas
1357 1201 66 38 des
1442 1200 150 55 grands
1599 1200 210 51 journaux
1815 1228 10 19 5

402 1312 82 40 elle
505 1312 148 42 tomba
672 1312 231 42 fièrement.

458 1386 221 53 Jusque-là
700 1386 38 40 le
759 1385 210 40 musicien
992 1385 102 40 était
1113 1398 61 27 un
1193 1385 193 51 glorieux
1420 1383 172 40 vaincu.
1628 1382 112 40 Mais
1772 1394 57 27 on
1862 1393 41 27 se
1935 1381 107 39 lasse
2074 1380 51 38 de

404 1466 112 46 tout,
542 1460 138 38 même
701 1458 72 40 des
795 1457 152 40 chutes
969 1456 273 40 imméritées.
1266 1456 62 39 M.
1354 1454 187 40 Gounod
1562 1461 96 32 crut
1688 1453 181 53 pouvoir
1900 1451 226 40 descendre

404 1544 62 28 un
487 1543 84 42 peu
592 1536 40 34 et
654 1543 99 26 sans
774 1530 157 51 danger
952 1529 70 39 des
1042 1528 205 40 hauteurs
1268 1531 57 36 où
1350 1526 40 40 la
1423 1534 152 32 nature
1608 1531 40 34 et
1678 1524 37 40 le
1743 1522 155 42 travail
1923 1522 201 41 l'avaient

407 1603 131 54 placé.
567 1602 35 41 Il
623 1602 150 41 écrivit
793 1602 38 40 le
849 1601 207 41 Médecin
1077 1600 173 54 malgré
1272 1599 63 40 lui
1340 1632 8 7 .
1384 1599 73 40 Un
1492 1597 292 50 demi-succès,
1820 1609 56 26 ou
1910 1596 213 53 peut-être

406 1690 59 27 un
487 1677 101 39 tiers
610 1677 50 38 de
693 1677 143 38 succès
858 1675 37 40 le
916 1674 304 52 dédommagea
1241 1672 50 40 de
1312 1685 76 27 son
1411 1670 207 41 infidélité
1639 1674 23 35 à
1684 1669 40 40 la
1757 1669 124 40 Muse
1914 1669 139 39 sévère
2087 1675 40 33 et

407 1748 200 44 sublime.
628 1747 176 40 Bientôt
821 1746 30 40 il
866 1755 201 32 retourna
1088 1750 22 36 à
1125 1745 187 54 l'Opéra,
1329 1743 97 55 puis
1446 1743 30 40 il
1496 1743 141 40 revint
1652 1755 54 27 au
1723 1740 404 54 Théâtre-Lyrique

402 1826 58 37 où
482 1822 143 39 Faust
644 1820 63 40 lui
729 1818 120 41 valut
882 1818 115 40 enfin
1032 1832 60 26 un
1129 1817 213 54 triomphe
1375 1814 228 55 productif.
1641 1813 212 41 Nouvelle
1888 1813 163 50 Danaé_,
2086 1812 41 41 la

404 1893 213 42 direction
638 1893 50 39 de
709 1905 46 27 ce
785 1891 162 40 théâtre
978 1889 138 41 tendit
1145 1903 43 26 sa
1217 1888 97 54 jupe
1348 1901 54 27 au
1435 1887 100 41 dieu
1570 1887 77 53 qui
1681 1886 41 40 la
1752 1885 160 41 visitait
1942 1898 100 26 sous
2083 1884 40 40 la

404 1967 135 40 forme
557 1965 153 51 chérie,
736 1971 40 34 et
797 1963 78 40 elle
894 1963 63 40 vit
974 1963 166 39 tomber
1159 1962 101 40 chez
1274 1961 76 40 elle
1369 1961 78 40 l'or
1467 1959 76 54 qui
1575 1959 158 40 semble
1762 1959 86 39 être
1878 1957 166 40 devenu
2078 1955 41 40 la

404 2039 116 40 seule
541 2037 79 42 clef
637 2038 50 40 de
705 2039 129 38 voûte
854 2037 51 39 de
931 2035 180 41 l'édifice
1143 2035 131 41 social
1302 2034 214 40 moderne.
1554 2032 62 41 La
1649 2030 143 41 seule?
1827 2030 121 51 Non;
1983 2029 37 54 je
2054 2041 67 28 me

404 2120 164 46 trompe
589 2122 9 31 :
625 2110 31 40 il
676 2124 28 40 y
726 2124 21 26 a
767 2109 192 53 l'argent.

459 2201 18 22 «
503 2186 38 38 A
564 2183 134 55 partir
718 2182 50 40 de
788 2182 41 40 la
850 2182 152 41 Nonne
1018 2181 235 53 sanglante
1259 2211 9 19 ,
1289 2178 67 41 M.
1385 2178 182 42 Gounod
1593 2176 253 41 abandonne
1877 2174 57 41 les
1967 2175 157 52 grands

404 2257 116 41 effets
543 2255 221 53 scéniques
785 2267 109 41 pour
915 2260 143 33 entrer
1079 2251 265 42 résolument
1364 2251 104 39 dans
1486 2250 39 40 la
1545 2249 94 41 voie
1661 2248 383 51 anti-dramatique
2065 2251 58 36 où

399 2330 88 41 l'on
508 2328 164 41 sacrifie
705 2328 40 39 la
777 2325 171 53 majesté
978 2326 49 38 de
1060 2325 95 39 Part
1187 2338 85 26 aux
1307 2323 414 53 applaudissements
1754 2320 76 54 qui
1863 2319 190 40 naissent
2085 2326 40 33 et

399 2409 199 34 meurent
619 2401 105 40 dans
741 2399 59 40 les
816 2397 205 42 réunions
1039 2397 267 40 mondaines.
1328 2396 161 54 Choyé,
1513 2394 126 40 adulé
1660 2406 75 41 par
1759 2393 58 40 les
1847 2392 128 49 siens,
2011 2390 111 54 grisé

400 2474 180 54 d'éloges
599 2487 75 40 par
697 2473 39 39 la
750 2484 151 42 presse
923 2478 39 34 et
982 2483 74 40 par
1072 2470 36 39 le
1130 2468 162 55 public,
1315 2467 197 40 l'illustre
1533 2473 155 33 auteur
1721 2465 50 40 de
1803 2465 145 52 Sapho
1983 2463 140 54 quitte

402 2562 44 25 sa
466 2547 91 52 lyre
578 2559 110 40 pour
708 2556 85 28 une
814 2543 185 53 guitare.
1028 2541 36 40 Il
1084 2540 207 40 confinait
1314 2545 22 35 à
1359 2538 156 49 Gluck,
1538 2542 24 35 à
1585 2538 180 50 Mozart,
1800 2540 23 37 à
1851 2536 272 53 Meyerbeer;

403 2619 31 40 il
466 2618 202 52 s'éloigne
701 2616 49 39 de
784 2629 64 26 ces
885 2613 310 54 compositeurs
1228 2611 236 40 immortels
1492 2623 109 41 pour
1634 2610 137 53 frayer
1804 2621 99 27 avec
1937 2607 40 40 la
2009 2607 118 39 foule

407 2690 186 43 bariolée
625 2688 70 40 des
729 2688 157 49 salons,
912 2686 34 40 si
977 2698 255 28 amoureuse
1252 2684 72 39 des
1357 2682 200 41 mélodies
1590 2681 244 53 mesquines
1863 2688 40 31 et
1938 2677 186 42 banales.

407 2764 116 40 Dans
544 2760 166 55 l'espoir
732 2760 49 39 de
800 2759 161 40 réussir
981 2758 96 55 plus
1100 2759 231 44 sûrement,
1370 2755 31 41 il
1432 2768 131 40 rogne
1596 2767 61 26 ses
1690 2752 113 40 ailes.
1841 2751 59 40 Ce
1939 2749 186 41 sacrifice

405 2834 195 43 suffit-ilï
623 2834 122 39 Non!
770 2831 98 41 elles
891 2839 75 32 ont
987 2843 147 28 encore
1156 2837 95 46 trop
1272 2828 272 52 d'envergure
1575 2839 110 41 pour
1715 2838 41 27 se
1790 2822 201 42 mouvoir
2024 2835 101 26 sous

402 2910 57 40 les
496 2906 195 56 plafonds
726 2905 122 40 dorés
880 2909 55 35 où
971 2916 41 27 se
1039 2902 176 53 glissent
1248 2902 71 38 des
1353 2900 140 40 succès
1532 2897 181 54 fragiles.
1747 2896 167 51 Allons,
1954 2896 169 51 maître,

401 2980 217 56 coupe-les
639 2978 297 50 entièrement,
957 2989 64 26 ces
1036 2975 100 40 ailes
1150 2974 76 53 qui
1247 2973 312 53 t'emportaient
1575 2984 91 26 vers
1682 2970 58 40 les
1757 2968 168 53 régions
1941 2967 179 48 sacrées;

402 3068 52 27 ne
475 3053 125 54 plane
620 3052 97 53 plus
738 3050 106 40 dans
865 3048 58 40 les
941 3061 166 40 espaces
1128 3043 436 43 incommensurables
1586 3046 56 36 où
1665 3049 49 33 tu
1733 3039 256 54 rayonnais;
2018 3038 34 40 si
2074 3046 48 32 tu

400 3128 111 40 tiens
534 3140 84 26 aux
640 3126 150 39 bravos
812 3124 49 39 de
882 3133 66 28 ces
969 3128 214 33 amateurs
1206 3118 133 41 riches
1360 3126 39 32 et
1423 3117 135 40 blasés
1580 3123 41 34 et
1641 3121 23 34 à
1683 3115 200 39 l'aisance
1917 3125 84 40 que
2031 3111 93 41 leur

402 3198 321 41 enthousiasme
757 3192 240 56 superficiel
1025 3204 196 42 procure,
1254 3187 334 42 humanise-toi.
1632 3186 103 53 Déjà
1773 3185 40 40 la
1865 3184 169 40 fortune
2084 3191 41 33 te

406 3272 175 54 prépare
603 3269 70 39 des
692 3268 160 51 lingots
870 3266 108 46 d'or;
1005 3264 105 40 écris
1131 3262 229 41 Philémon
1391 3267 42 33 et
1465 3259 167 40 Baucis
1638 3290 9 21 ,
1684 3257 105 40 écris
1820 3257 39 40 la
1896 3256 227 50 Colombe;

405 3342 94 41 oui!
527 3354 168 41 pourvu
718 3352 83 41 que
822 3348 48 31 tu
888 3337 221 40 descendes
1132 3336 106 39 dans
1271 3335 152 40 l'arène
1456 3332 117 40 armé
1606 3329 322 55 d'inspirations
1964 3327 159 54 faciles,

407 3414 186 50 frivoles,
616 3410 249 54 précieuses,
891 3408 223 53 élégantes,
1150 3405 205 54 l'aveugle
1387 3404 139 40 déesse
1558 3415 51 27 va
1642 3400 181 41 t'ouvrir
1853 3414 61 26 ses
1956 3399 166 41 coffrets
