2606 4155
695 435 106 41 LES
831 435 298 43 TRAVAUX
1163 436 82 41 DU
1282 436 256 41 NOUVEL
1568 423 206 54 OPÉRA

2018 431 81 41 253

376 589 207 38 caractère
600 593 61 34 est
681 587 172 53 pointu,
878 600 82 41 que
983 600 77 27 son
1082 587 113 40 front
1221 595 61 32 est
1302 600 95 27 sans
1416 599 109 27 cesse
1545 585 230 52 contracté,
1799 598 84 40 que
1915 597 77 26 son
2029 582 74 41 œil

383 667 61 33 est
479 660 210 53 hagard...
729 659 115 41 C'est
876 661 211 52 peut-être
1122 659 105 52 vrai,
1266 659 107 40 mais
1414 659 31 40 il
1481 658 90 41 faut
1616 658 119 40 avoir
1773 671 60 26 un
1872 657 132 52 front,
2043 670 60 26 un

377 734 222 49 caractère,
621 745 60 26 un
703 731 73 40 œil
797 738 40 33 et
858 745 85 26 une
963 731 164 39 vitalité
1145 730 224 40 farouches
1389 743 85 40 que
1506 730 57 39 les
1597 729 195 41 coiffeurs
1815 742 52 27 ne
1902 736 204 33 trouvent

378 802 123 54 point
522 810 40 32 et
583 816 85 40 que
688 802 39 40 la
750 811 151 32 nature
919 802 113 41 seule
1052 802 157 40 donne.

432 875 48 40 Je
501 875 66 40 fus
590 889 61 26 un
675 888 82 42 peu
780 875 192 40 honteux
993 875 51 40 de
1065 887 148 42 penser
1235 887 84 40 que
1341 887 102 27 mon
1463 874 179 52 Anglais
1663 873 113 41 avait
1797 872 80 41 mis
1896 873 103 41 d'un
2016 874 90 40 seul

379 961 111 41 coup
512 950 38 37 le
574 961 102 27 nom
700 962 74 26 sur
793 947 41 41 la
855 947 135 54 figure
1022 955 41 33 et
1094 947 183 40 déniché
1308 947 39 40 le
1383 960 145 40 rayon
1535 980 9 21 ,
1587 960 108 41 pour
1736 945 213 55 exprimer
1981 945 53 40 ici
2065 947 38 38 le

383 1030 92 33 mot
491 1035 84 42 que
597 1021 37 55 je
654 1021 233 59 prononçai
909 1020 319 42 mentalement.

434 1097 39 37 A
495 1095 137 54 partir
648 1095 51 40 de
719 1108 44 27 ce
783 1102 207 45 moment,
1013 1094 99 41 cher
1133 1094 176 53 lecteur,
1330 1094 70 54 j'ai
1422 1093 148 42 oublié
1602 1093 129 41 d'une
1764 1094 192 41 manière
1982 1094 99 39 abso-

383 1168 71 40 lue
477 1175 140 33 toutes
651 1168 57 40 les
742 1181 203 39 mesures,
980 1175 96 33 tous
1110 1167 59 41 les
1201 1166 170 52 détails,
1404 1175 96 32 tous
1522 1167 57 39 les
1602 1166 108 49 faits,
1732 1175 97 32 tous
1846 1166 58 40 les
1921 1166 185 51 chiffres,

385 1254 78 27 nos
486 1241 156 54 pierres
664 1249 41 32 et
728 1254 76 27 nos
825 1240 192 51 lambris,
1044 1253 87 26 mes
1152 1239 215 41 additions
1390 1248 40 32 et
1450 1253 89 26 mes
1561 1239 235 54 précisions
1815 1252 9 40 ;
1848 1238 37 55 je
1906 1238 84 41 n'ai
2013 1238 95 53 plus

383 1325 59 27 vu
465 1326 85 40 que
571 1313 203 52 l'étrange
796 1312 184 40 fébrilité
1000 1312 72 39 des
1093 1312 178 50 artistes,
1311 1311 76 52 qui
1425 1319 61 33 est
1517 1314 24 36 à
1575 1310 119 40 Paris
1721 1310 237 40 seulement
1976 1317 39 32 et
2033 1308 76 54 qui

388 1384 78 40 fait
488 1384 138 51 Paris,
647 1397 85 40 que
752 1391 63 32 cet
833 1383 179 54 Anglais
1033 1383 103 40 était
1155 1396 115 26 venu
1288 1383 109 51 voir,
1420 1382 108 53 qu'il
1557 1382 218 40 réclamait
1795 1390 41 32 et
1857 1381 109 53 qu'il
1986 1381 97 39 devi-

385 1456 92 41 nait
597 1456 129 40 chose
759 1455 167 54 unique
957 1463 40 32 et
1029 1455 311 52 merveilleuse,
1362 1467 85 40 que
1465 1467 108 26 nous
1595 1453 265 54 coudoyons,
1884 1465 85 40 que
1999 1465 111 27 nous

380 1543 54 27 ne
456 1529 229 54 regardons
707 1542 88 40 pas,
820 1536 40 33 et
880 1529 74 52 qui
977 1541 110 27 nous
1109 1527 123 41 ferait
1252 1526 168 41 mourir
1440 1526 34 40 si
1496 1525 77 41 elle
1595 1538 110 27 nous
1721 1524 244 54 manquait,
1987 1536 122 41 parce

381 1602 155 54 qu'elle
556 1610 61 34 est
637 1609 123 33 notre
780 1601 64 40 air
865 1600 245 55 respirable.

442 1690 23 24 «
482 1674 144 42 Venez
647 1687 150 27 encore
812 1677 7 37 !
842 1688 22 24 »
887 1672 63 41 lui
972 1672 138 54 dis-je.

439 1745 48 42 Je
505 1747 201 40 traversai
734 1747 57 39 les
814 1745 269 48 boulevards,
1119 1745 39 40 la
1192 1758 75 27 rue
1302 1744 177 54 Royale,
1515 1742 39 41 la
1590 1743 120 54 place
1730 1741 52 42 de
1803 1744 40 39 la
1863 1740 237 52 Concorde,

383 1827 99 45 etc.,
504 1828 97 45 etc.,
625 1827 41 33 et
686 1832 109 26 nous
824 1820 211 38 entrâmes
1058 1831 74 40 par
1155 1831 84 26 une
1258 1816 129 54 petite
1406 1824 119 46 porte
1547 1818 52 50 (la
1622 1823 121 46 porte
1776 1822 51 33 n°
1854 1815 41 55 7)
1919 1816 104 39 dans
2044 1829 59 26 un

380 1893 99 40 coin
502 1893 133 54 perdu
657 1891 58 41 du
740 1891 139 41 Palais
900 1893 51 38 de
972 1890 263 43 l'Industrie.
1265 1891 35 39 Il
1320 1904 28 39 y
1365 1890 114 40 avait
1498 1890 39 39 là
1559 1890 71 40 des
1657 1890 193 39 hommes
1883 1889 199 41 barbouil-

378 1963 59 42 lés
471 1973 41 32 et
548 1963 305 52 barbouillant,
889 1963 258 40 c'est-à-dire
1183 1963 71 39 des
1286 1975 102 40 gens
1423 1961 78 54 qui
1535 1961 282 52 exécutaient,
1849 1964 23 37 à
1905 1960 127 40 l'aide
2053 1959 51 40 de

379 2036 336 52 brosses-balais,
738 2036 71 40 des
831 2034 217 54 peintures
1068 2034 317 54 gigantesques.

434 2109 72 40 On
520 2109 145 54 voyait
685 2121 74 41 par
780 2115 122 44 terre,
930 2107 105 39 dans
1055 2106 39 40 la
1114 2105 157 53 grande
1289 2105 101 40 salle
1411 2128 49 7 —
1480 2112 94 46 trop
1595 2104 151 41 étroite
1775 2128 52 5 —
1859 2102 76 55 qui
1975 2104 132 39 forme

378 2181 158 53 l'angle
557 2180 81 40 sud
661 2180 59 39 du
745 2179 155 48 Palais,
924 2180 71 38 des
1014 2179 157 48 arbres,
1195 2178 71 40 des
1298 2177 203 53 maisons,
1522 2177 71 40 des
1622 2177 238 49 bannières,
1895 2182 95 46 etc.,
2023 2184 80 31 etc.

437 2254 80 39 Les
538 2266 82 26 uns
642 2251 189 50 fixaient,
856 2264 72 27 sur
950 2264 85 27 une
1055 2251 243 53 découpure
1317 2250 302 53 cyclopéenne,
1644 2262 85 26 une
1749 2248 246 54 découpure
2024 2246 56 40 mi-

378 2325 294 53 croscopique,
696 2328 23 35 à
740 2323 123 41 l'aide
900 2323 103 40 d'un
1026 2321 88 42 filet
1136 2324 129 40 carré.
1295 2323 56 39 Ils
1371 2322 169 39 avaient
1564 2321 94 40 l'air
1677 2321 51 40 de
1750 2321 157 53 grands
1940 2319 167 41 enfants

377 2399 75 52 qui
476 2397 92 40 font
588 2396 69 40 des
675 2396 228 54 patiences.
935 2395 195 41 D'autres
1153 2394 276 52 dessinaient,
1465 2394 105 40 dans
1590 2393 58 40 les
1669 2406 188 27 nuances
1878 2391 229 41 indéfinies

378 2471 50 38 de
463 2469 40 40 la
537 2469 135 54 sépia,
717 2482 84 26 une
840 2468 103 41 forêt
985 2468 142 53 vierge
1163 2475 119 32 toute
1317 2466 180 40 hérissée
1529 2466 50 39 de
1609 2466 208 52 végétaux
1853 2465 169 53 souples
2068 2471 40 33 et

378 2543 193 53 pointus.
597 2540 198 41 D'autres
825 2540 182 41 erraient
1040 2553 55 26 au
1129 2549 176 42 travers,
1338 2552 51 26 en
1417 2537 207 41 sifflotant
1645 2549 166 28 comme
1832 2537 37 40 le
1891 2535 212 52 bourdon,

380 2628 72 26 sur
473 2615 58 40 les
553 2613 146 42 fleurs,

435 2686 108 40 Mon
561 2685 180 54 Anglais
773 2685 86 54 prit
894 2683 100 42 l'air
1024 2685 50 39 de
1112 2697 62 26 ses
1205 2682 312 55 compatriotes,
1544 2695 170 26 mesura
1736 2681 39 40 la
1796 2681 216 52 longueur
2034 2679 72 40 des

381 2758 165 41 feuilles
567 2758 232 54 découpées
820 2757 106 40 dans
959 2757 37 39 le
1034 2757 106 48 bois,
1177 2756 31 40 il
1242 2765 173 45 compta
1448 2756 58 39 les
1537 2768 72 40 pas
1632 2754 107 53 qu'il
1759 2753 63 40 lui
1844 2752 132 40 fallait
2003 2752 103 40 faire

380 2846 111 42 pour
512 2845 189 27 mesurer
724 2845 58 26 un
806 2831 125 40 décor
952 2829 102 54 posé
1072 2834 23 35 à
1119 2829 102 54 plat,
1239 2838 54 43 et,
1317 2841 111 41 pour
1451 2836 96 31 tout
1568 2827 104 52 dire,
1693 2827 27 39 il
1745 2838 68 28 me
1833 2832 130 48 parut
1982 2838 97 40 pren-

379 2904 73 43 dre
473 2906 39 40 la
533 2917 168 29 mesure
723 2904 50 40 de
795 2917 77 26 son
894 2916 152 41 propre
1067 2902 153 53 ennui,
1243 2914 99 27 avec
1375 2901 40 39 la
1451 2900 250 40 conscience
1731 2912 82 41 que
1841 2899 57 39 les
1929 2897 177 53 Anglais

379 2984 225 48 apportent
624 2977 104 40 dans
746 2984 65 32 cet
837 2976 203 39 exercice.
1082 2975 64 39 De
1179 2973 153 56 proche
1363 2987 53 26 en
1450 2972 169 54 proche,
1651 2985 108 27 nous
1792 2972 231 38 arrivâmes
2046 2983 54 26 au

376 3052 97 54 pied
494 3051 106 40 d'un
622 3050 135 53 grand
777 3050 171 42 arbre...
973 3048 48 40 Je
1041 3061 67 27 me
1127 3055 182 45 trompe,
1346 3046 98 40 c'est
1479 3046 37 39 le
1547 3045 133 53 grand
1717 3045 125 39 arbre
1864 3042 75 53 qui
1961 3041 102 42 était
2083 3045 24 36 à

379 3137 78 27 nos
479 3121 137 57 pieds.

435 3196 37 39 Il
504 3194 221 40 s'étendait
761 3208 72 26 sur
867 3194 38 39 le
940 3200 195 47 parquet,
1171 3204 101 27 avec
1303 3203 63 27 ses
1396 3189 204 41 branches
1634 3187 213 52 feuillues,
1879 3199 77 27 son
1985 3193 124 33 tronc

377 3267 228 54 énergique
621 3275 40 32 et
681 3265 146 56 frappé
846 3266 281 40 violemment
1150 3264 104 39 d'un
1273 3263 98 39 trait
1392 3263 51 39 de
1463 3261 181 40 lumière
1661 3275 9 34 ;
1698 3259 229 52 d'ailleurs,
1957 3258 30 39 il
2008 3257 102 42 était

378 3339 186 54 original
595 3351 122 40 parce
749 3338 104 53 qu'il
887 3337 117 41 avait
1034 3350 78 26 son
1150 3335 269 54 atmosphère
1451 3346 167 42 propre,
1648 3330 261 42 c'est-à-dire
1931 3343 59 28 un
2021 3332 67 38 cré-

379 3412 177 55 puscule
578 3409 152 53 fugitif
751 3419 41 31 et
822 3410 115 44 plein
958 3410 50 39 de
1029 3407 154 55 poésie,
1206 3406 77 55 qui
1303 3406 197 41 circulait
1520 3406 51 40 de
1589 3417 202 30 rameaux
1812 3416 52 29 en
1888 3416 219 40 rameaux,
