2606 4155
965 461 78 40 LA
1073 457 387 50 CHRONIQUE
1492 456 318 43 MUSICALE

521 477 85 41 244

576 609 119 41 Dans
718 609 36 40 le
774 616 185 33 courant
979 607 60 41 du
1059 606 200 41 seizième
1280 605 137 52 siècle,
1444 618 57 27 on
1522 602 208 56 simplifia
1751 603 40 40 la
1811 601 200 42 notation
2032 616 9 36 ;
2075 600 110 41 mais
2218 615 45 26 ce

516 683 108 40 n'est
645 696 84 41 que
749 695 95 27 vers
865 682 39 40 la
925 680 62 41 fin
1005 681 51 40 de
1077 694 44 27 ce
1143 680 140 40 même
1305 678 123 41 siècle
1451 678 134 55 qu'on
1606 677 41 41 la
1668 677 246 40 débarrassa
1936 675 51 40 de
2008 687 66 28 ces
2097 673 140 42 combi-

515 756 176 42 naisons
719 755 204 42 ridicules
955 768 83 41 que
1066 754 58 41 les
1161 752 315 56 compositeurs
1502 765 28 42 y
1550 751 174 41 avaient
1753 749 265 43 introduites
2052 761 169 28 comme
2244 752 21 35 à

516 830 166 55 plaisir.

571 1158 124 41 Nous
716 1157 199 41 arrivons
936 1162 22 35 à
981 1157 39 40 la
1044 1156 308 55 reproduction
1373 1156 51 40 de
1446 1155 40 41 la
1508 1154 202 54 musique
1728 1165 76 42 par
1823 1151 308 55 l'impression,
2155 1149 90 42 véri-

514 1232 116 40 table
651 1230 115 54 objet
786 1229 53 41 de
859 1243 46 27 ce
926 1229 224 41 mémoire.

570 1305 62 40 La
665 1317 181 41 gravure
880 1317 74 27 sur
988 1302 107 52 bois,
1131 1309 137 47 quant
1290 1316 85 27 aux
1402 1301 177 55 images,
1604 1300 114 41 avait
1737 1296 180 58 précédé
1938 1298 51 40 de
2009 1297 248 55 longtemps

513 1371 297 56 l'impression
845 1371 72 40 des
943 1370 144 41 lettres
1118 1370 149 40 isolées
1292 1386 8 25 :
1326 1383 57 27 on
1414 1382 203 28 conserve
1654 1367 141 41 même
1834 1370 24 36 à
1891 1365 40 41 la
1964 1364 298 54 bibliothèque

514 1444 143 56 royale
677 1444 50 40 de
750 1443 219 41 Bruxelles
992 1457 87 27 une
1100 1444 50 39 de
1167 1456 66 28 ces
1251 1455 205 41 gravures
1476 1441 120 42 datée
1613 1441 50 40 de
1688 1439 127 54 1418.
1842 1437 94 42 Elle
1958 1439 241 53 représente
2218 1436 42 41 la

511 1517 157 55 Vierge
692 1526 41 31 et
754 1517 362 42 l'Enfant-Jésus.

571 1591 83 40 Sur
673 1603 66 27 ces
766 1590 232 40 anciennes
1020 1602 202 41 gravures
1253 1602 42 27 se
1315 1587 148 42 voient
1484 1586 273 55 quelquefois
1780 1585 72 42 des
1873 1585 147 40 lettres
2042 1597 56 27 ou
2123 1584 140 40 même

513 1664 73 39 des
606 1663 179 53 phrases
802 1662 182 40 entières
1004 1663 51 37 de
1078 1669 111 32 texte
1207 1676 10 34 ;
1242 1660 110 40 mais
1373 1674 67 26 ces
1463 1660 145 40 lettres
1622 1672 57 26 ou
1703 1672 67 26 ces
1786 1658 171 54 phrases
1980 1664 97 32 sont
2091 1656 173 53 gravées

513 1736 131 40 d'une
661 1735 118 54 pièce
801 1743 41 31 et
864 1747 90 27 non
973 1747 54 26 en
1049 1736 231 37 caractères
1303 1733 138 40 isolés.
1469 1732 62 39 La
1551 1730 311 55 xylographie
1881 1744 24 26 a
1925 1729 59 41 dû
2008 1728 234 40 nécessaire-

516 1815 121 33 ment
670 1820 174 28 amener
878 1806 296 54 l'imprimerie
1206 1819 75 41 par
1314 1804 228 55 l'analogie
1575 1804 59 40 du
1661 1803 180 55 procédé
1860 1816 10 41 ;
1903 1802 110 42 mais
2042 1801 124 42 l'idée
2189 1801 72 40 des

513 1884 233 39 caractères
765 1880 127 41 isolés
914 1879 106 41 était
1040 1893 61 26 un
1121 1879 102 40 trait
1244 1879 49 40 de
1314 1878 139 54 génie.

567 1955 263 40 L'immense
863 1953 218 41 influence
1117 1966 83 40 que
1228 1952 260 40 l'invention
1518 1951 51 40 de
1597 1950 296 55 l'imprimerie
1926 1963 146 38 exerça
2096 1962 75 26 sur
2206 1949 56 40 les

508 2031 176 52 progrès
717 2028 51 39 de
796 2028 40 39 la
867 2026 258 48 littérature,
1161 2026 72 39 des
1265 2027 200 51 sciences,
1498 2033 40 32 et
1572 2038 75 40 par
1681 2023 111 41 suite
1815 2036 73 28 sur
1911 2023 39 41 la
1972 2021 283 52 civilisation,

510 2101 196 41 s'étendit
729 2100 115 41 aussi
863 2104 23 36 à
906 2099 40 41 la
969 2099 216 55 musique,
1211 2098 76 53 qui
1308 2106 75 33 eut
1401 2112 43 26 sa
1465 2097 212 54 glorieuse
1700 2104 94 48 part
1816 2111 56 26 au
1896 2095 140 41 soleil.
2062 2095 73 40 On
2154 2103 107 46 peut

508 2175 90 41 s'en
614 2174 153 41 rendre
784 2181 170 46 compte
971 2185 75 41 par
1059 2172 39 40 la
1116 2172 274 55 prodigieuse
1406 2170 198 55 quantité
1622 2170 252 53 d'ouvrages
1890 2182 74 27 sur
1980 2169 39 39 la
2037 2168 223 53 musique,

513 2261 132 41 parus
668 2246 105 41 dans
795 2246 38 40 le
854 2254 185 32 courant
1061 2245 58 41 du
1143 2245 199 40 seizième
1362 2243 123 41 siècle
1512 2245 79 51 (1).

568 2321 68 40 En
665 2321 128 54 1765,
821 2319 216 40 Fournier
1058 2318 36 41 le
1116 2318 139 40 Jeune
1281 2318 151 54 publia
1453 2330 62 27 un
1554 2317 160 41 Traité
1731 2316 245 54 historique
2007 2322 42 34 et
2070 2314 193 54 critique

506 2407 78 27 sur
608 2392 208 56 ïorigine
839 2399 38 33 et
904 2393 62 39 les
976 2394 200 51 progrès
1204 2391 76 40 des
1303 2393 253 37 caractères
1578 2389 54 40 de
1649 2389 141 53 fonte
1814 2401 123 40 pour
1968 2386 292 55 Vimpression

511 2468 53 40 de
588 2468 45 40 la
663 2467 212 53 musique.
912 2466 78 40 Cet
1020 2466 100 53 in-4
1123 2471 13 17 0
1162 2474 62 32 est
1250 2465 37 40 le
1320 2464 185 55 premier
1525 2463 116 55 jalon
1661 2464 101 52 posé
1783 2476 53 26 en
1863 2461 167 41 France
2058 2474 73 26 sur
2152 2467 108 32 cette

506 2540 201 55 question
726 2555 9 32 ;
763 2539 114 41 aussi
902 2539 119 40 a-t-il
1044 2540 64 39 été
1130 2539 237 53 largement
1390 2537 145 40 utilisé
1558 2537 68 49 (en
1653 2549 45 27 ce
1719 2535 74 54 qui
1815 2548 206 27 concerne
2041 2533 192 53 l'impres-

508 2612 96 41 sion
626 2612 51 40 de
696 2612 40 40 la
759 2612 206 54 musique
986 2624 55 27 en
1067 2610 180 54 France)
1273 2624 76 40 par
1372 2610 62 40 M.
1460 2610 147 40 Anton
1630 2608 183 40 Schmid
1834 2608 108 39 dans
1968 2620 76 27 son
2072 2618 188 40 ouvrage

509 2686 178 41 intitulé
712 2699 8 28 :
760 2685 239 42 Ottaviano
1032 2684 74 41 dei
1134 2685 214 40 Petrucci
1369 2684 57 41 da
1447 2682 319 43 Fossombrone
1787 2681 82 40 der
1899 2688 116 33 erste
2043 2680 218 52 Erfinder

510 2760 78 41 des
609 2757 470 43 musiknotendruckes
1099 2757 77 41 mit
1198 2756 295 55 bevveglichen
1508 2756 308 53 metalltypen,
1835 2760 82 34 etc.
1943 2751 283 43 C'est-à-dire
2249 2766 6 25 :

512 2831 212 43 Octavien
753 2831 226 49 Petrucci,
1022 2833 39 38 le
1087 2831 202 54 premier
1317 2832 230 39 inventeur
1568 2830 53 40 de
1649 2828 291 54 l'impression
1966 2827 76 40 des
2063 2833 122 33 notes
2205 2825 55 40 de

507 2906 196 54 musique
724 2918 108 27 avec
851 2905 75 39 des
950 2911 128 47 types
1100 2904 179 40 mobiles
1301 2916 50 27 en
1373 2904 150 50 métal,
1549 2909 81 33 etc.
1658 2901 186 53 Vienne,
1872 2900 126 53 1845.

561 2979 59 40 Ce
642 2981 179 39 volume
844 2977 113 40 in-8°
978 2985 59 32 est
1056 2977 37 40 le
1119 2977 97 54 plus
1237 2976 241 54 important
1499 2982 134 47 qu'on
1653 2975 59 39 ait
1736 2974 148 53 publié
1904 2972 170 54 jusqu'à
2096 2985 46 27 ce
2161 2971 97 55 jour

505 3052 212 41 touchant
738 3052 39 40 la
800 3050 202 54 musique
1026 3050 227 54 imprimée
1270 3062 9 41 ;
1305 3049 29 40 il
1356 3057 61 32 est
1435 3048 77 40 fait
1535 3061 100 27 avec
1655 3056 154 32 autant
1830 3047 51 40 de
1902 3045 250 42 conscience
2174 3059 85 40 que

506 3126 52 41 de
581 3127 196 54 patience
798 3134 41 31 et
860 3123 278 42 d'érudition.

548 3257 48 43 (1)
620 3255 140 40 Forkel,
784 3255 91 33 dans
897 3264 66 22 son
982 3252 167 34 Histoire
1169 3251 40 33 de
1232 3252 34 32 la
1290 3251 174 44 musique,
1484 3257 24 26 t.
1533 3250 39 40 11,
1590 3261 37 32 p.
1649 3249 16 33 5
1678 3250 51 39 18,
1757 3248 149 34 observe
1925 3258 70 33 que
2018 3248 183 43 l'ouvrage
2218 3248 41 32 de

503 3312 225 40 Tinctorius,
774 3310 255 34 Terminorum
1072 3308 150 32 musicœ
1251 3307 257 44 diffinitorium
1514 3331 7 16 ,
1554 3305 123 43 publié
1712 3305 101 32 selon
1847 3302 51 34 lui
1934 3314 44 21 en
2021 3302 86 44 1488
2143 3301 116 44 (selon

502 3369 46 31 M.
574 3366 97 34 Fétis
689 3377 43 22 en
759 3364 118 46 1476),
902 3370 53 27 est
989 3363 279 44 probablement
1289 3363 32 31 le
1354 3361 157 43 premier
1543 3370 156 31 ouvrage
1722 3357 174 46 imprimé
1924 3369 62 21 sur
2015 3359 32 32 la
2073 3357 184 43 musique.

501 3423 94 32 C'est
619 3422 166 42 toujours
807 3420 32 32 le
861 3419 80 43 plus
958 3418 129 33 ancien
1115 3417 241 33 dictionnaire
1377 3417 44 32 de
1440 3416 171 43 musique
1633 3425 143 32 connu;
1809 3414 24 32 il
1859 3424 44 22 ne
1925 3412 180 34 renferme
2125 3422 64 33 pas
2215 3413 43 31 de

501 3485 104 26 noies
628 3477 42 32 de
693 3474 184 43 musique.
