2606 4155
1155 1177 140 49 LES

411 1378 744 74 CANTATRICES
1209 1380 762 79 DRAMATIQUES

1992 1369 57 45 (0

791 2246 76 26 LUS
901 2234 106 48 tard,
1033 2234 253 40 s'adressant
1314 2234 195 53 toujours
1541 2238 23 34 à
1596 2231 231 53 Farinello,
1861 2231 225 40 Métastase

794 2313 112 32 trace
929 2319 59 26 un
1013 2307 170 52 croquis
1204 2307 49 39 de
1284 2314 119 31 notre
1424 2307 171 38 héroïne
1623 2318 7 26 :
1658 2321 16 20 «
1701 2304 112 39 Elles
1842 2311 96 31 sont
1962 2302 104 53 justi-

792 2378 114 51 fiées,
941 2378 119 40 dit-il
1096 2392 51 26 en
1189 2380 124 54 1757,
1345 2379 58 39 les
1438 2377 275 53 gracieusetés
1747 2389 83 40 que
1862 2375 87 39 Ton
1983 2374 104 39 écrit

791 2450 167 39 d'ltalie
980 2464 72 26 sur
1075 2457 120 33 notre
1211 2450 169 53 signera
1401 2449 220 41 Gabrielli.
1650 2447 91 39 Elle
1759 2455 59 31 est
1839 2445 140 54 jeune,
2001 2445 61 39 Ita-

791 2522 82 39 lien
882 2535 66 37 ne,
991 2521 204 40 favorisée
1222 2536 74 39 par
1318 2523 39 38 la
1386 2530 151 31 nature
1565 2520 104 39 d'un
1692 2526 64 32 art
1790 2518 297 38 transcendant

804 2607 50 25 en
880 2594 219 51 musique;
1132 2594 97 39 d'où
1264 2593 116 39 vient
1412 2592 106 53 qu'il
1548 2592 73 51 n'y
1643 2605 22 24 a
1698 2589 119 54 point
1843 2589 236 51 d'étranger

1195 1850 60 39 IV

831 1980 366 43 CATARINA
1235 1980 392 43 GABRIELLI

1209 2107 40 40 II

353 2665 76 52 qui
467 2678 51 25 ne
540 2678 41 26 se
608 2673 183 32 ressente
811 2665 70 39 des
903 2665 181 52 caprices
1109 2666 50 39 de
1179 2672 118 33 notre
1320 2666 147 41 sirène.
1498 2664 55 50 (Il
1584 2663 159 40 semble
1773 2662 106 52 qu'il
1901 2674 27 39 y
1959 2660 59 39 ait
2046 2661 39 39 là

355 2750 85 26 une
464 2737 187 40 allusion
672 2742 22 34 à
716 2738 237 40 l'aventure
974 2738 321 52 semi-tragique
1316 2738 105 38 dont
1442 2738 30 38 il
1494 2750 21 26 a
1535 2738 63 38 été
1615 2735 198 54 question
1828 2734 95 53 plus
1945 2733 140 48 haut.)

355 2809 128 53 Mais,
510 2823 52 26 en
584 2823 74 26 vos
689 2810 154 49 mains,
874 2809 171 54 j'espère
1072 2810 153 53 qu'elle
1253 2823 89 26 sera
1371 2811 224 51 beaucoup
1617 2807 95 53 plus
1733 2805 233 41 maniable.
1992 2804 93 38 Elle

353 2889 61 32 est
435 2881 299 54 parfaitement
755 2881 230 53 persuadée
1005 2883 50 38 de
1079 2895 74 26 son
1176 2882 151 39 mérite
1348 2890 39 31 et
1409 2880 233 54 cependant
1664 2878 76 39 elle
1767 2886 60 31 est
1861 2875 192 41 extrême-

351 2959 113 34 ment
497 2953 150 40 timide
654 2985 8 8 .
690 2954 115 40 Pour
825 2954 190 40 modérer
1035 2954 59 40 les
1111 2954 115 39 élans
1245 2967 84 39 que
1350 2953 194 54 pourrait
1563 2952 63 40 lui
1650 2950 182 53 inspirer
1848 2961 44 26 ce
1914 2947 165 49 mérite,

351 3025 32 40 il
408 3025 204 40 convient
631 3039 84 39 que
736 3038 106 27 vous
863 3025 61 40 lui
948 3026 242 53 imprimiez
1221 3026 106 39 dans
1357 3026 123 39 l'âme
1501 3037 58 26 un
1581 3023 133 53 grand
1747 3027 162 47 respect
1931 3027 40 31 et
1995 3031 86 26 une

351 3096 161 41 crainte
529 3097 182 53 positive
729 3098 58 39 du
816 3098 228 39 souverain
1066 3109 40 28 et
1125 3098 49 39 de
1196 3098 39 40 la
1258 3111 102 26 cour
1379 3110 9 40 ;
1413 3096 106 41 mais
1542 3108 107 41 pour
1671 3107 83 40 que
1779 3105 107 26 vous
1917 3103 52 27 ne
1986 3090 75 39 l'af-

351 3168 228 40 faiblissiez
594 3182 74 41 pas
695 3170 105 39 dans
823 3170 271 47 l'exécution,
1124 3170 30 39 il
1176 3178 62 31 est
1259 3168 232 41 nécessaire
1515 3180 82 40 que
1618 3179 108 26 vous
1748 3163 61 40 lui
1835 3160 216 41 communi-

351 3241 125 52 quiez
504 3240 39 39 le
573 3253 180 40 courage
776 3255 97 25 avec
903 3249 115 32 votre
1046 3241 285 53 approbation
1358 3249 38 30 et
1416 3240 57 39 les
1494 3237 413 54 applaudissements
1937 3233 49 38 de
2008 3245 74 25 vos

398 3408 48 38 (1)
472 3407 88 32 Voir
588 3407 50 32 les
673 3408 171 32 numéros
873 3410 61 31 des
969 3420 10 21 lel'1
988 3415 24 17 e1
1012 3395 4 57 '
1050 3409 188 33 décembre
1272 3408 104 44 1870,
1413 3418 10 21 lel'1
1433 3414 23 17 e1
1456 3395 4 57 '
1482 3406 146 44 janvier,
1663 3415 10 22 lerI
1682 3410 25 13 er
1740 3401 140 42 février,
1912 3411 11 22 i
1933 3406 26 12 ev
1992 3395 86 37 mai*

357 3478 10 21 ï
378 3473 26 17 eV
424 3472 33 27 et
485 3464 17 44 i
519 3464 17 44 5
553 3464 84 44 juin,
665 3464 16 44 i
697 3464 16 44 5
729 3464 126 44 juillet,
884 3480 10 21 i
904 3476 25 12 er
949 3471 85 31 août
1051 3476 34 26 et
1113 3464 21 44 i
1155 3464 22 44 5
1198 3464 172 44 novembre
1397 3467 102 41 1874.
