3002 4229
1161 162 121 67 LE
1349 160 243 69 MOIS

2556 186 94 71 55

116 300 56 47 de
199 318 48 30 sa
285 320 121 46 race,
432 322 60 29 en
521 304 127 63 dépit
675 306 56 46 de
757 323 47 30 sa
830 305 185 50 culture
1042 306 241 64 musicale,
1311 306 112 47 n'en
1455 305 198 62 déplaise
1691 306 26 47 à
1744 309 241 62 beaucoup
2026 312 55 45 de
2121 310 239 64 Critiques
2397 328 145 32 russes
2580 313 77 61 qui

116 386 359 64 revendiquent,
503 406 60 30 on
610 407 61 30 ne
713 390 85 47 sait
825 392 246 61 pourquoi,
1099 390 42 47 le
1185 390 103 63 plus
1314 389 255 48 Allemand
1617 389 79 48 des
1735 389 137 66 leurs,
1900 392 399 68 Tschaïkowsky,
2327 412 189 30 comme
2557 395 102 47 leur

117 470 229 47 musicien
375 472 225 48 national.

1980 557 298 62 Auguste
2307 559 285 61 Sérieyx.

534 704 307 69 SOCIÉTÉ
881 724 128 49 DES
1051 724 386 50 CONCERTS
1484 723 104 48 DU
1630 724 617 54 CONSERVATOIRE

261 884 39 47 Il
327 886 99 45 faut
451 902 47 29 se
524 886 132 47 louer
682 887 56 46 de
766 886 271 48 l'existence
1065 887 57 46 de
1148 886 44 47 la
1218 884 182 50 Société
1428 884 77 47 des
1533 884 233 49 Concerts
1792 903 12 31 :
1846 887 30 46 il
1903 900 67 35 est
1999 891 92 45 bon
2117 889 214 64 qu'après
2366 891 64 47 les
2455 891 205 47 discours

115 986 77 30 sur
219 969 43 47 la
289 981 259 52 montagne
574 971 56 45 de
660 969 268 49 Chevillard
968 988 61 28 ou
1068 971 56 45 de
1165 969 168 49 Pierné
1369 968 131 64 après
1537 968 65 47 les
1641 971 267 47 manifestes
1945 973 382 48 internationaux
2355 976 77 45 des
2468 975 194 48 sociétés

119 1052 373 65 d'avant-garde,
526 1053 132 62 après
695 1053 65 47 les
795 1053 362 62 proclamations
1194 1055 57 47 de
1289 1055 201 45 certains
1529 1053 271 62 impresarii,
1837 1056 406 48 bachi-bouzouks
2270 1060 117 45 ivres
2413 1060 55 45 de
2498 1058 163 47 féeries

117 1154 146 29 russes
290 1154 61 29 ou
379 1137 54 46 de
461 1135 190 48 séances
676 1137 57 46 de
761 1137 120 47 boxe
917 1136 280 61 allemande,
1236 1154 47 30 se
1321 1136 113 47 fasse
1461 1136 229 47 entendre
1728 1154 92 29 une
1858 1140 107 44 voix
1993 1152 250 49 purement
2274 1152 47 35 et
2356 1141 305 61 simplement

117 1220 243 61 française.

259 1303 65 49 Et
351 1316 123 34 cette
502 1305 108 45 voix
638 1316 67 34 est
732 1303 212 49 d'autant
969 1303 103 63 plus
1099 1305 119 45 forte
1245 1303 171 64 qu'elle
1444 1302 168 48 émane
1634 1303 57 46 de
1719 1303 42 47 la
1786 1303 183 50 Société
1996 1307 78 47 des
2100 1306 246 50 Concerts.
2368 1307 142 49 Parce
2538 1326 89 45 que
2645 1307 15 47 ?

119 1405 134 44 parce
280 1405 90 44 que
397 1386 43 48 la
480 1386 185 48 Société
695 1389 78 45 des
799 1386 234 50 Concerts
1070 1405 25 29 a
1136 1386 62 48 86
1226 1405 83 31 ans
1349 1386 302 62 d'existence,
1682 1405 53 29 ce
1762 1389 77 62 qui
1867 1387 64 47 lui
1969 1390 156 47 donne
2151 1391 44 47 la
2220 1391 135 64 grâce
2382 1394 174 44 avertie
2582 1392 79 47 des

117 1470 176 48 vieilles
317 1486 129 47 gens,
474 1488 135 44 parce
635 1469 171 63 qu'elle
832 1488 47 29 se
905 1488 290 44 cramponne
1222 1470 26 47 à
1273 1489 66 29 un
1366 1470 136 62 local,
1535 1472 78 60 qui
1641 1471 120 46 n'est
1787 1489 79 44 pas
1899 1489 65 29 un
1992 1472 179 49 théâtre
2198 1472 107 49 loué
2342 1474 26 47 à
2393 1472 179 49 l'heure
2599 1491 63 31 ou

116 1555 27 47 à
167 1555 44 47 la
238 1555 145 61 petite
408 1555 222 60 semaine,
658 1555 47 44 ni
734 1570 94 31 une
854 1554 170 63 galerie
1052 1555 229 46 moderne
1307 1554 249 62 plafonnée
1579 1555 56 46 de
1655 1554 216 62 lumière,
1900 1557 116 46 mais
2040 1569 123 34 cette
2190 1574 189 44 menue,
2407 1557 255 63 spirituelle

116 1653 47 33 et
205 1636 331 48 bienveillante
571 1637 108 47 salle
722 1639 63 45 du
826 1639 138 45 vieux
1005 1636 378 62 Conservatoire,
1422 1640 118 46 aussi
1578 1639 155 47 sacrée
1771 1656 91 45 que
1898 1639 43 47 la
1984 1640 216 62 Coupole
2239 1643 56 44 de
2333 1640 244 62 l'lnstitut,
2615 1654 49 34 et

115 1737 184 36 surtout
341 1740 134 43 parce
516 1740 90 45 que
644 1740 54 30 ce
734 1724 139 46 serait
910 1740 67 30 un
1020 1724 195 46 truisme
1255 1740 93 46 que
1386 1724 56 46 de
1484 1724 256 47 réaffirmer
1778 1724 304 49 l'excellence
2124 1725 54 47 de
2218 1725 269 48 l'orchestre
2526 1726 56 47 de
2620 1726 44 47 la

115 1809 189 61 société,
333 1809 56 46 de
414 1823 70 32 ses
510 1808 188 45 chœurs
723 1818 48 34 et
798 1806 55 46 de
879 1823 85 30 son
992 1806 123 60 chef,
1146 1806 76 47 M.
1255 1806 257 64 Messager.

257 1891 65 49 Et
356 1890 114 48 c'est
497 1891 230 61 pourquoi
755 1889 42 48 le
823 1890 204 62 premier
1053 1903 195 34 concert
1274 1890 56 47 de
1357 1890 44 47 la
1427 1891 149 46 saison
1604 1908 112 30 avec
1754 1909 65 28 un
1850 1909 295 47 programme
2173 1909 192 46 presque
2405 1891 232 49 exclusive-

116 1988 133 36 ment
304 1975 198 60 français
557 1985 45 36 et
653 1989 75 31 ces
769 1989 137 31 noms
930 1989 10 32 :
983 1973 317 62 Saint-Saëns,
1354 1974 264 61 Chausson,
1665 1974 171 62 Fauré,
1881 1975 205 61 Berlioz,
2126 1978 155 46 obtint
2321 1975 339 65 l'approbation

115 2062 228 48 unanime
388 2072 47 34 et
478 2058 188 63 prévint
718 2069 105 36 tout
864 2058 56 46 de
964 2059 120 46 suite
1129 2058 253 47 l'auditeur
1427 2077 62 30 ou
1533 2059 42 47 le
1621 2062 198 61 critique
1870 2062 77 45 des
1993 2062 260 47 intentions
2302 2063 56 46 de
2408 2062 120 47 celui
2582 2063 78 62 qui

168 2144 140 48 mène
334 2143 44 47 le
399 2143 81 63 jeu
578 2158 80 29 rue
685 2140 63 47 du
776 2140 254 64 Faubourg
1057 2140 340 50 Poissonnière.

256 2227 92 64 J'ai
390 2227 69 47 dit
498 2242 192 46 presque
731 2224 372 48 exclusivement
1145 2227 198 59 français
1364 2243 12 32 :
1419 2228 44 63 je
1507 2245 58 29 ne
1604 2229 173 46 saurais
1815 2227 210 66 négliger
2062 2247 94 29 une
2191 2231 235 45 incursion
2469 2231 112 45 dans
2618 2229 42 49 le

115 2312 179 63 temple
320 2311 375 48 Beethovenien.

257 2396 38 47 Il
323 2396 100 45 faut
450 2394 164 46 adorer
640 2393 64 47 les
731 2392 198 62 temples
945 2408 12 32 :
988 2393 30 46 il
1046 2393 99 47 faut
1165 2411 30 47 y
1222 2406 158 35 entrer
1406 2393 43 48 le
1476 2394 128 47 front
1626 2396 76 47 bas
1721 2407 47 36 et
1791 2394 64 49 les
1875 2397 151 46 mains
2046 2396 225 62 paisibles,
2294 2413 58 30 en
2377 2396 191 48 vénérer
2595 2397 65 48 les

113 2481 133 47 coins
271 2478 65 47 les
362 2477 102 62 plus
488 2477 208 47 sombres
718 2492 11 31 :
770 2474 330 63 l'atmosphère
1128 2474 144 49 d'une
1298 2476 265 48 cathédrale
1602 2478 121 47 tient
1748 2478 63 47 du
1839 2478 192 64 prodige
2065 2496 191 30 comme
2281 2479 44 47 la
2350 2478 166 64 pensée
2544 2478 113 50 d'un

113 2563 139 65 génie
275 2580 11 30 :
324 2562 26 47 à
375 2561 185 47 fouiller
587 2559 65 49 les
677 2559 137 63 replis
840 2561 56 45 de
922 2572 125 36 cette
1074 2559 168 63 pensée
1269 2579 189 29 comme
1484 2559 26 50 à
1535 2575 180 34 scruter
1739 2562 65 47 les
1830 2563 308 61 profondeurs
2164 2563 56 47 de
2244 2575 124 35 cette
2396 2562 264 48 cathédrale

113 2666 63 31 on
219 2647 203 62 éprouve
461 2646 58 47 de
557 2645 197 63 grandes
785 2645 132 64 joies,
957 2646 56 46 de
1051 2645 252 63 glorieuses
1338 2647 222 61 surprises
1582 2662 12 32 :
1635 2646 66 48 les
1738 2647 185 47 vitraux
1961 2659 107 36 sont
2098 2647 329 64 étrangement
2454 2646 206 48 nuancés

115 2733 114 46 dans
266 2731 66 47 les
374 2728 235 63 chapelles
648 2728 57 47 de
746 2727 188 47 l'abside
959 2744 10 31 :
1019 2727 180 48 l'odeur
1236 2728 79 49 des
1352 2728 160 49 siècles
1551 2741 69 36 est
1664 2728 103 63 plus
1806 2728 237 63 précieuse
2083 2731 113 47 dans
2234 2730 42 48 la
2313 2742 177 52 crypte.
2530 2730 130 48 Mais

115 2833 190 31 comme
334 2813 30 47 il
393 2813 99 47 faut
519 2830 45 29 se
592 2810 142 49 défier
761 2813 56 46 de
844 2812 200 47 certains
1068 2812 149 48 autels
1242 2812 243 48 consacrés
1505 2812 27 48 à
1557 2813 79 47 des
1660 2815 143 45 saints
1822 2813 26 47 à
1872 2815 162 47 succès
2051 2831 11 32 :
2091 2815 216 47 Antoine
2333 2833 61 29 ou
2422 2813 205 63 Expédit
2645 2836 12 38 ;

112 2900 45 47 la
195 2895 275 52 renommée
507 2914 32 47 y
576 2896 198 46 conduit
809 2895 45 47 la
891 2913 147 30 masse
1077 2896 80 47 des
1194 2893 160 50 fidèles
1390 2897 77 61 qui
1508 2895 213 49 s'ébroue
1748 2897 329 49 d'admiration
2101 2919 14 38 ;
2157 2897 43 47 le
2225 2899 216 45 cicerone
2469 2897 190 63 indique

112 2982 116 50 d'un
257 2994 127 53 geste
409 2981 270 47 autoritaire
705 2980 64 47 les
794 2980 351 47 innombrables
1169 2991 216 37 ex-votos
1404 2980 250 48 accrochés
1677 2999 59 29 au
1763 2999 108 30 mur
1891 2999 80 44 par
1998 2984 79 45 des
2104 2982 309 46 demandeurs
2439 2980 220 61 exaucés;

113 3066 32 47 il
185 3081 174 32 couvre
397 3064 157 47 même
593 3074 200 35 souvent
830 3062 43 47 le
910 3062 120 47 saint
1070 3061 114 48 d'un
1223 3074 224 37 manteau
1484 3080 91 45 que
1613 3064 113 47 dans
1752 3081 66 30 un
1857 3064 137 48 excès
2020 3065 56 47 de
2102 3064 101 47 zèle
2228 3081 66 31 un
2321 3065 245 46 adorateur
2592 3062 64 47 lui

115 3150 157 48 broda.
303 3147 44 50 Si
374 3164 120 30 nous
520 3164 58 29 ne
606 3164 212 44 pouvons
844 3164 62 29 ou
933 3146 196 47 voulons
1168 3145 245 48 découvrir
1439 3145 42 49 le
1507 3147 108 47 coin
1643 3149 80 61 qui
1750 3147 237 47 dissimule
2021 3167 93 29 une
2142 3147 133 49 lueur
2300 3165 63 29 ou
2388 3165 94 29 une
2507 3147 153 47 forme

113 3233 284 64 imprévues,
425 3244 179 34 restons
629 3231 113 47 dans
769 3230 43 48 la
836 3231 177 64 grande
1038 3230 88 47 nef
1143 3230 63 47 où
1234 3243 162 35 monte
1424 3230 42 47 la
1490 3233 283 63 symphonie
1801 3233 78 47 des
1904 3234 163 46 voûtes
2092 3247 47 31 et
2166 3233 78 45 des
2269 3231 238 49 colonnes.

257 3316 79 47 M.
365 3316 63 46 A.
459 3314 203 48 Rivarde
689 3332 26 29 a
741 3314 108 62 posé
875 3332 66 30 un
969 3314 174 48 nouvel
1170 3327 197 35 ex-voto
1392 3315 115 47 dans
1532 3314 44 48 la
1602 3315 211 62 chapelle
1839 3315 149 50 vouée
2015 3334 59 29 au
2109 3328 222 35 concerto
2358 3332 115 44 pour
2501 3313 156 48 violon

116 3401 57 47 de
201 3400 291 47 Beethoven.

2100 3478 161 50 Jean
2297 3476 290 61 Laporte.
