3002 4229
408 254 106 69 66

402 402 238 45 entrecoupée
668 409 35 28 et
723 400 162 37 troublée
905 414 61 33 par
985 404 51 33 les
1056 402 162 46 pitreries

401 461 38 28 et
458 457 50 31 les
529 454 244 46 arlequinades
795 456 41 31 de
856 454 155 35 celui-ci.

455 520 68 34 Tel
561 519 88 35 était
689 520 85 32 dans
811 531 38 21 sa
881 519 147 43 dualité,
1060 522 33 31 le
1128 519 92 47 sujet

404 571 204 47 compliqué
636 569 111 35 choisi
778 583 63 33 par
869 573 43 32 R.
935 573 152 33 Strauss.
1110 574 30 32 Il
1159 585 23 33 y
1202 586 18 20 a

404 625 148 44 déployé
575 630 119 28 toutes
714 625 50 31 les
785 635 198 21 ressources
1004 625 41 32 de
1066 636 35 21 sa
1123 624 80 34 tech-

404 676 109 45 nique
541 675 197 34 éminente.
768 677 31 31 Il
829 688 90 20 nous
947 677 164 43 présente
1140 676 66 34 l'in-

407 728 201 34 consolable
629 726 136 35 Ariane
785 726 174 35 chantant
986 729 57 32 des
1070 728 151 45 hymnes

406 782 42 31 de
478 779 108 45 deuil,
615 779 256 46 brusquement
891 778 242 47 interrompus
1161 793 62 32 par

406 844 70 21 une
498 834 105 32 danse
625 833 40 31 de
687 833 115 32 clown
829 833 58 32 des
907 833 77 43 plus
1005 831 218 47 burlesques,

406 883 79 46 puis
506 884 129 33 s'élève
656 883 19 33 à
694 884 34 31 la
748 882 51 33 fin
818 896 67 20 aux
905 885 77 43 plus
1003 882 105 35 hauts
1129 896 72 21 som-

407 943 93 27 mets
521 937 41 32 de
581 937 34 31 la
634 935 142 45 passion
797 947 44 21 en
860 947 90 21 nous
971 935 182 35 décrivant
1170 948 53 21 ses

408 1000 156 22 amours.
580 988 67 33 Cet
668 987 87 33 essai
771 988 40 32 de
827 987 193 34 caricature
1040 987 185 45 musicale,

408 1046 57 27 cet
499 1039 157 33 humour
694 1051 58 21 sur
784 1040 50 32 les
869 1039 191 34 anciennes
1093 1041 132 33 formes

408 1091 189 34 musicales
611 1098 65 37 est,
757 1090 25 33 il
794 1091 76 33 faut
889 1090 82 34 bien
992 1103 44 21 en
1057 1092 169 34 convenir

486 1143 227 33 absolument
742 1143 168 46 manqué.
938 1145 30 31 Il
1000 1150 52 26 est
1083 1143 142 34 d'abord

409 1195 360 35 interminablement
794 1197 84 40 long
905 1202 35 27 et
960 1196 106 33 d'une
1087 1195 120 34 recher-

409 1247 65 35 che
507 1248 27 33 si
567 1248 220 33 contournée
820 1246 87 46 qu'il
945 1254 53 27 est
1031 1246 141 46 pénible
1208 1247 17 33 à

409 1300 129 33 l'excès
575 1312 89 33 pour
700 1299 192 34 l'auditeur
928 1300 41 32 de
1016 1299 117 34 suivre
1175 1301 50 32 les

411 1351 198 34 intentions
639 1353 42 32 de
709 1357 93 28 cette
831 1350 165 47 musique
1025 1350 146 35 obscure
1192 1358 35 27 et

410 1416 90 34 pour
519 1403 89 34 ainsi
629 1403 73 34 dire
722 1402 247 46 inorganique.

463 1464 31 32 Il
514 1474 22 32 y
556 1474 19 21 a
594 1463 203 43 longtemps
818 1474 68 33 que
907 1462 75 32 l'on
1002 1461 136 34 discute
1168 1473 59 22 sur

410 1516 34 32 le
502 1514 91 45 petit
613 1513 179 34 orchestre
858 1512 91 35 celui
971 1514 40 32 de
1033 1514 138 33 Strauss
1192 1526 35 20 se

412 1578 167 34 compose
593 1567 41 32 de
651 1566 44 45 36
710 1567 219 32 exécutants.
945 1566 67 32 Les

413 1619 189 33 dominent
634 1617 64 48 (16
730 1618 236 33 instruments
988 1630 7 20 :
1028 1618 19 32 6
1075 1617 152 43 violons,

413 1682 24 32 4
457 1672 103 42 altos,
576 1682 23 32 4
618 1670 231 34 violoncelles
870 1676 35 27 et
928 1680 19 22 2
968 1667 259 48 contrebasses)

414 1729 35 27 et
468 1723 155 33 l'auteur
642 1734 45 20 en
707 1721 68 34 tire
795 1723 58 31 des
874 1720 101 34 effets
1001 1722 42 31 de
1070 1720 158 34 sonorité

413 1781 155 27 souvent
605 1774 245 43 intéressants,
882 1772 81 34 bien
994 1784 68 34 que
1098 1771 130 46 parfois

413 1828 51 32 les
501 1825 141 35 violons
681 1825 187 33 dominent
906 1831 35 27 et
975 1831 172 27 couvrent
1178 1825 49 32 les

415 1877 254 44 contrebasses,
689 1876 160 46 l'emploi
873 1877 44 32 du
938 1876 106 45 piano
1065 1883 53 26 est
1144 1876 85 33 d'un

413 1931 111 42 grand
552 1928 144 35 charme
724 1935 36 28 et
789 1928 186 34 contribue
1003 1928 19 33 à
1049 1929 34 31 la
1110 1926 119 34 fusion

415 1984 58 32 des
495 1994 94 21 sons.

468 2039 110 45 Mais,
593 2046 81 27 tout
694 2038 82 34 bien
797 2038 195 43 considéré,
1012 2039 33 32 le
1064 2036 104 44 génie
1188 2038 41 32 de

415 2093 139 33 Strauss
564 2104 45 21 ne
620 2091 298 34 s'accommodera
927 2088 129 47 jamais
1068 2101 67 34 que
1145 2090 85 32 d'un

414 2145 110 42 grand
557 2142 181 35 orchestre
756 2156 10 31 ;
797 2149 80 38 trop
909 2148 151 27 souvent
1090 2140 24 33 il
1145 2147 85 27 veut

414 2197 115 32 forcer
547 2196 50 32 les
626 2194 102 34 effets
757 2196 41 31 de
830 2206 64 21 son
926 2192 92 46 petit
1050 2191 180 35 orchestre

416 2260 44 21 au
489 2247 102 45 point
621 2248 41 31 de
689 2245 51 34 lui
771 2247 135 32 donner
930 2246 189 44 l'ampleur
1147 2245 83 33 d'un

416 2298 179 35 orchestre
615 2297 217 44 wagnérien.
853 2298 89 33 Sans
963 2298 106 32 doute
1095 2296 24 32 il
1145 2303 86 38 peut

416 2351 19 34 à
470 2351 101 33 loisir
609 2351 165 44 déployer
810 2361 64 21 son
910 2350 115 32 talent
1063 2349 85 32 dans
1180 2349 51 31 les

418 2414 20 23 2
460 2410 94 27 actes
580 2402 184 46 comiques
792 2401 58 46 qui
881 2400 189 46 précèdent
1098 2400 133 44 l'opéra

416 2455 46 34 où
491 2453 136 47 chaque
646 2453 228 46 plaisanterie
895 2460 52 27 est
968 2452 182 43 soulignée
1171 2463 60 34 par

1276 405 33 32 la
1322 404 164 46 musique
1500 411 35 27 et
1549 403 228 34 commentée
1791 401 301 46 spirituellement

1277 468 61 33 par
1357 456 220 35 l'orchestre.
1598 455 97 34 Mais
1716 461 101 28 toute
1840 461 92 27 cette
1964 453 108 34 débau-

1278 507 63 34 che
1362 508 145 46 d'esprit
1533 515 35 26 et
1597 507 150 34 d'ironie
1770 505 130 47 jusque
1930 507 85 31 dans
2043 507 49 32 les

1277 559 181 35 moindres
1497 559 123 35 détails
1658 559 180 34 feront-ils
1876 559 41 33 de
1949 559 144 32 l'œuvre

1278 624 70 21 une
1377 611 104 35 chose
1510 610 143 36 durable
1669 611 12 33 ?
1708 613 44 47 Je
1775 623 45 20 ne
1839 612 33 31 le
1893 609 90 33 crois
2004 621 60 33 pas
2085 623 10 31 ;

1277 665 133 43 l'opéra
1420 665 261 33 s'accommode
1695 664 72 32 mal
1791 664 45 32 du
1850 663 90 44 style
1960 661 116 33 burles-

1279 728 67 33 que
1375 717 41 32 de
1435 718 32 31 la
1490 715 171 35 Comédie
1681 716 42 32 de
1744 714 167 34 Molière.
1935 714 56 33 De
2017 715 78 42 plus

1278 768 147 33 l'action
1454 768 183 44 d'Ariane,
1657 766 92 34 aussi
1777 778 67 33 peu
1873 764 222 47 dramatique

1280 832 67 33 que
1384 819 164 46 possible,
1580 832 45 21 ne
1664 818 131 34 saurait
1833 817 166 46 produire
2038 829 57 21 sur

1279 872 191 33 l'auditeur
1499 884 70 21 une
1600 870 213 46 impression
1843 870 183 45 profonde,

1281 923 35 32 ni
1338 922 119 35 même
1476 924 115 33 forcer
1610 935 64 21 son
1696 921 194 36 attention.

1280 1008 429 111 "Rol'ntecÇé
1760 1008 330 127 (Poffêe;

1335 1300 235 34 Maintenant
1598 1313 67 33 que
1693 1302 32 32 le
1759 1302 158 33 tumulte
1947 1300 149 45 s'apaise

1284 1359 35 26 et
1338 1364 67 33 que
1421 1354 32 31 le
1470 1352 129 33 silence
1617 1365 35 20 se
1665 1352 65 34 fait
1744 1364 59 21 sur
1816 1359 93 28 cette
1923 1352 174 45 bruyante

1283 1403 187 45 première,
1487 1416 47 21 on
1554 1416 207 21 commence
1782 1404 17 33 à
1820 1416 35 21 se
1876 1404 156 33 ressaisir
2062 1410 35 27 et

1285 1456 18 32 à
1336 1455 182 34 examiner
1544 1468 83 21 avec
1653 1457 77 43 plus
1762 1458 40 31 de
1833 1455 196 44 sang-froid
2060 1467 37 21 ce

1697 1509 47 32 Et
1776 1507 24 33 il
1834 1508 75 33 faut
1938 1507 82 33 bien
2054 1519 43 21 en

1286 1559 169 33 convenir
1477 1559 239 44 maintenant,
1737 1559 22 33 il
1780 1571 44 21 ne
1845 1566 92 26 reste
1958 1560 40 32 de
2018 1566 81 27 tous

1286 1623 55 20 ces
1362 1610 68 33 cris
1450 1609 303 35 d'enthousiasme
1772 1618 36 26 et
1829 1612 41 32 de
1896 1617 95 27 cette
2019 1622 60 33 pro-

1285 1662 118 33 fusion
1449 1663 41 32 de
1536 1664 168 41 louanges
1751 1663 131 46 qu'une
1928 1663 171 44 profonde

1287 1713 244 36 désillusion...

1338 1831 60 32 Un
1425 1837 79 27 mot
1532 1837 165 27 amusant
1723 1831 42 33 de
1785 1829 155 35 Richard
1960 1831 140 33 Strauss

1286 1883 157 43 pendant
1455 1893 70 22 une
1538 1881 193 45 répétition
1751 1895 8 20 :
1770 1888 134 38 voyant
1920 1893 52 22 ses
1989 1882 92 33 inter-

1287 1934 116 44 prètes
1443 1933 192 34 féminines
1683 1933 177 34 s'efforcer
1896 1934 41 32 de
1975 1934 125 32 rendre

1286 1987 77 31 leur
1396 1982 73 36 rôle
1501 1985 125 34 vivant
1659 1992 36 26 et
1728 1987 42 31 de
1799 1987 33 31 le
2059 1986 41 32 de

1286 2038 77 32 leur
1390 2036 133 44 mieux,
1544 2036 24 33 il
1596 2039 77 31 leur
1701 2038 139 33 adressa
1868 2043 94 27 cette
1991 2036 91 45 répri-

1288 2090 129 31 mande
1450 2088 210 34 inattendue
1681 2102 7 20 :
1817 2100 88 21 vous
1938 2100 45 21 en
2013 2088 87 45 prie,

1288 2142 212 42 mesdames,
1521 2140 23 32 il
1573 2152 44 22 ne
1646 2147 84 38 peut
1759 2137 75 36 être
1862 2139 165 46 question
2056 2139 43 33 ici

1288 2204 68 33 que
1385 2193 44 32 du
1458 2190 108 35 chant
1584 2206 10 30 ;
1622 2192 23 33 il
1676 2191 102 43 s'agit
1809 2192 84 33 d'un
1927 2192 106 44 opéra
2067 2198 35 26 et

1289 2244 84 32 d'un
1394 2244 104 44 opéra
1519 2245 45 31 du
1584 2250 117 38 temps
1721 2245 40 31 de
1789 2243 154 33 Molière
1963 2256 8 20 :
1999 2243 83 33 n'ou-

1289 2295 89 33 bliez
1406 2307 61 33 pas
1494 2307 69 33 que
1754 2295 167 45 l'opéra"
1952 2302 54 26 est
2034 2306 69 21 une

1289 2359 121 21 erreur
1437 2348 226 32 scandaleuse
1693 2346 70 45 (ein
1789 2344 137 49 Unfug)
1956 2346 130 34 exclusi-

1289 2405 145 29 vement
1455 2399 330 44 contemporaine...

1343 2451 51 34 Ce
1413 2457 78 28 mot
1580 2450 236 46 authentique
1896 2450 208 45 surprendra

2144 414 78 22 sans
2253 404 107 33 doute
2391 415 63 22 nos
2483 411 174 27 metteurs
2685 416 42 21 en
2754 406 101 33 scène
2876 419 52 21 mo-

2144 456 123 31 dernes
2281 455 58 45 qui
2354 454 203 35 s'efforcent
2577 454 244 37 louablement
2843 459 93 32 d'ani-

2144 518 77 21 mer
2249 514 36 26 et
2313 508 41 32 de
2383 508 125 32 rendre
2537 506 161 46 toujours
2727 510 76 42 plus
2831 509 122 35 vivant

2143 558 133 44 l'opéra
2297 558 281 45 contemporain.
2594 560 138 32 Strauss
2750 559 93 35 a-t-il
2859 563 94 42 parlé

2145 609 256 35 sérieusement
2419 611 10 33 ?
2460 612 56 31 Ou
2552 611 139 33 doit-on
2728 611 77 33 voir
2843 615 93 31 seule-

2144 668 101 27 ment
2265 663 84 31 dans
2371 674 52 20 ses
2443 663 135 43 paroles
2600 674 47 21 un
2668 661 83 35 effet
2772 665 40 31 de
2827 664 109 33 l'éner-

2144 721 147 27 vement
2312 715 58 32 des
2391 714 209 45 répétitions
2618 715 48 33 ?...

2205 820 381 122 Qj&tfmer
2634 827 254 122 Cage;

2451 964 201 92 èîatt

2197 1118 145 34 ...Cette
2370 1129 117 22 œuvre
2507 1129 155 34 manque
2681 1119 213 33 totalement
2915 1119 42 33 de

2145 1171 82 44 plan
2248 1176 35 27 et
2304 1171 40 31 de
2365 1169 243 34 construction
2627 1183 9 31 ;
2657 1181 136 21 aucune
2813 1182 124 33 propor-

2145 1222 77 33 tion
2243 1222 92 33 n'est
2357 1220 178 44 observée,
2558 1221 151 34 certains
2729 1232 158 34 passages
2917 1223 40 32 de

2146 1273 156 34 Molière
2340 1280 80 27 sont
2458 1274 209 43 développés
2706 1285 84 22 avec
2831 1274 97 33 excès
2949 1288 9 30 5

2145 1326 154 33 d'autres
2314 1332 82 26 sont
2412 1324 208 45 supprimés.
2637 1324 56 33 De
2713 1326 76 43 plus
2810 1325 148 34 nombre

2146 1378 41 32 de
2233 1376 243 46 plaisanteries
2519 1374 112 35 drôles
2670 1377 44 32 du
2755 1383 115 39 temps
2917 1378 41 32 de

2147 1429 156 33 Molière
2333 1435 80 27 sont
2445 1426 223 47 aujourd'hui
2691 1428 18 33 à
2729 1429 103 43 peine
2854 1430 89 32 intel-

2146 1480 148 44 ligibles.
2316 1479 109 34 Enfin
2446 1481 131 43 l'opéra
2598 1486 52 27 est
2671 1481 71 32 mal
2767 1480 85 34 relié
2881 1481 17 33 à
2926 1482 33 31 la

2149 1531 171 36 Comédie
2349 1532 57 46 qui
2437 1533 32 32 le
2498 1532 146 44 précède
2673 1538 36 27 et
2737 1530 158 36 l'intérêt
2916 1534 44 32 du

2149 1585 172 45 spectacle
2342 1596 43 21 en
2406 1590 53 28 est
2479 1585 70 32 très
2570 1583 198 35 diminué...

2177 1691 431 127 CaçjfteciJe
2649 1698 282 107 (Runb;

2203 1984 99 34 ...On
2332 1982 52 34 dit
2412 1982 106 46 qu'au
2547 1981 140 34 dernier
2720 1988 163 27 moment
2916 1993 45 22 on

2152 2047 18 21 a
2200 2034 66 35 fait
2294 2046 128 22 encore
2453 2035 59 32 des
2542 2045 185 33 coupures.
2750 2035 50 32 Le
2830 2035 67 32 duo
2918 2035 45 32 du

2156 2098 14 22 lerI
2177 2091 26 14 er
2222 2088 92 32 Acte
2340 2093 53 26 est
2600 2085 18 33 à
2777 2087 40 32 de
2845 2083 119 35 même

2151 2150 68 34 que
2238 2140 33 31 la
2293 2138 102 33 scène
2416 2139 58 32 des
2500 2137 203 34 comédiens
2731 2137 58 46 qui
2819 2138 145 44 précède

2152 2191 145 44 l'opéra.
2319 2191 49 33 Ce
2389 2201 44 21 ne
2463 2189 54 33 fut
2548 2201 60 33 pas
2638 2201 88 32 pour
2756 2190 135 32 donner
2923 2190 41 32 de

2152 2243 214 32 l'assurance
2394 2241 18 33 à
2431 2242 33 32 la
2484 2240 91 34 suite
2596 2247 35 27 et
2652 2252 69 21 une
2743 2238 221 47 catastrophe

2154 2305 44 22 ne
2227 2294 54 32 fut
2309 2292 129 44 évitée,
2464 2294 84 32 dans
2577 2294 33 31 la
2637 2293 130 42 grande
2793 2292 102 33 scène
2924 2293 40 32 de

2155 2344 220 44 Zerbinette,
2392 2356 67 35 que
2478 2342 101 45 grâce
2601 2344 18 33 à
2645 2345 32 31 la
2705 2345 129 42 grande
2863 2344 81 44 expé-

2156 2397 118 33 rience
2319 2397 41 32 de
2401 2398 33 31 la
2472 2397 102 32 scène
2612 2396 40 33 de
2688 2396 33 32 la
2759 2394 205 35 charmante

2158 2448 275 34 Mademoiselle
2453 2447 154 35 Siems...

1497 255 64 69 S.
1632 255 54 69 I.
1761 255 105 68 M.
