3002 4229
2615 3784 29 53 3

536 210 147 71 DU
754 210 511 74 MUSICIEN
1325 212 72 69 A
1463 192 674 89 L'ÉTRANGER

2529 235 92 70 33

38 366 40 58 il
115 381 87 45 est
238 362 248 62 malaisé
523 363 74 61 de
633 365 237 59 donner
905 365 102 59 des
1044 362 353 85 précisions.
1440 363 167 59 Pour
1639 362 172 60 vivre
1860 385 75 37 en
1990 362 221 75 Suède,
2263 362 338 64 matérielle-

39 474 194 57 ment,
273 460 36 57 il
348 456 132 62 faut
518 479 82 37 un
636 459 343 58 minimum
1016 457 75 59 de
1135 476 161 61 1500
1334 475 348 40 couronnes
1718 455 115 60 soit
1875 475 168 41 2100
2077 455 73 61 fr.

227 550 52 59 Il
316 551 100 82 n'y
453 572 30 37 a
518 570 105 61 pas
657 548 74 61 de
767 549 213 60 modes
1014 549 408 60 d'assurances
1449 546 59 59 ni
1541 545 73 60 de
1643 546 212 59 caisses
1882 546 73 60 de
1991 550 295 73 retraites,
2331 549 195 85 (loyer
2554 572 80 37 ou

39 640 334 84 chômage)
431 642 361 59 semblables
842 640 31 60 à
924 663 158 37 ceux
1132 663 80 37 ou
1265 640 180 59 celles
1496 638 108 82 qui
1656 639 264 58 existent
1972 662 107 58 par
2128 654 137 46 tous
2315 643 82 58 les
2434 657 201 44 autres

36 736 285 81 emplois.
386 736 117 57 Les
557 736 393 58 associations
1009 734 108 82 qui
1183 733 296 58 viennent
1544 751 74 37 en
1687 730 134 59 aide
1886 753 124 38 aux
2066 736 333 57 musiciens
2449 748 135 45 sont
2617 757 13 37 :

40 830 269 58 Swenska
650 824 345 82 Musikfortbundet
996 827 96 81 qui
1093 824 175 60 n'offre
1305 823 102 60 des
1442 842 244 40 secours
1728 822 230 81 qu'aux
2009 823 305 62 hommes.

36 920 359 59 Musikemas
439 917 271 61 Pensions
748 922 193 56 Kassa
978 918 109 82 qui
1121 918 171 58 vient
1328 916 155 60 aussi
1521 936 74 37 en
1633 913 136 60 aide
1804 937 121 37 aux
1958 913 282 64 femmes.

223 1014 89 58 La
341 1033 177 39 cause
547 1012 342 82 principale
925 1011 82 59 du
1036 1010 307 81 chômage
1366 1023 90 45 est
1483 1006 146 61 dans
1656 1007 84 60 les
1766 1029 294 39 vacances
2087 1009 157 61 d'été
2282 1011 108 81 qui
2414 1011 220 60 durent

39 1106 149 59 trois
223 1106 160 59 mois
417 1127 75 37 au
532 1105 222 59 moins.

223 1199 89 57 Le
349 1218 223 62 moyen
614 1197 98 81 d'y
750 1194 302 61 remédier
1088 1194 382 60 consisterait
1507 1190 32 61 à
1576 1190 367 61 rechercher
1971 1216 81 35 un
2081 1195 233 80 emploi
2344 1194 256 61 d'exécu-

39 1305 160 44 tants
236 1289 145 60 dans
415 1291 84 57 les
536 1287 339 59 orchestres
910 1288 111 81 qui
1071 1302 138 44 sont
1259 1283 277 62 attachés
1586 1306 122 38 aux
1757 1282 489 63 établissements
2302 1285 335 61 balnéaires

38 1405 81 35 ou
155 1397 200 45 autres
392 1382 107 80 qui
538 1381 314 58 s'ouvrent
889 1379 273 83 pendant
1196 1376 165 62 l'été.

224 1476 117 57 Les
406 1471 262 61 femmes
734 1487 136 44 sont
936 1470 260 61 admises
1248 1491 249 38 comme
1548 1467 397 61 exécutantes
2005 1468 532 83 professionnelles
2606 1470 30 59 à

38 1566 358 61 l'orchestre
433 1566 72 59 de
541 1562 254 85 l'Opéra
834 1565 202 81 Royal
1071 1590 14 46 ;
1125 1586 75 36 au
1240 1562 195 83 grand
1470 1561 314 61 orchestre
1821 1561 90 60 dit
1971 1561 543 84 Orkesterforeming
2565 1564 72 59 de

40 1658 489 82 Gothembourg
566 1673 58 43 et
661 1658 261 58 d'autres
957 1655 342 61 orchestres
1343 1652 220 86 privés.
1621 1655 167 58 Leur
1839 1652 261 63 nombre
2151 1655 343 83 cependant
2554 1670 85 45 est

38 1773 162 40 assez
233 1748 224 62 limité.

1071 1984 549 61 DANEMARK

224 2200 546 81 L'enseignement
807 2197 259 60 musical
1102 2211 86 45 est
1225 2194 203 62 donné
1465 2195 146 61 dans
1639 2196 54 58 le

40 2296 146 59 dans
243 2295 55 59 le
362 2290 430 62 Conservatoire
849 2291 374 59 Hornemann
1276 2304 60 44 et
1390 2287 148 61 dans
1593 2287 220 61 l'école
1867 2287 210 84 privée
2129 2287 74 61 de
2258 2290 76 57 M
2343 2282 39 28 l!e
2424 2289 215 84 Fanny

42 2389 203 72 Gat]e.

226 2482 118 58 Ces
381 2478 199 60 divers
614 2475 485 61 établissements
1150 2474 305 61 délivrent
1506 2474 143 60 bien
1701 2474 102 60 des
1855 2474 328 83 diplômes,
2239 2475 153 59 mais
2446 2475 69 59 ils
2565 2497 76 37 ne

42 2573 276 60 donnent
373 2591 204 39 aucun
631 2571 143 58 titre
826 2568 226 60 officiel
1098 2583 60 45 et
1209 2583 138 45 tout
1385 2568 305 60 musicien
1727 2582 150 67 peut
1913 2568 214 59 ouvrir
2164 2588 81 39 un
2282 2588 179 39 cours
2510 2588 130 39 sans

42 2663 284 85 posséder
362 2663 101 60 des
499 2662 324 83 diplômes.

228 2757 52 60 Il
317 2756 104 83 n'y
458 2776 32 39 a
524 2775 241 38 aucune
801 2754 185 59 caisse
1023 2752 73 60 de
1132 2754 275 59 retraites
1444 2754 61 58 ni
1541 2752 408 60 d'assurances
1985 2766 214 46 contre
2249 2752 56 59 la
2353 2751 284 74 maladie,

40 2853 55 58 le
132 2849 327 80 chômage.

228 2943 118 58 Les
379 2936 266 63 femmes
682 2959 75 38 ne
791 2952 136 45 sont
975 2958 103 62 pas
1127 2936 265 60 admises
1445 2934 30 62 à
1525 2935 361 61 l'orchestre
1941 2958 251 38 comme
2245 2933 397 63 exécutantes

40 3033 416 85 personnelles
492 3053 12 38 :
612 3028 258 85 excepté
908 3052 119 38 une
1063 3028 354 84 harpéniste
1454 3028 73 82 (!)
1581 3027 193 82 (faute
1809 3029 149 60 d'un
1997 3029 357 81 masculin).

229 3127 397 70 Constatons,
677 3145 148 38 avec
876 3123 286 71 tristesse,
1215 3124 190 80 qu'on
1459 3123 152 59 n'est
1658 3143 103 60 pas
1797 3123 137 80 plus
1967 3119 316 64 féministe
2319 3143 76 37 en
2433 3122 169 58 Dane-

43 3218 180 63 mark
274 3218 188 83 qu'en
518 3217 251 60 France.
825 3215 104 61 Ah
970 3215 10 61 !
1035 3216 95 58 s'il
1158 3237 35 60 y
1247 3216 161 58 avait
1436 3236 84 37 un
1614 3215 303 59 masculin
2038 3236 250 38 comme
2322 3215 55 58 la
2411 3235 231 61 pauvre

113 3310 353 85 harpéniste
594 3310 178 60 serait
830 3306 309 85 renvoyée
1197 3306 31 61 à
1278 3309 58 58 la
1384 3309 260 72 maison,
1698 3309 410 81 presqu'aussi
2160 3307 326 60 durement
2523 3328 119 61 que

44 3405 158 62 chez
236 3424 175 52 nous,
449 3423 101 39 car
585 3423 108 38 nos
729 3400 259 83 grandes
1037 3400 395 60 associations
1480 3399 75 59 de
1607 3414 280 46 concerts
1939 3399 405 61 n'admettent
2388 3419 122 62 pas,
2564 3420 80 37 ou

45 3498 411 62 n'admettent
494 3495 155 83 plus,
685 3495 84 59 les
802 3491 264 63 femmes
1102 3494 201 81 parmi
1336 3493 85 59 les
1455 3490 382 64 exécutants.
1879 3493 201 59 Notre
2128 3490 517 84 correspondante

44 3593 207 75 ajoute
289 3612 12 37 :
410 3588 51 60 Il
496 3588 192 58 existe
724 3608 83 37 un
843 3585 314 61 orchestre
1191 3583 267 62 féminin
1494 3584 32 61 à
1564 3584 430 84 Copenhague

233 3682 90 61 Le
369 3681 358 61 traitement
783 3677 81 61 du
917 3677 345 83 professeur
1313 3677 147 61 dans
1511 3677 510 82 l'enseignement
2084 3674 171 85 privé
2315 3691 86 44 est
2461 3676 184 59 d'une
