3002 4229
674 190 170 69 LES
910 190 330 71 NAVES
1306 193 130 68 ET
1504 193 171 66 LES
1741 193 354 70 PULSES

2555 219 97 68 23

97 368 113 52 III.
285 372 327 61 Rapports
647 374 113 51 des
794 374 294 52 Nuances
1122 376 80 50 de
1236 376 262 49 Vitesse
1536 376 304 49 musicale
1878 379 67 47 et
1979 378 78 50 de
2092 378 416 61 l'Amplitude
2543 379 113 50 des

359 451 452 52 Mouvements
846 468 80 35 en
961 453 289 51 fonction
1285 453 113 50 des
1432 453 296 50 Nuances
1763 453 378 52 d'Intensité
2177 471 242 36 sonore.

1131 685 491 51 DIMINUENDO

223 823 39 31 1.
341 809 428 49 ACCELERANDO...
1417 809 101 48 (Plus
1539 811 50 31 les
1609 811 90 31 deux
1719 822 155 22 nuances
1906 819 80 27 sont
2020 813 207 33 accentuées
2262 815 57 41 (ou
2340 815 198 31 seulement

441 882 21 23 A
564 880 9 18 1
586 882 7 7 •
671 883 10 22 3
746 860 3 45 .
794 881 7 18 1
882 883 8 15 1
908 882 12 21 /
1014 884 8 8 •
1142 860 3 45 .
1467 862 97 32 l'une
1586 861 136 33 d'entre
1743 860 99 45 elles)
1865 865 75 40 plus
1960 865 225 40 l'amplitude
2204 866 104 32 devra
2337 863 201 42 décroître.)

428 888 284 54 Amplitude
741 894 90 35 très
867 888 329 41 décroissante.
1831 888 10 20 ;
1865 888 17 19 r
2049 888 19 21 r
2526 893 12 18 '

217 991 44 32 2.
342 978 205 47 VITESSE
588 994 167 33 FIXE...

428 1049 283 61 Amplitude
741 1050 329 48 décroissante.

1014 1145 13 28 F
1071 1163 26 48 2
1104 1145 51 28 bis
1194 1147 43 48 Si
1266 1146 306 63 Pallargando
1609 1159 66 34 est
1712 1148 155 46 moins
1910 1149 230 46 accentué
2178 1167 90 44 que
2314 1150 41 46 le
2399 1151 112 45 dimi-

1282 1220 244 45 nuendo...
1604 1218 283 60 Amplitude
1911 1218 289 64 légèrement
2213 1221 324 47 décroissante.

215 1305 45 47 3.
337 1291 409 47 ALLARGANDO...
1172 1301 85 48 (Cas
1278 1303 40 32 de
1341 1313 33 23 2.
1396 1300 144 35 Vitesse
1561 1301 253 34 relativement
1835 1300 97 48 fixe).

427 1361 283 62 Amplitude
1102 1390 48 26 tev
1172 1393 42 47 gj
1235 1392 29 47 j'
1270 1411 26 28 a
1299 1392 28 46 i]
1334 1410 47 29 ar
1386 1410 30 46 g
1417 1410 77 28 an(
1494 1393 12 44 ]
1513 1410 27 28 0
1559 1404 67 34 est
1645 1392 44 61 pj
1694 1410 54 29 us
1763 1411 25 27 a
1793 1394 199 45 ccentué
2009 1411 89 44 que
2120 1394 41 46 le
2175 1394 361 48 diminuendo...

1281 1464 282 62 Amplitude
1592 1463 292 64 légèrement
1910 1466 268 46 croissante.

1171 1548 82 40 (Cas
1275 1549 40 32 de
1338 1549 31 33 6.
1393 1547 178 35 Intensité
1593 1547 254 35 relativement
1868 1547 90 44 fixe).

1068 1884 397 69 INTENSITÉ
1504 1905 166 48 FIXE

211 2083 47 44 4.
334 2069 429 47 ACCELERANDO...
802 2067 284 63 Amplitude
1122 2067 330 49 décroissante.

214 2189 43 48 5.
337 2178 206 47 VITESSE
581 2193 167 33 FIXE...
802 2179 284 62 Amplitude
1132 2178 109 49 fixe.

211 2287 46 48 6.
334 2290 410 48 ALLARGANDO...
799 2290 282 61 Amplitude
1118 2291 270 46 croissante.

1153 2651 433 50 CRESCENDO

1006 2761 13 29 f
1066 2775 24 50 y
1096 2759 52 28 bis
1168 2763 44 47 gj
1242 2762 29 46 l'
1276 2780 110 29 acce
1391 2762 192 46 lerando
1605 2774 67 35 est
1691 2762 101 62 plus
1809 2763 231 47 accentué
2061 2782 90 43 que
2170 2764 41 46 le
2230 2766 284 47 crescendo..

1276 2833 285 61 Amplitude
1591 2833 292 63 légèrement
1910 2834 311 47 décroissante

208 2932 44 50 7.
330 2919 428 46 ACCELERANDO...
983 2900 24 93 J
1166 2917 9 45 (
1179 2917 68 34 Cas
1268 2918 41 33 de
1329 2928 36 32 4-
1387 2916 179 35 Intensité
1588 2917 253 34 relativement
1860 2916 98 48 fixe).

420 2989 284 61 Amplitude
744 2988 93 47 fixe
1066 3020 23 50 y
1097 3006 48 26 ter
1172 3007 43 48 Si
1230 3006 341 48 Paccelerando
1583 3020 68 35 est
1663 3009 155 46 moins
1828 3008 231 47 accentué
2070 3026 90 45 que
2173 3008 41 47 le
2228 3010 286 48 crescendo..

1276 3079 283 61 Amplitude
1588 3078 291 64 légèrement
1908 3082 269 51 croissante,

1165 3163 80 44 (Cas
1268 3163 40 32 de
1332 3161 32 35 8.
1386 3161 145 35 Vitesse
1551 3161 253 35 relativement
1826 3160 97 48 fixe).

206 3242 46 48 8.
329 3242 210 47 VITESSE
578 3256 168 33 FIXE...

418 3313 285 61 Amplitude
732 3313 268 47 croissante.

205 3441 45 35 Q.
329 3425 411 45 ALLARGANDO...
1316 3424 97 40 (Hus
1434 3423 50 32 les
1505 3423 90 32 deux
1614 3434 156 21 nuances
1791 3429 82 28 sont
1889 3424 207 34 accentuées
2117 3422 61 48 (ou
2199 3425 200 33 seulement
2418 3424 96 34 Tune

434 3496 18 20 A
555 3493 116 23 i*j
736 3472 4 44 .
934 3495 7 7 •
1060 3472 3 44 .
1369 3474 137 33 d'entre
1526 3472 100 44 elles)
1648 3476 76 40 plus
1745 3474 223 42 l'amplitude
1990 3476 104 33 devra
2114 3473 160 43 croître).

418 3500 284 54 Amplitude
729 3505 92 35 très
847 3506 268 34 croissante.
1614 3503 12 17 '
1647 3500 20 20 r
1833 3500 20 20 r
2248 3502 10 19 '
