3002 4229
409 183 91 66 18

1485 181 61 67 S.
1616 180 56 68 I.
1742 180 106 68 M.

398 353 107 37 nos
539 327 221 84 figures
795 326 456 84 géométriques
1292 331 102 78 (ou
1430 333 80 57 les
1545 344 428 46 mouvements
2007 329 71 58 de
2114 331 52 57 la
2213 330 200 79 danse)
2468 344 57 43 et
2563 331 51 56 îa
2666 333 281 80 musique

398 423 107 78 qui
541 420 130 59 doit
705 420 82 57 les
822 419 357 80 engendrer,
1217 442 78 37 ou
1330 423 558 80 réciproquement.

577 513 182 57 Cette
794 508 169 60 unité
1000 509 72 59 de
1109 532 234 37 mesure
1396 513 269 80 spatiale,
1725 512 255 78 l'espace
2040 532 301 58 parcouru
2399 533 107 59 par
2562 533 76 36 un
2698 514 246 70 mobile,

397 603 130 58 bras
563 625 78 35 ou
670 601 228 80 jambe,
934 622 223 61 crayon
1196 625 77 35 ou
1310 606 280 77 pinceau,
1627 602 264 81 pendant
1927 603 52 56 la
2013 601 185 59 durée
2245 603 179 57 d'une
2479 604 172 79 puise
2706 606 241 80 n'ayant

398 693 207 73 jamais
639 691 94 59 été
770 692 205 71 l'objet
1010 693 293 59 d'aucune
1339 692 202 72 étude,
1587 710 58 42 et
1683 693 240 82 n'ayant
1961 693 202 57 même
2222 714 141 58 reçu
2416 715 196 37 aucun
2673 715 166 51 nom,
2885 696 61 77 je

397 804 260 61 propose
693 783 72 58 de
799 783 292 80 l'appeler
1127 805 115 36 une
1278 805 145 37 nave
1465 790 199 75 (parce
1701 804 118 58 que
1869 783 53 56 le
1956 782 367 59 va-et-vient
2369 782 72 59 de
2499 783 53 58 la
2587 799 240 43 navette
2863 801 84 42 est

393 875 253 80 l'image
679 875 54 57 la
768 876 134 79 plus
936 875 219 80 simple
1189 876 144 57 d'un
1371 889 397 44 mouvement
1806 872 408 83 rythmique).

578 965 88 57 La
701 985 150 37 nave
887 964 227 73 offrira,
1150 987 244 38 comme
1429 966 55 57 la
1523 966 165 79 puise
1723 962 30 59 à
1790 964 255 80 laquelle
2079 964 112 57 elle
2233 965 387 80 correspond,
2669 965 53 58 le
2769 968 178 77 triple

393 1054 303 60 caractère
732 1055 185 60 d'être
954 1078 12 36 :
1096 1055 305 60 arbitraire
1405 1106 13 20 ,
1456 1056 71 58 de
1563 1055 203 59 même
1800 1077 118 59 que
1952 1055 55 57 la
2041 1056 169 79 puise
2247 1056 109 56 elle
2391 1070 146 66 peut
2572 1056 125 58 être
2720 1055 227 60 choisie

395 1148 708 57 conventionnellement
1140 1147 116 58 très
1292 1162 230 56 courte,
1559 1167 303 60 moyenne
1890 1168 75 35 ou
1998 1144 116 60 très
2140 1147 225 78 longue
2392 1171 13 45 ;
2800 1168 147 37 nous

395 1233 328 62 définirons
756 1258 60 37 sa
849 1238 301 80 longueur
1184 1260 69 34 en
1292 1234 390 61 centimètres
1715 1252 58 42 et
1810 1234 384 61 millimètres
2229 1258 243 36 comme
2509 1257 151 38 nous
2704 1233 213 62 définis-

392 1349 135 38 sons
561 1328 54 57 la
651 1327 184 60 durée
870 1328 72 57 de
977 1330 52 55 la
1065 1328 167 80 puise
1267 1350 72 35 en
1376 1327 283 58 secondes
1693 1349 78 35 ou
1806 1327 290 58 fractions
2133 1328 71 56 de
2238 1328 285 59 secondes
2547 1352 14 46 ;
2604 1347 29 59 3
2641 1326 18 25 0

393 1417 74 59 de
503 1418 202 58 même
742 1440 117 60 que
895 1420 53 56 la
983 1420 167 78 puise
1184 1432 146 66 peut
1364 1417 221 59 croître
1622 1439 78 35 ou
1738 1415 300 59 décroître
2085 1418 71 58 de
2191 1416 202 74 durée,
2429 1418 54 58 la
2530 1439 149 37 nave
2726 1439 221 59 pourra

393 1509 225 58 croître
652 1530 80 37 ou
768 1507 299 60 décroître
1102 1506 420 83 d'amplitude,
1557 1507 238 59 suivant
1832 1507 99 59 des
1965 1510 409 79 progressions
2410 1506 264 62 définies.

577 1677 147 58 Ceci
761 1677 287 79 compris,
1086 1697 151 36 nous
1270 1676 224 57 devons
1530 1675 297 57 admettre
1862 1697 244 36 comme
2162 1699 114 34 une
2335 1676 291 60 évidence
2670 1676 32 59 à
2755 1679 188 79 priori

395 1769 181 77 qu'en
611 1769 301 79 principe,
948 1789 103 36 une
1792 1788 145 37 nave
2143 1779 176 69 ayant
2551 1765 88 59 été
2780 1765 167 59 choisie

395 1857 212 81 pondre
879 1857 36 58 à
1019 1878 103 37 une
1269 1858 165 79 puise
1665 1857 218 68 donnée,
2190 1855 66 71 si,
2372 1869 118 66 par
2686 1855 50 57 le
2850 1855 97 75 fait

406 1958 289 69 augme7ite
1046 1968 66 37 ou
1244 1945 236 59 diminue
1781 1947 65 57 de
1973 1945 188 70 durée,
2422 1947 59 56 la
2605 1967 145 37 nave

423 2037 300 60 Géométrie
1095 2038 332 80 Rythmique
1756 2038 34 79 J
1898 2037 179 57 devra
2318 2050 321 66 augmenter

393 2128 349 82 proportions
1159 2150 64 37 ou
1356 2127 480 83 réciproquement.

577 2220 94 56 En
707 2217 165 70 effet,
907 2216 306 60 l'élément
1248 2219 53 57 le
1335 2219 136 78 plus
1518 2217 465 59 naturellement
2017 2215 118 61 fixe
2184 2219 97 57 des
2330 2236 273 64 rapports
2639 2241 119 59 que
2794 2241 148 37 nous

390 2329 187 38 avons
610 2307 213 60 établis
864 2307 144 59 dans
1041 2309 81 57 les
1157 2309 145 57 trois
1334 2309 293 57 formules
1659 2307 312 72 ci-dessus,
2007 2310 144 57 c'est
2186 2306 417 61 évidemment
2645 2311 53 57 la
2730 2311 210 57 vitesse

393 2398 386 81 mécanique,
816 2399 105 80 qui
966 2398 167 78 (dans
1166 2400 82 56 les
1283 2413 116 43 arts
1433 2396 79 59 du
1549 2413 419 56 mouvement,
2007 2396 78 60 où
2123 2399 293 58 l'homme
2452 2414 85 43 est
2572 2403 51 56 le
2671 2401 263 77 moteur)

393 2488 284 59 intéresse
713 2489 568 80 primordialement
1319 2504 171 42 notre
1526 2508 128 38 sens
1690 2488 73 58 de
1799 2488 245 58 l'effort.

576 2580 58 58 Si
671 2579 157 59 donc
858 2600 150 36 nous
1033 2579 255 59 voulons
1312 2600 116 59 que
1452 2578 144 58 dans
1622 2579 54 56 la
1702 2579 201 57 Danse
1931 2601 77 35 ou
2036 2601 71 37 en
2140 2578 361 61 Géométrie
2533 2580 406 82 Rythmique,

394 2683 173 44 notre
602 2668 178 59 effort
817 2669 114 58 soit
968 2683 297 56 constant,
1302 2688 67 39 ce
1406 2669 104 79 qui
1547 2683 87 42 est
1668 2669 53 58 la
1775 2671 372 56 convention
2205 2671 53 57 la
2319 2672 134 77 plus
2509 2671 218 80 simple
2786 2686 55 42 et
2888 2671 54 57 la

392 2761 135 80 plus
561 2761 250 79 logique
845 2758 72 59 de
954 2775 169 43 toute
1159 2757 249 61 activité
1444 2758 312 73 humaine,
1781 2775 170 43 notre
1973 2758 264 61 formule
2266 2761 59 58 n°
2351 2762 120 70 111,
2502 2784 150 36 nous
2679 2762 264 57 donnera

392 2871 73 37 en
503 2850 376 80 remplaçant
919 2850 82 57 les
1035 2865 159 42 mots
1245 2870 212 60 espace
1512 2870 302 60 parcouru
1870 2871 104 59 par
2261 2867 58 42 et
2375 2852 82 57 les
2514 2867 160 44 mots
2730 2852 210 57 vitesse

390 2941 292 57 musicale
717 2961 104 59 par
1314 2940 213 80 puises,
1091 2941 56 56 la
1179 2939 301 81 première
1507 2940 81 58 loi
1625 2937 451 61 fondamentale
2110 2941 100 59 des
2238 2956 117 45 arts
2382 2942 78 58 du
2492 2958 394 43 mouvement
2924 2964 11 36 :

444 3052 321 49 Première
801 3050 85 50 loi
919 3050 374 61 mécanique
1329 3050 77 50 de
1442 3050 61 51 la
1538 3050 362 52 Géométrie
1936 3052 396 63 Rythmique
2368 3055 67 47 et
2471 3054 78 48 de
2584 3053 62 49 la
2680 3053 206 49 Danse

1340 3167 17 26 /
1405 3147 20 75 j
1483 3156 177 37 naves
1696 3149 342 45 constantes

1405 3212 22 78 I
1484 3226 195 78 puises
1715 3241 342 43 constantes

545 3317 235 57 Vitesse
816 3313 364 82 mécanique
1320 3306 24 92 J
2432 3327 22 76 j
1483 3337 175 37 naves
1693 3317 353 58 croissantes

694 3419 311 44 constante
1333 3409 11 83 ]
1404 3391 21 78 1
1485 3406 194 80 puises
1714 3407 353 57 croissantes
2107 3406 77 79 (v.
2217 3429 151 38 mus.
2399 3407 423 79 décroissante)

1409 3506 15 47 (
1481 3518 177 37 naves
1693 3494 431 62 décroissantes

1403 3579 22 72 1
1481 3586 196 80 puises
1711 3585 431 61 décroissantes
2184 3588 78 78 (v.
2302 3612 152 37 mus.
2495 3589 344 77 croissante)
