2291 3860
642 279 272 38 EXÉCUTIONS
948 293 51 26 ET
1031 291 318 29 PUBLICATIONS
1380 291 253 29 NOUVELLES

2054 288 69 40 515

155 381 123 27 sacre
300 379 100 31 sont
422 385 158 29 encore
601 377 57 40 du
682 393 135 35 genre
841 388 85 35 très
950 389 207 47 tempéré,
1180 399 83 37 peu
1281 384 318 53 personnelles,
1632 397 101 26 sans
1775 383 97 39 élan
1903 381 220 41 suffisant.

152 435 36 40 L
207 437 149 40 article
379 451 75 28 sur
477 439 191 45 Gounod
700 448 60 50 (p.
788 463 75 37 247
889 460 40 31 et
953 451 142 52 suiv.)
1112 461 64 31 est
1200 453 97 50 plus
1321 452 73 46 vif,
1417 452 97 51 plus
1545 452 160 46 coloré,
1747 453 143 38 mieux
1933 450 110 39 dans
2085 449 38 39 la

156 505 195 40 manière
369 511 272 50 sarcastique
669 522 40 31 et
729 516 191 41 violente
957 519 52 38 de
1046 519 186 40 Berlioz.
1275 519 206 48 Ailleurs,
1521 520 62 39 les
1623 520 379 49 caractéristiques
2031 525 99 32 sont

157 570 172 41 faibles.
372 572 119 42 Pour
527 575 159 53 Reyer,
732 580 23 39 Y
760 583 250 40 Artésienne
1039 585 53 40 de
1143 585 120 40 Bizet
1301 595 63 31 est
1401 600 85 26 une
1524 598 21 26 «
1574 586 109 52 jolie
1717 587 209 50 partition
1947 598 38 26 ».
2029 584 68 40 Ah
2121 586 6 36 !

159 651 170 27 comme
352 653 47 26 ce
435 651 90 31 mot
548 654 65 31 est
635 647 248 43 insuffisant
909 654 62 37 !...
1001 652 29 39 Il
1066 655 143 49 ajoute
1234 667 83 38 que
1335 653 118 40 Bizet
1476 663 64 30 est
1565 667 17 23 «
1613 653 163 47 habile,
1814 654 232 48 ingénieux
2088 665 37 36 »,

157 715 40 31 et
221 720 84 37 que
329 720 44 27 sa
399 712 210 47 partition
632 726 18 24 «
671 713 112 42 n'est
807 731 77 36 pas
908 719 180 40 l'œuvre
1111 721 57 39 du
1192 722 186 49 premier
1403 734 112 26 venu
1540 733 36 37 »,
1603 726 116 34 étant
1739 722 130 38 écrite
1898 720 110 39 dans
2046 733 84 26 une

158 773 166 50 lungue
363 788 19 24 «
428 776 202 51 élégante
663 790 41 31 et
745 794 189 31 correcte
974 798 40 27 ».
1060 787 61 40 De
1162 788 79 39 tels
1272 797 130 38 mots,
1441 801 109 38 pour
1588 789 222 50 apprécier
1841 802 58 26 un
1928 787 55 40 tel
2011 785 119 42 chef-

159 841 210 48 d'œuvre,
403 857 69 26 me
493 844 92 42 font
617 861 58 26 un
699 863 84 37 peu
807 852 86 39 mal
925 867 79 26 aux
1036 868 126 37 yeux.

216 930 64 40 LE
296 931 322 44 CHANSONNIER
636 951 55 25 DE
709 937 264 44 L'ARSENAL.

1262 854 45 42 S.

1061 943 44 38 M
1144 943 148 41 Pierre
1310 944 150 51 Aubry
1477 947 202 38 continue
1695 958 45 26 sa
1764 943 205 41 brillante
1991 942 140 53 publi-

161 1000 145 39 cation
331 997 57 54 (p.
426 1014 46 36 25
508 1011 40 31 et
569 1006 131 45 suiv.,
726 1006 98 51 plus
849 1008 63 40 les
936 1011 333 49 reproductions
1289 1012 441 51 photographiques).
1752 1011 59 40 Ce
1835 1010 295 41 Chansonnier

161 1079 53 26 ne
240 1068 153 39 mérite
418 1074 136 43 guère
577 1085 58 25 un
656 1072 56 40 tel
733 1087 120 34 nom,
894 1078 34 37 si
955 1077 38 38 le
1013 1087 91 31 mot
1126 1090 17 27 «
1176 1078 196 41 chanson
1408 1092 18 25 »
1450 1084 167 47 évoque
1651 1079 124 39 l'idée
1808 1077 130 42 d'une
1980 1091 148 26 œuvre

161 1135 244 50 populaire.
433 1136 33 39 Il
490 1149 19 26 s
529 1140 90 47 agit
642 1141 52 38 ici
715 1141 52 39 de
803 1146 319 49 compositions
1145 1148 256 47 courtoises,
1426 1147 51 39 de
1495 1148 233 38 sentiment
1752 1152 83 34 très
1860 1145 163 40 raffiné.
2046 1144 85 39 Les

164 1201 173 50 paroles
361 1211 99 32 sont
494 1204 166 51 pleines
683 1208 53 38 de
760 1208 194 42 fadaises
976 1212 69 46 ;le
1069 1213 109 50 sujet
1210 1213 101 40 c'est
1349 1215 173 50 toujour
1545 1227 19 24 «
1601 1227 146 26 amors
1783 1226 37 36 »,
1862 1214 38 38 la
1939 1227 18 23 «
2004 1214 126 50 peine

164 1268 24 39 d
209 1282 148 27 amors
379 1282 75 27 »...
480 1270 115 42 Mais
620 1273 36 39 la
693 1278 208 50 musique
1006 1280 167 49 malgré
1209 1281 60 39 les
1307 1282 155 50 petites
1500 1290 123 31 notes
1656 1283 74 49 qui
1766 1281 37 39 la
1844 1281 288 48 surchargent

166 1336 111 39 dans
300 1337 38 39 la
364 1338 249 42 traduction
635 1341 52 40 de
712 1342 59 40 M.
795 1343 148 42 Pierre
981 1345 152 53 Aubry
1224 1357 64 30 est
1318 1361 186 38 presque
1524 1349 195 50 toujours
1751 1348 142 51 pleine
1922 1348 51 38 de
2004 1350 130 46 grâce

165 1412 40 31 et
228 1404 52 40 de
312 1417 173 28 saveur.
510 1405 236 54 (L'emploi
770 1410 57 39 du
854 1412 341 41 subsemitonium
1227 1415 90 38 toni
1323 1447 8 17 ,
1373 1428 54 27 ou
1460 1424 100 31 note
1592 1415 205 47 sensible,
1834 1415 146 38 diésée
2010 1415 121 38 selon

167 1470 63 40 les
253 1486 71 26 cas
341 1477 21 35 à
386 1472 38 40 la
449 1471 58 41 fin
524 1474 76 40 des
621 1476 225 41 membres
868 1479 54 39 de
941 1481 198 50 phrases,
1165 1491 63 30 est
1251 1482 111 51 juste
1381 1495 51 26 en
1453 1483 209 50 principe,
1688 1483 109 38 mais
1830 1495 67 26 me
1916 1484 139 48 paraît
2076 1495 57 25 un

168 1552 83 38 peu
285 1538 151 43 abusif
454 1541 111 40 dans
588 1540 300 54 l'application
912 1547 61 45 ;il
999 1547 149 41 enlève
1175 1558 182 30 souvent
1397 1553 19 35 à
1453 1562 69 26 ces
1548 1549 227 40 monodies
1806 1549 92 39 leur
1919 1552 214 35 caractère

171 1606 282 52 archaïque.)

543 1608 37 53 J.
616 1607 51 43 C.

226 1698 235 40 FOLKLORE
484 1703 254 36 AMÉRICAIN.

853 1700 118 41 Dans
1007 1702 37 40 le
1082 1703 171 40 dernier
1295 1703 203 41 fascicule
1531 1705 57 39 du
1637 1703 183 40 Journal
1848 1705 54 47 of
1921 1702 213 40 american

169 1764 237 49 Folfc-lore,
424 1766 114 39 édité
560 1780 79 37 par
668 1766 116 41 Fanz
821 1768 131 51 Boas,
994 1772 157 38 assisté
1181 1770 109 40 d'Al.
1334 1771 70 39 Fr.
1449 1770 314 41 Chamberlain
1804 1780 40 30 et
1876 1769 52 41 G.
1961 1770 173 52 Lyman

169 1832 229 51 Kittredge
418 1831 188 53 (Boston
629 1843 41 31 et
698 1833 290 53 New-York),
1024 1841 20 34 à
1082 1838 193 48 signaler
1302 1851 6 25 :
1354 1851 83 26 une
1476 1839 127 38 étude
1634 1844 85 33 très
1759 1839 284 38 documentée
2081 1837 52 39 de

171 1900 120 40 Félix
326 1898 210 42 Grendon
559 1898 64 54 (p.
660 1902 210 49 105-237),
915 1903 73 50 qui
1018 1902 143 40 donne
1195 1903 75 40 des
1305 1905 375 47 renseignements
1721 1903 412 51 bibliographiques

172 1980 74 27 sur
270 1968 37 39 la
333 1970 147 47 magie
503 1968 101 39 chez
628 1968 62 40 les
714 1967 342 51 Anglo-Saxons
1080 1979 40 31 et
1143 1984 84 26 une
1250 1969 309 41 classification
1582 1971 75 39 des
1693 1971 211 39 charmes.
1943 1970 61 40 La
2044 1969 65 41 for-

169 2035 119 39 mule
320 2036 317 39 d'incantation
672 2034 14 50 (.
686 2034 120 40 Eena
838 2050 142 25 meena
987 2066 10 17 ,
1023 2037 150 51 etc...),
1216 2037 171 40 donnée
1419 2051 41 37 p.
1499 2050 86 38 125,
1623 2046 63 31 est
1718 2037 101 40 bien
1841 2040 289 37 intéressante

171 2116 54 26 au
249 2104 124 49 point
404 2102 54 40 de
475 2116 84 26 vue
581 2102 77 40 des
682 2102 288 41 allitérations
992 2112 40 31 et
1055 2104 106 39 delà
1196 2112 212 32 structure
1431 2113 227 42 purement
1679 2105 242 51 phonique.
1952 2103 95 40 Elle
2069 2113 64 30 est

171 2170 59 39 du
254 2173 142 36 même
417 2183 137 35 genre
578 2183 84 38 que
682 2170 129 40 celles
828 2172 73 49 qui
928 2179 74 31 ont
1023 2175 66 35 été
1110 2171 192 40 étudiées
1342 2185 77 37 par
1454 2170 59 40 M.
1550 2171 119 53 Jules
1702 2171 284 46 Combarieu,
2022 2171 109 39 dans

170 2250 82 27 son
276 2237 105 39 livre
406 2250 74 26 sur
506 2236 58 39 La
587 2237 186 53 musique
802 2243 35 33 et
860 2237 41 39 la
923 2237 140 53 magie
1072 2270 6 16 ,
1101 2246 39 32 et
1174 2239 73 50 qui
1268 2246 98 31 sont
1399 2243 279 46 empruntées
1715 2253 80 25 aux
1834 2251 215 36 ouvrages
2081 2238 53 39 de

172 2306 107 38 miss
333 2304 214 40 Fletcher.
583 2303 62 40 Le
687 2304 155 40 travail
893 2305 53 39 de
984 2302 208 43 Grendon
1234 2314 63 30 est
1336 2318 85 27 une
1465 2306 318 50 monographie
1824 2309 311 36 extrêmement

171 2372 197 49 soignée,
471 2370 338 52 probablement
834 2372 262 50 incomplète
1115 2385 169 36 encore,
1377 2373 110 38 mais
1510 2372 52 39 de
1579 2374 190 38 sérieuse
1790 2373 152 38 valeur
1965 2374 168 37 scienti-

171 2438 134 52 fique,
328 2447 40 31 et
393 2443 20 34 à
449 2438 191 52 laquelle
660 2451 112 28 nous
797 2451 137 27 avons
957 2440 88 49 pris
1075 2439 139 48 grand
1239 2440 169 38 intérêt.

1516 2436 43 41 S.

228 2536 286 40 «MUSICIENS
539 2535 354 49 D'AUTREFOIS»,
915 2535 23 49 1
960 2535 111 49 VOL.,
1091 2549 81 25 PAR
1190 2535 176 40 ROMAIN
1392 2535 226 41 ROLLAND.

1689 2534 84 40 Les
1797 2535 151 40 études
1967 2535 104 39 dont
2091 2548 45 26 se

169 2615 210 40 compose
403 2617 46 26 ce
469 2603 107 39 livre
598 2602 217 39 semblent
834 2603 231 38 détachées
1081 2601 129 40 d'une
1241 2603 181 38 histoire
1444 2603 52 38 de
1513 2600 157 53 l'opéra
1695 2606 224 47 présentée
1942 2603 50 38 ici
2027 2602 109 39 dans

171 2671 75 39 des
270 2671 249 40 conditions
541 2671 266 50 imprévues,
832 2682 103 27 sous
957 2669 138 39 forme
1113 2668 326 51 fragmentaire,
1466 2683 101 26 avec
1585 2683 59 26 un
1668 2671 96 38 titre
1783 2683 82 36 peu
1890 2670 245 50 approprié.

170 2737 61 40 M.
260 2737 207 47 Rolland,
493 2737 111 39 dans
628 2751 58 25 un
722 2737 232 50 précédent
990 2749 209 37 ouvrage,
1242 2738 115 37 avait
1398 2737 225 39 considéré
1660 2734 159 53 l'opéra
1851 2749 169 26 comme
2055 2749 83 26 une

171 2806 211 39 tentative
400 2805 78 40 des
501 2804 545 40 musiciens-humanistes
1070 2803 172 39 italiens
1261 2803 195 47 voulant,
1483 2803 82 39 àla
1591 2801 59 42 fin
1674 2804 136 39 duxvi
1815 2808 15 17 e
1851 2803 143 46 siècle,
2032 2803 107 39 faire

173 2874 168 38 revivre
361 2873 38 38 le
424 2873 167 39 théâtre
614 2872 171 51 lyrique
807 2871 76 40 des
908 2869 150 41 Grecs.
1088 2868 252 51 Singulière
1362 2871 95 38 idée
1476 2874 6 35 !
1509 2884 85 35 car,
1691 2883 78 38 pas
1792 2870 98 51 plus
1920 2883 83 38 que
2029 2883 108 26 nous

246 2940 62 39 les
334 2940 240 39 musiciens
614 2938 175 41 italiens
819 2939 53 38 de
914 2937 38 39 la
987 2935 59 41 fin
1089 2938 52 38 de
1176 2937 38 38 la
1258 2937 299 40 Renaissance
1597 2951 53 25 ne
1685 2939 195 37 savaient
1902 2951 52 25 en
1982 2939 102 48 quoi
2116 2950 21 25 a

172 3009 194 38 consisté
398 3007 39 39 le
470 3007 152 39 drame
674 3005 183 40 musical
907 3006 194 49 antique.
1145 3003 61 40 M.
1249 3003 55 41 R.
1340 3004 191 40 Rolland
1566 3017 43 26 se
1647 3004 154 51 déjuge
1843 3003 297 40 franchement

172 3074 300 52 aujourd'hui,
507 3082 40 31 et
567 3073 143 40 recule
733 3087 59 25 un
810 3085 84 38 peu
1005 3083 80 39 pas
1108 3083 120 27 assez
1253 3071 120 39 selon
1395 3084 113 26 nous
1612 3071 61 39 les
1691 3073 192 47 origines
1903 3071 52 39 de
1978 3070 160 52 l'opéra

171 3142 231 39 moderne.
448 3154 18 23 «
489 3139 124 41 Nous
637 3152 168 39 voyons
829 3140 290 47 maintenant,
1139 3137 128 40 dit-il.
1292 3138 60 51 (p.
1383 3139 79 48 53),
1489 3151 83 38 que
1594 3136 160 53 l'opéra
1792 3147 64 31 est
1884 3140 94 37 issu
2016 3138 51 39 de
2100 3138 38 39 la

173 3208 222 52 pastorale
426 3208 58 39 du
503 3222 69 25 xvi
578 3212 14 17 e
611 3207 146 50 siècle,
783 3207 74 50 qui
881 3215 67 30 est
973 3205 254 39 elle-même
1251 3203 390 49 l'aboutissement,
1664 3218 55 27 ou
1737 3205 38 39 la
1792 3205 257 47 décadence,
2089 3205 52 39 de

170 3278 37 38 la
231 3276 196 40 comédie
452 3280 20 34 à
513 3275 227 50 l'antique,
766 3282 40 31 et
837 3273 52 39 de
927 3273 38 38 la
1004 3271 134 40 Sacra
1179 3271 408 55 Rappresentazione
1618 3273 57 39 du
1709 3285 50 27 xv
1764 3278 14 16 e
1801 3273 143 39 siècle.
1968 3272 73 40 »Il
2073 3285 69 27 me

172 3344 169 40 semble
363 3344 130 51 qu'ici
519 3341 184 41 l'auteur
726 3349 87 32 met
837 3340 53 39 de
915 3339 163 40 l'ordre
1100 3340 109 39 dans
1230 3352 69 27 ses
1316 3338 149 51 fiches,
1482 3341 112 38 mais
1613 3339 104 52 qu'il
1747 3338 107 42 n'est
1887 3353 78 38 pas
1987 3353 156 26 encore

172 3414 140 38 arrivé
333 3415 20 35 à
381 3424 85 26 une
488 3423 83 27 vue
593 3407 270 42 d'ensemble
886 3409 217 38 vraiment
1124 3405 225 42 conforme
1368 3407 82 39 àla
1472 3407 150 40 réalité
1641 3408 75 39 des
1738 3407 99 40 faits
1858 3408 282 50 historiques.

174 3479 30 41 Il
237 3478 89 41 faut
350 3487 221 31 remonter
591 3476 230 51 beaucoup
842 3475 98 51 plus
959 3474 120 40 haut.
1103 3473 85 40 Les
1209 3474 353 53 représentations
1593 3478 158 35 sacrées
1789 3488 52 26 ne
1880 3483 97 31 sont
2015 3474 105 40 elles-

176 3551 166 36 mêmes
361 3544 163 54 qu'une
543 3544 305 42 continuation
868 3542 76 40 des
972 3542 179 39 drames
1171 3542 263 51 liturgiques
1458 3542 56 40 du
1552 3555 157 39 moyen
1733 3545 96 49 âge,
1864 3543 73 53 qui
1976 3551 74 31 ont
2078 3544 66 38 été
