2291 3860
637 293 271 36 EXÉCUTIONS
940 305 49 25 ET
1023 305 312 26 PUBLICATIONS
1368 305 251 26 NOUVELLES

2031 301 70 36 513

154 390 21 35 à
217 385 155 45 Rome,
414 394 40 31 et
494 385 212 41 l'histoire
746 390 153 48 ignore
941 391 197 51 jusqu'ici
1178 393 99 51 quel
1310 392 61 40 fut
1412 393 37 39 le
1492 398 150 35 maître
1700 393 53 39 de
1791 392 260 41 Palestrina.
2091 403 19 23 »

210 452 186 40 Comme
417 465 110 27 vous
548 453 38 39 le
609 468 148 37 voyez,
783 457 27 38 il
825 472 68 36 ya
920 458 38 39 là
980 458 226 52 beaucoup
1227 460 51 38 de
1298 460 177 40 couleur
1496 461 79 47 ;du
1598 461 120 48 latin,
1743 461 52 38 de
1818 460 195 48 l'italien,
2037 459 74 39 des

155 520 137 46 dates,
318 520 75 38 des
417 532 127 27 noms
567 534 198 38 propres,
790 524 57 38 du
870 524 151 49 style...
1045 525 49 53 Je
1117 524 197 42 n'insiste
1334 540 92 38 pas.
1448 525 36 41 L
1489 525 118 41 'essai
1625 536 63 30 est
1713 531 110 35 resté
1844 529 183 46 maigre.

210 586 147 39 Parmi
379 586 60 40 les
464 595 145 31 autres
628 600 18 25 «
664 593 193 47 époques
875 603 36 37 »,
924 590 64 40 M.
1009 592 226 49 Bellaigue
1254 594 220 48 distingue
1489 594 70 39 «le
1574 595 138 49 grand
1728 599 130 47 opéra
1873 593 185 50 français
2073 606 37 34 »,

155 661 40 32 et
219 655 110 38 voici
348 653 38 39 le
409 652 133 41 début
565 654 58 39 du
643 655 194 51 chapitre
862 656 100 52 qu'il
983 658 58 40 lui
1062 672 204 27 consacre
1286 671 8 27 :

217 733 18 24 «
247 720 48 53 Je
319 733 53 26 ne
389 721 88 38 sais
492 733 77 38 pas
594 734 83 26 une
700 724 203 49 partition
925 724 98 50 plus
1040 725 126 48 belle,
1191 734 39 31 et
1248 727 73 50 qui
1341 740 69 27 me
1426 729 82 38 soit
1525 727 96 51 plus
1644 727 232 52 chère,que
1889 741 66 25 ma
1971 727 143 39 vieille

158 788 206 50 partition
385 787 76 39 des
483 786 271 54 Huguenots.
783 788 55 40 Sa
866 791 155 39 reliure
1038 800 63 31 est
1118 793 51 38 de
1184 795 232 49 maroquin
1438 803 108 38 vert,
1575 808 102 25 avec
1701 795 76 39 des
1818 793 113 42 filets
1960 803 40 30 et
2039 794 74 39 des

161 854 201 40 tranches
394 854 167 40 dorées.
590 854 86 40 Sur
699 856 38 38 la
761 857 135 48 garde
921 858 52 39 de
996 860 151 46 moire,
1171 860 230 40 au-dessus
1423 861 129 39 d'une
1573 861 99 40 date
1694 861 94 52 déjà
1827 862 210 39 lointaine
2075 868 40 32 et

160 923 72 49 qui
253 922 186 51 dépasse
454 936 57 24 un
544 935 84 38 peu
647 922 37 40 le
707 922 148 41 chiffre
877 924 53 40 de
952 939 92 25 mes
1068 931 158 35 années
1267 927 38 51 je
1328 928 181 48 regarde
1527 927 179 52 parfois,
1727 941 100 27 avec
1860 942 84 26 une
1982 926 133 41 filiale

162 990 128 50 piété,
316 990 110 38 deux
447 989 146 39 lettres
614 990 263 40 entrelacées
899 1000 40 31 et
963 992 150 50 pâlies.
1139 992 86 40 Les
1245 993 250 53 Huguenots
1515 995 109 51 jadis
1748 1000 21 33 à
1790 1008 127 27 cause
1948 995 57 40 du
2028 995 84 38 duo

160 1056 56 42 du
241 1057 242 50 quatrième
508 1065 92 31 acte
620 1070 101 26 sans
745 1058 130 39 doute
965 1060 175 48 étaient,
1168 1073 169 26 comme
1362 1060 164 40 Tristan
1569 1065 213 47 peut-être
1821 1060 289 53 aujourd'hui,

160 1122 37 39 le
214 1122 87 39 don
320 1135 83 38 que
426 1135 43 25 se
496 1121 202 41 faisaient
715 1123 63 39 les
796 1122 177 52 fiancés,
990 1126 146 50 quand
1151 1126 10 38 l
1181 1139 154 27 amour
1356 1127 51 39 de
1431 1127 38 39 la
1495 1129 199 50 musique
1719 1141 43 26 se
1795 1128 146 39 mêlait
1978 1132 19 34 à
2023 1128 92 38 leur

163 1202 169 26 amour.
350 1188 53 39 Et
423 1188 37 51 je
475 1186 83 41 n'ai
583 1187 95 52 qu'à
697 1197 178 32 tourner
894 1192 61 38 les
969 1190 186 41 feuillets
1191 1192 141 50 jaunis
1365 1206 110 38 pour
1509 1195 134 38 sentir
1678 1206 44 26 se
1751 1196 202 43 ranimer,
1993 1199 123 45 après

165 1269 92 26 mes
281 1256 237 51 premières
536 1256 262 50 tendresses,
823 1270 92 27 mes
927 1258 285 40 admirations
1233 1261 251 49 premières.
1505 1260 48 53 Je
1578 1263 155 44 revois,
1760 1261 73 39 àla
1850 1261 122 39 lueur
1994 1273 91 26 mou-

165 1331 122 31 rante
309 1323 75 39 des
408 1322 263 47 flambeaux,
694 1323 233 41 Valentine
949 1324 225 40 échevelée
1197 1334 38 30 et
1258 1331 186 35 traînant
1465 1340 73 26 sur
1557 1327 62 39 les
1655 1340 78 38 pas
1773 1327 52 39 de
1854 1327 156 47 Raoul,
2044 1327 49 38 hé-

166 1394 277 47 roïquement
464 1388 160 51 fugitif,
645 1390 38 38 la
702 1389 239 41 blancheur
962 1392 52 38 de
1047 1405 67 25 ses
1136 1392 151 39 voiles.
1310 1392 169 41 Autour
1496 1394 52 38 de
1571 1407 68 25 ces
1659 1392 164 50 figures
1844 1402 38 31 et
1906 1406 169 26 comme
2096 1398 20 34 à

168 1456 248 52 leurappel,
441 1454 191 42 d'autres
652 1470 82 37 peu
759 1461 20 35 à
804 1471 83 37 peu
908 1471 44 26 se
974 1458 304 47 rassemblent,
1299 1472 52 26 ou
1374 1460 139 50 plutôt
1535 1460 104 39 elles
1671 1461 91 39 leur
1785 1461 242 39 succèdent.
2053 1460 66 39 Au

167 1523 104 40 fond
290 1524 57 39 du
370 1523 183 48 théâtre,
578 1523 102 40 d'un
704 1524 166 39 théâtre
890 1531 55 33 où
968 1526 251 39 reviennent
1260 1527 74 38 des
1372 1526 190 47 ombres,
1605 1526 258 40 Masaniello
1903 1527 122 39 berce
2068 1541 52 25 en

168 1591 207 39 chantant
392 1590 37 40 le
450 1592 120 38 triste
603 1591 200 39 sommeil
821 1591 50 39 de
885 1605 46 25 sa
957 1605 131 26 soeur.
1113 1590 249 42 Guillaume
1385 1607 142 37 passe,
1553 1594 221 39 l'arbalète
1813 1607 72 25 sur
1922 1594 196 50 l'épaule,

169 1667 40 30 et
226 1659 99 51 jette
339 1671 44 25 sa
410 1658 195 51 réplique
625 1656 205 40 farouche
868 1662 20 34 à
929 1658 302 40 l'insouciante
1273 1659 237 40 barcarolie
1545 1660 55 40 du
1643 1661 199 50 pêcheur.
1896 1660 59 38 La
1996 1666 125 33 scène

171 1724 185 49 change,
381 1733 55 38 et,
464 1724 110 39 dans
598 1724 92 40 leur
714 1724 147 40 cloître
884 1738 52 26 en
958 1727 138 43 ruine,
1122 1726 61 39 les
1206 1726 119 50 pâles
1360 1740 167 26 nonnes
1565 1736 164 30 sortent
1774 1727 51 39 de
1866 1728 114 38 leurs
2015 1735 80 31 tom-

172 1791 154 40 beaux.
351 1791 106 40 Puis
480 1792 52 38 de
554 1804 229 26 nouveaux
802 1791 151 39 décors
977 1794 260 47 surgissent,
1261 1806 82 37 que
1364 1793 204 50 peuplent
1591 1794 75 38 des
1689 1792 162 50 figures
1882 1793 238 39 nouvelles.

174 1858 66 40 Au
265 1858 103 40 fond
392 1858 53 39 de
465 1871 77 26 son
567 1872 162 37 pauvre
757 1858 127 49 logis,
912 1873 57 24 un
988 1859 196 39 vieillard
1209 1858 174 40 d'lsraël
1414 1858 167 40 célèbre
1628 1872 83 26 une
1762 1859 147 51 Pâque
1943 1858 174 41 furtive.

170 1925 175 39 Bientôt
368 1926 37 38 la
430 1925 248 39 cathédrale
701 1925 51 39 de
772 1924 200 40 Munster
988 1938 132 26 ouvre
1144 1938 68 26 ses
1228 1925 94 39 nefs
1342 1928 234 37 immenses
1596 1940 53 25 au
1673 1931 171 44 cortège
1866 1926 56 39 du
1942 1940 157 26 couron-

172 2001 192 37 nement,
389 2000 56 37 et,
471 2006 71 25 sur
566 1992 37 39 le
630 1991 128 45 front,
781 1989 101 53 qu'il
896 2004 75 27 osa
994 1992 197 45 courber,
1217 1992 52 39 de
1294 2005 43 26 sa
1363 1998 129 34 mère,
1531 1993 38 38 le
1606 1992 206 51 prophète
1850 1992 274 52 anabaptiste

170 2060 125 39 étend
318 2072 68 26 ses
409 2060 327 49 mainsimpies.
763 2056 131 42 Enfin
917 2056 186 42 d'autres
1127 2059 306 39 architectures
1458 2060 203 38 s'élèvent
1687 2070 6 26 :
1715 2059 179 51 temples
1917 2058 204 47 bizarres,

172 2135 205 31 entrevus
403 2130 19 34 à
449 2135 165 30 travers
637 2126 61 39 les
719 2125 166 51 palmes
918 2133 39 31 et
986 2134 92 30 tout
1107 2127 304 37 retentissants
1436 2124 244 51 d'étranges
1715 2127 303 38 incantations.
2056 2126 68 40 Un

172 2193 231 39 brahmine
421 2193 83 38 àla
523 2194 107 38 tiare
645 2191 93 41 d'or
760 2192 118 39 bénit
898 2192 52 38 de
967 2192 168 51 royales
1155 2192 279 51 épousailles.
1455 2191 112 39 Mais
1587 2192 103 38 elles
1709 2201 72 30 ont
1801 2206 57 24 un
1879 2192 247 39 lendemain

171 2259 186 49 funeste,
384 2268 39 31 et
445 2260 113 50 déjà,
584 2272 103 26 sous
708 2258 156 40 l'arbre
888 2272 79 26 aux
986 2272 188 37 grappes
1197 2259 52 38 de
1273 2271 201 38 pourpre,
1499 2259 37 38 la
1578 2258 172 40 sombre
1783 2267 40 30 et
1843 2261 283 46 magnanime

173 2331 161 48 épouse
349 2328 117 38 vient
489 2326 208 39 chercher
717 2324 166 49 l'oubli,
904 2326 38 38 le
965 2326 200 38 sommeil
1189 2334 39 30 et
1249 2325 38 38 la
1311 2334 125 30 mort.

232 2408 18 23 «
277 2393 55 40 Ils
356 2407 53 25 ne
429 2393 205 40 chantent
656 2392 96 52 plus
779 2396 6 35 1
811 2404 19 25 »
856 2391 117 39 C'est
997 2393 109 38 ainsi
1131 2390 128 53 qu'on
1283 2392 119 50 parle
1426 2392 270 38 maintenant
1716 2400 105 31 —et
1851 2404 109 26 vous
2004 2405 122 26 savez

176 2474 102 26 avec
299 2460 99 52 quel
423 2461 161 50 mépris
605 2459 153 39 !de
781 2467 90 31 tant
894 2458 51 39 de
963 2458 128 39 héros
1112 2466 40 31 et
1168 2457 245 40 d'héroïnes
1435 2456 254 41 d'autrefois
1709 2458 92 39 :de
1835 2457 141 40 Raoul
2014 2467 40 31 et
2076 2458 51 39 de

174 2527 248 45 Valentine,
442 2528 51 38 de
514 2526 197 40 Bertram
734 2533 40 31 et
797 2523 179 51 d'Alice,
998 2525 51 38 de
1066 2523 249 41 Guillaume
1338 2533 39 30 et
1397 2522 243 48 d'Eléazar,
1666 2524 51 38 de
1738 2524 126 39 Fidès
1887 2533 39 30 et
1967 2524 52 39 de
2054 2523 50 41 Se-

175 2595 112 39 lika.
316 2592 87 42 Sur
425 2594 39 39 la
488 2599 141 41 scène,
650 2606 54 26 en
726 2591 113 47 effet,
864 2604 74 27 sur
960 2592 39 39 la
1020 2597 125 34 scène
1161 2590 156 40 visible
1338 2599 40 30 et
1394 2590 142 48 réelle,
1559 2590 52 39 ils
1632 2599 198 42 rompent
1858 2599 213 31 rarement
2094 2591 37 38 le

175 2662 159 39 silence
359 2674 83 38 que
464 2661 153 51 depuis
642 2661 155 50 quinze
818 2664 160 34 années
1002 2659 93 38 leur
1136 2660 167 48 impose
1327 2672 57 24 un
1426 2661 155 35 maître
1615 2658 237 49 impérieux
1893 2665 39 32 et
1969 2658 158 50 jaloux.

181 2728 116 40 Mais
316 2729 109 39 dans
447 2728 156 38 l'ordre
622 2726 128 45 idéal,
785 2725 176 47 éternel,
984 2740 16 19 «
1023 2725 53 38 ils
1092 2725 204 38 chantent
1318 2737 154 26 encore
1494 2736 36 25 ».
1564 2723 54 39 Et
1641 2725 34 37 si
1692 2721 187 42 d'autres
1903 2726 110 44 voix,
2035 2724 98 50 plus

180 2798 234 38 anciennes
436 2808 54 26 ou
513 2794 97 51 plus
625 2795 149 50 jeunes
791 2797 155 42 même,
973 2805 109 26 nous
1101 2792 243 50 paraissent
1364 2791 96 50 plus
1484 2803 128 38 pures
1635 2799 38 30 et
1692 2798 168 31 surtout
1894 2791 97 50 plus
2033 2803 75 38 pro-

178 2862 157 40 fondes
356 2875 84 37 que
457 2862 115 39 leurs
591 2862 114 44 voix,
731 2860 128 39 celles
887 2860 34 38 ci
937 2866 204 43 pourtant
1154 2857 143 40 furent
1319 2866 96 41 trop
1438 2857 245 48 humaines,
1716 2865 95 42 trop
1841 2857 289 50 pathétiques,

179 2942 111 38 pour
314 2942 82 38 que
414 2930 153 50 jamais
588 2928 104 39 elles
717 2940 43 26 se
783 2928 171 44 taisent,
979 2934 40 30 et
1039 2938 110 37 pour
1172 2925 130 50 qu'on
1327 2923 141 40 refuse
1485 2936 53 27 ou
1563 2923 129 51 qu'on
1732 2923 214 49 dédaigne
1983 2924 153 50 jamais

179 2997 50 39 de
252 2997 60 39 les
332 2996 223 40 entendre.
581 2994 123 40 Nous
727 3006 107 26 vous
853 3005 246 38 proposons
1116 2992 51 38 de
1188 2991 59 39 les
1266 2995 172 35 écouter
1461 2989 288 52 aujourd'hui.
1772 3001 22 26 »

240 3063 42 51 Je
306 3071 183 43 partage
510 3062 238 38 volontiers
762 3059 293 40 l'admiration
1076 3058 50 38 de
1150 3057 59 38 M.
1230 3057 226 49 Bellaigue
1472 3069 109 38 pour
1597 3057 61 38 les
1675 3055 250 54 Huguenots
1939 3071 9 33 ;
1969 3058 110 37 mais
2101 3057 37 50 je

183 3132 126 48 dirai,
332 3142 110 39 pour
464 3128 217 47 conclure,
702 3139 168 27 comme
894 3127 37 50 je
955 3126 36 39 le
1014 3125 133 39 dirais
1171 3128 19 35 à
1225 3124 240 46 lui-même,
1492 3128 83 34 très
1616 3123 291 51 simplement,
1936 3138 53 25 au
2013 3137 125 26 cours

181 3198 128 40 d'une
341 3197 306 39 conversation
670 3201 53 33 où
749 3194 38 39 la
810 3194 232 39 courtoisie
1061 3189 249 41 n'exclurait
1328 3203 76 38 pas
1421 3191 38 38 la
1482 3189 215 40 franchise
1719 3205 7 24 :

238 3264 120 40 Vous
382 3276 103 26 avez
509 3262 51 39 de
586 3262 37 38 la
648 3261 166 39 culture
837 3260 206 39 littéraire
1064 3272 9 33 ;
1108 3271 109 26 vous
1240 3259 161 38 écrivez
1435 3256 117 49 bien,
1584 3269 99 27 avec
1709 3257 173 39 adresse
1916 3264 40 32 et
1978 3269 132 27 conve-

182 3345 152 35 nance,
360 3344 87 27 non
473 3342 102 27 sans
598 3328 193 40 couleur.
824 3326 227 40 Peut-être
1072 3325 39 38 la
1134 3326 193 38 manière
1350 3322 287 53 superficielle
1660 3332 39 31 et
1722 3324 150 39 fleurie
1908 3326 73 49 qui
2016 3332 64 32 est
2099 3324 39 39 la

181 3403 121 37 vôtre
327 3397 175 41 est-elle
527 3396 104 39 celle
654 3396 74 50 qui
751 3395 202 39 convient
974 3407 81 26 aux
1078 3393 182 39 lecteurs
1283 3391 52 40 de
1358 3391 37 40 la
1418 3389 148 42 Revue
1589 3391 104 39 dont
1732 3404 109 26 vous
1871 3394 89 37 êtes
1983 3391 38 39 le
2057 3391 61 40 col-

182 3466 268 40 laborateur.
478 3464 163 51 Quand
664 3475 110 27 vous
797 3462 167 39 donnez
983 3460 76 39 des
1084 3457 272 56 impressions
1378 3458 240 52 esthétiques
1652 3471 74 26 sur
1748 3455 178 43 l'œuvre
1949 3458 56 39 du
2028 3459 110 50 jour,

181 3543 123 31 votre
324 3539 107 43 goût
451 3541 63 32 est
534 3546 52 26 en
607 3529 177 51 général
803 3534 84 34 très
915 3533 73 35 sûr
1013 3536 40 31 et
1073 3540 54 27 on
1150 3540 109 27 vous
1284 3526 47 40 lit
1364 3539 99 26 avec
1487 3525 165 51 plaisir.
1675 3525 113 39 Mais
1811 3525 38 40 le
1866 3526 94 39 titre
1985 3525 50 40 de
2065 3527 74 39 cri-
