3434 4356
1664 148 97 49 107

139 282 91 61 ling
272 281 80 46 mit
390 280 102 47 dem
526 278 151 47 Preise
720 277 80 48 der
845 278 274 49 frankfurter
1155 282 398 66 Mozart-Stiftung
1584 304 50 44 ge-

140 358 150 54 krönt,
315 356 158 47 wurde
497 356 151 46 Bruch
673 371 78 29 zur
774 355 213 48 weiteren
1015 357 287 65 Ausbildung
1335 361 323 48 Ferdinand

140 433 193 49 Hiller
362 432 43 47 in
436 432 120 46 Köln
587 440 275 39 anvertraut.
907 433 235 47 Nachdem
1174 451 49 31 er
1251 436 92 47 sich
1376 437 78 46 mit
1485 438 175 61 einigen

140 510 230 48 kleineren
399 508 370 64 Compositionen
794 510 352 63 hervorgethan,
1170 513 181 61 glückte
1381 530 44 30 es
1456 515 108 53 ihm,
1591 516 70 47 die

139 585 270 50 Erlaubniss
455 586 107 45 Em.
602 586 247 48 Geibel's
890 604 77 30 zur
997 587 306 65 Composition
1336 590 79 48 der
1457 592 174 53 „„Lore-

315 678 52 31 zu
399 662 221 48 erhalten.
652 662 176 53 Geibel,
859 663 78 47 der
968 665 150 47 diesen
1150 666 259 63 Operntext
1443 668 190 47 bekannt-

140 739 85 49 lich
259 738 76 46 für
365 738 597 67 Mendelss.ohn-Bartholdy
993 742 228 62 gedichtet
1264 745 87 45 und
1398 746 40 44 in
1484 761 179 47 grosser

141 816 173 50 Furcht
343 831 78 32 vor
450 816 258 47 schlechten
734 817 320 63 Componisten
1085 835 202 47 sorgsam
1315 822 188 61 gehütet
1525 822 138 53 hatte,

139 892 91 66 gab
261 893 166 46 diesem
469 893 214 64 jüngsten
718 894 247 47 Bewerber
1006 912 72 31 um
1122 898 121 46 seine
1275 898 188 65 Loreley
1496 899 168 49 Gehör.

140 969 105 49 Sein
278 968 257 48 Vertrauen
578 969 126 47 ward
746 971 122 47 nicht
908 973 258 61 getäuscht;
1212 973 117 48 denn
1376 992 69 31 wo
1477 976 187 47 Bruch's

142 1047 130 63 Oper
310 1046 152 47 bisher
499 1047 209 63 gegeben
749 1048 158 48 wurde
950 1048 60 64 (in
1043 1051 281 54 Mannheim,
1357 1052 133 51 Köln,
1524 1054 106 46 Ham-

140 1123 119 63 burg
302 1141 44 30 u.
376 1139 32 32 s.
442 1123 92 63 w.),
578 1126 180 47 erwarb
803 1127 61 47 sie
906 1127 91 46 sich
1043 1127 129 47 nebst
1222 1128 80 47 der
1354 1129 310 64 unbedingten

140 1200 216 63 Achtung
386 1200 80 47 der
490 1200 148 47 Kritik
664 1202 85 47 den
781 1202 300 48 lebhaftesten
1109 1203 151 48 Beifall
1292 1204 77 49 des
1391 1206 275 48 Publicums.

139 1278 180 47 Seither
348 1278 264 47 erschienen
644 1294 83 32 von
757 1279 108 48 Max
898 1280 149 47 Bruch
1078 1280 69 47 ein
1184 1282 249 63 „„Gesang
1463 1283 80 47 der
1574 1284 69 46 hei-

140 1355 118 64 ligen
290 1354 94 48 drei
706 1357 90 52 und
837 1358 98 47 eine
976 1359 231 55 „„Flucht
1236 1359 80 47 der
1354 1360 192 64 heiligen
1580 1363 57 46 Fa-

403 1432 172 63 (beides
634 1434 241 48 wirksame
931 1435 517 65 Concert-Nummern),
1518 1438 149 48 ferner

147 1546 18 19 „
187 1509 152 56 „Zehn
630 1510 90 47 und
752 1512 99 47 eine
879 1512 105 47 sehr
1014 1512 204 48 hübsche
1250 1514 308 64 Bearbeitung
1583 1531 82 31 von

147 1623 18 19 „
187 1587 178 55 „Zwölf
388 1588 302 48 schottischen
1012 1590 75 47 für
1111 1592 99 47 eine
1233 1592 306 64 Singstimme.
1571 1594 95 47 Aus

136 1664 117 48 allen
283 1664 154 48 diesen
470 1665 370 65 Compositionen
880 1667 79 63 (sie
989 1667 98 48 sind
1118 1670 340 61 grösstentheils
1490 1670 41 47 in
1561 1670 100 47 dem

136 1740 260 48 trefflichen
431 1741 195 64 Verlage
669 1743 49 48 C.
758 1743 220 48 Sander
1005 1759 19 31 s
1067 1744 42 47 in
1153 1745 188 47 Breslau
1382 1747 282 61 erschienen)

134 1819 163 63 sprach
324 1820 70 46 ein
421 1819 318 65 feingeartetes
763 1821 178 55 Talent,
972 1821 95 54 das,
1099 1823 40 47 in
1166 1823 140 53 edler,
1331 1832 173 40 ernster
1529 1825 106 47 Rich-

135 1901 113 59 tung
281 1895 322 56 fortstrebend,
636 1896 166 49 bereits
831 1898 99 48 eine
958 1898 170 48 seltene
1152 1899 268 48 Herrschaft
1451 1901 114 47 über
1594 1901 71 47 die

136 1974 343 48 musicalischen
512 1975 198 47 Formen
752 1975 91 48 und
887 1976 142 49 Mittel
1075 1975 119 50 übte.
1254 1979 47 46 In
1332 1978 87 48 den
1451 1980 214 65 Frithjof-

134 2051 176 47 Scenen
343 2050 78 50 für
443 2051 111 55 Soli,
584 2053 305 48 Männerchor
921 2053 89 48 und
1043 2054 250 48 Orchester
1326 2055 224 50 bekamen
1583 2058 81 47 wir

135 2144 91 31 nun
271 2128 81 47 das
393 2136 186 40 neueste
624 2129 89 47 und
766 2131 113 46 nach
930 2131 315 63 allgemeinem
1292 2133 203 48 Urtheile
1539 2134 124 48 beste

136 2204 152 48 Werk
318 2205 77 47 des
418 2205 175 65 jungen
628 2206 323 65 Componisten
982 2208 140 48 selbst
1150 2227 50 29 zu

252 2280 155 48 Ueber
435 2281 80 48 das
548 2282 147 47 Werk
725 2282 137 49 selbst
892 2285 170 62 spricht
1103 2286 91 46 sich
1238 2286 240 49 Hanslik
1523 2288 110 48 eben-

135 2356 95 48 falls
267 2357 107 49 sehr
410 2359 325 48 anerkennend
776 2378 95 30 aus.
929 2363 66 46 Er
1034 2361 156 56 findet,
1231 2364 100 47 dass
1369 2365 150 47 Bruch
1564 2366 97 55 „ein

140 2434 138 48 feines
311 2436 314 48 Verständniss
666 2437 77 47 für
785 2440 85 46 alle
903 2439 311 64 Wendungen
1245 2443 145 47 seines
1420 2443 241 49 Gedichtes

134 2511 78 48 hat
243 2514 89 45 und
366 2514 75 47 für
462 2514 108 64 jede
588 2515 224 48 Situation
837 2516 426 50 charakteristische
1294 2519 89 47 und
1416 2520 243 48 wirksame

135 2591 176 64 Klänge
347 2609 51 29 zu
443 2591 153 50 finden
638 2594 156 54 weiss;
838 2595 102 47 dass
982 2596 91 47 sein
1105 2596 102 48 Ohr
1237 2596 266 50 wählerisch
1541 2600 123 62 prüft

132 2667 93 49 nnd
248 2669 387 66 schlechterdings
661 2672 106 47 alles
791 2672 131 49 Rohe
944 2674 90 47 und
1059 2674 193 48 Triviale
1277 2690 82 32 von
1390 2676 91 47 sich
1511 2680 150 52 stösst,

132 2744 102 48 dass
263 2746 122 48 seine
409 2747 136 49 Hand
570 2747 98 49 aufs
696 2757 278 55 sorgsamste
1005 2750 136 48 formt
1169 2751 90 47 und
1292 2751 103 50 feilt.
1429 2754 84 47 Die
1541 2755 95 47 sinn-

135 2822 113 47 liche
280 2824 235 66 Wirkung
556 2826 60 47 sei
659 2826 125 48 nicht
812 2829 302 54 verschmäht,
1156 2829 155 48 weder
1340 2830 42 47 in
1414 2830 81 48 der
1524 2830 108 49 über-

132 2901 282 50 raschenden
438 2904 412 66 Klangmischung,
879 2906 116 48 noch
1025 2907 42 47 in
1092 2907 82 47 der
1194 2906 300 56 Schallkraft;
1523 2910 108 48 über-

132 2977 56 48 all
221 2977 112 50 aber
361 2980 234 48 erscheine
636 2982 63 47 sie
735 2982 345 66 gerechtfertigt
1120 2985 143 47 durch
1307 2984 85 48 den
1435 2986 199 48 musicali-

131 3056 137 48 schen
301 3056 90 48 und
423 3057 335 51 dramatischen
1288 3062 66 47 Er
1383 3062 159 49 betont
1571 3064 64 48 fer-

131 3150 83 32 ner
253 3133 100 58 „die
385 3135 182 49 Einheit
596 3136 79 49 des
704 3137 104 48 Stils
838 3137 93 48 und
959 3137 80 50 der
1068 3138 280 65 Stimmung,
1386 3141 171 48 welche
1586 3141 72 48 die

131 3212 314 50 wechselvolle
465 3213 307 50 Scenenreihe
800 3232 54 32 zu
883 3216 145 48 einem
1059 3217 286 48 wahrhaften
1369 3217 183 50 Ganzen
1583 3236 49 31 zu-

530 3292 286 50 Schliesslich
841 3293 212 65 bestätigt
1082 3310 50 32 er
1161 3295 71 48 die
1255 3295 272 56 Thatsache,
1556 3295 103 49 dass

141 3367 108 57 „das
278 3368 242 50 Publicum
553 3371 80 48 das
666 3371 147 48 Werk
855 3376 198 44 äusserst
1091 3373 180 64 günstig
1302 3373 356 65 aufgenommen

130 3445 91 48 und
266 3446 114 48 nach
419 3447 132 65 jeder
579 3450 228 47 Nummer
850 3450 85 48 den
968 3450 322 64 Componisten
1330 3451 90 48 und
1452 3451 71 47 die
1553 3452 78 47 Mit-

131 3523 264 49 wirkenden
517 3526 274 49 namentlich
826 3528 123 47 Frau
979 3528 259 49 Dustmann
1370 3528 262 65 ausgezeich-

272 3601 94 49 hat.

247 3677 48 49 C.
327 3678 227 50 Schelle
584 3679 59 65 (in
667 3681 81 48 der
1050 3685 205 49 vermisst
1282 3700 120 33 zwar
1424 3683 207 50 Selbstän-

127 3753 173 67 digkeit
328 3756 43 48 in
400 3757 83 47 Stil
513 3757 93 49 und
635 3758 296 68 Auffassung,
962 3761 193 48 erkennt
1184 3761 113 49 aber
1325 3763 43 47 in
1392 3761 102 49 dem
1519 3762 103 48 Com-

127 3834 207 64 ponisten
376 3851 109 42 „aus
516 3837 225 50 manchen
772 3838 168 49 Stellen
988 3840 70 48 ein
1099 3838 310 51 bedeutendes
1438 3841 191 48 dramati-

127 3912 128 48 sches
300 3913 178 56 Talent,
520 3912 78 51 das
638 3914 169 49 schöne
845 3916 202 49 Früchte
1398 3917 91 50 und
1529 3918 129 55 „eine

127 3988 335 51 vollkommene
492 3991 354 67 Beherrschung
889 3992 81 49 der
1006 3993 290 52 technischen
1329 3994 142 50 Mittel
1508 3994 148 50 seiner

130 4067 147 49 Kunst
318 4069 92 49 und
454 4069 99 50 eine
591 4069 256 50 Sicherheit
888 4072 41 48 in
970 4072 333 65 Handhabung
1344 4073 80 48 der
1464 4072 192 58 Effecte,

1759 290 169 46 welche
1959 291 63 46 als
2051 292 150 47 solche
2229 295 136 46 schon
2397 311 150 32 seinen
2576 299 280 62 glücklichen
2881 301 160 65 Erfolg
3072 304 79 46 auf
3169 304 99 48 dem

1760 366 188 47 Gebiete
1978 366 80 47 der
2088 369 126 63 Oper
2243 372 342 60 gewährleisten

1875 444 124 47 Nach
2041 445 188 48 alledem
2277 449 172 47 scheint
2492 449 115 48 denn
2652 451 110 47 doch
2807 455 80 46 seit
2919 456 156 61 langer
3103 456 166 50 Zeiten

1763 517 136 48 Wien
1932 520 129 47 keine
2091 522 241 63 Neuigkeit
2374 526 127 46 einen
2539 543 48 31 so
2628 529 444 64 durchschlagenden
3112 534 157 63 Erfolg

1759 596 172 58 gehabt
1970 614 49 29 zu
2068 598 164 56 haben,
2275 601 61 46 als
2373 602 134 47 diese.
2566 605 64 46 Da
2662 604 76 48 das
2769 606 143 47 Werk
2944 610 236 48 nächstens
3211 612 58 46 im

1763 672 151 46 Druck
1950 672 129 65 fertig
2110 676 90 47 sein
2232 677 110 46 wird
2467 678 163 60 Verlag
2668 696 82 31 von
2783 684 285 48 Leuckart
3112 686 127 64 (San-

1760 747 112 64 der)
1917 750 40 45 in
1999 751 202 54 Breslau,
2251 753 78 47 der
2360 755 112 47 auch
2505 755 83 47 den
2623 757 382 66 Clavier-Auszug
3033 762 77 46 der
3141 764 127 63 Oper

1763 823 237 66 Loreley
2031 828 169 63 verlegt
2230 830 182 53 hat—,
2441 847 48 31 so
2522 832 108 46 wird
2665 849 44 30 es
2740 835 210 47 weiteren
2983 837 185 47 Kreisen
3198 858 50 29 zu-

1762 902 226 62 gänglich,
2019 905 171 48 welche
2218 907 120 47 nicht
2362 908 79 46 auf
2461 908 291 50 wiederholte
2776 912 357 66 Aufführungen
3159 932 85 31 wer-

1763 977 84 47 den
1878 987 171 39 warten
2082 982 157 53 lassen,
2270 983 70 47 die
2370 983 118 49 dann
2520 986 120 47 nicht
2670 990 263 61 ermangeln
2964 991 198 53 werden,
3203 991 71 48 die

1765 1053 257 65 bisherigen
2061 1058 185 64 Erfolge
2276 1077 50 29 zu
2360 1061 263 65 bestätigen,
2653 1065 108 47 oder
2792 1082 133 31 unser
2955 1067 172 48 Urtheil
3160 1070 113 48 über

1764 1131 84 47 den
1878 1132 166 48 Werth
2077 1134 78 47 der
2188 1136 324 64 Composition,
2544 1139 83 47 wie
2658 1141 80 45 wir
2767 1157 45 31 es
2841 1143 42 46 in
2912 1145 85 45 den
3021 1145 251 49 Nummern

1767 1207 68 48 50
1868 1208 89 47 und
1992 1211 62 47 51
2101 1211 76 48 des
2218 1214 181 63 vorigen
2430 1216 259 64 Jahrgangs
2732 1217 145 48 dieser
2907 1220 169 48 Blätter
3114 1237 134 49 ausge-

1764 1286 222 62 sprochen
2022 1287 165 56 haben,
2216 1307 51 29 zu
2299 1291 288 64 widerlegen.

1882 1363 130 47 Auch
2046 1364 81 47 wir
2164 1366 151 48 halten
2360 1367 277 65 keineswegs
2667 1371 104 47 Max
2806 1371 146 48 Bruch
2995 1373 134 48 schon
3169 1383 108 56 jetzt

1767 1438 76 47 für
1871 1440 128 47 einen
2031 1442 361 51 vollkommenen
2423 1447 183 47 Meister
2637 1447 56 46 im
2724 1448 228 57 Schaffen,
2987 1460 145 38 setzen
3162 1453 112 47 aber

1764 1515 81 47 auf
1867 1518 122 47 seine
2016 1519 202 48 Zukunft
2246 1538 154 46 grosse
2430 1522 313 65 Hoffnungen.
2801 1526 140 47 Wohl
2972 1527 77 47 hat
3077 1527 80 48 der
3187 1531 58 45 Re-

1765 1592 143 48 ferent
1950 1594 81 48 der
2506 1602 79 45 mit
2634 1599 99 48 dem
2792 1602 294 63 allgemeinen
3131 1606 144 55 Satze,

1763 1668 155 49 dessen
1952 1673 249 63 Gültigkeit
2243 1674 112 48 aber
2397 1677 81 47 auf
2515 1677 79 48 das
2639 1677 308 66 besprochene
2981 1681 143 48 Werk
3156 1682 121 48 nicht

1763 1755 136 56 passt,
1929 1749 172 48 Recht:
2143 1752 97 53 „ein
2268 1753 190 55 starkes,
2489 1754 78 48 mit
2596 1754 90 48 sich
2718 1755 166 64 einiges
2910 1758 160 47 Talent
3099 1759 179 49 wendet

1762 1823 90 48 sich
1885 1824 305 57 bestimmten,
2235 1837 155 57 streng
2433 1832 300 62 gesonderten
2769 1834 193 47 Formen
3005 1852 67 38 zu,
3117 1852 70 32 wo
3230 1852 45 32 e9

1763 1917 71 31 am
1894 1901 155 50 besten
2103 1905 122 49 seine
2281 1907 462 63 Eigentümlichkeit
2809 1910 157 49 stilvoll
3023 1917 252 59 ausprägen

1978 1980 116 48 Sehr
2122 1989 98 57 gut,
2251 1999 130 33 wenn
2412 1984 80 48 das
2522 2002 85 30 nur
2635 1984 113 51 eben
2779 2002 48 33 so
2858 1987 132 48 leicht
3018 1988 166 65 gethan
3215 1990 62 47 als

1763 2056 295 64 geschrieben
2091 2060 141 47 wäre!
2262 2062 80 47 Mit
2371 2062 79 47 der
2477 2063 252 65 Wendung
2752 2064 111 48 oder
2886 2065 231 65 Richtung
3146 2067 129 47 allein

1760 2135 55 46 ist
1843 2152 44 29 es
1913 2136 119 46 nicht
2054 2138 192 62 gethan;
2277 2139 98 47 dess
2397 2142 153 62 Zeuge
2576 2142 52 47 ist
2651 2142 193 48 Richard
2874 2143 220 63 Wagner.
3124 2144 151 47 Bruch

1762 2210 77 47 hat
1868 2210 78 48 das
1976 2213 178 54 Gebiet,
2195 2216 81 46 auf
2309 2218 216 47 welchem
2569 2236 50 29 er
2658 2219 122 48 seine
2817 2219 462 63 Eigenthümlichkeit

1763 2293 253 59 ausprägen
2042 2290 136 55 kann,
2207 2291 102 49 sehr
2342 2294 118 47 wohl
2492 2294 190 48 erkannt
2713 2294 89 48 und
2834 2296 53 46 ist
2916 2295 199 50 darüber
3143 2298 134 63 völlig

1763 2365 79 47 mit
1870 2366 90 47 sich
1993 2368 132 63 einig.
2164 2369 158 48 Dieses
2352 2371 163 49 Gebiet
2543 2371 53 49 ist
2625 2373 71 47 die
2727 2374 140 63 Oper.
2910 2374 81 47 Mit
3020 2374 144 48 dieser
3194 2376 56 47 Er-

1764 2443 318 49 kenntnissist
2124 2462 44 30 es
2205 2445 110 50 aber
2353 2449 114 47 auch
2497 2449 113 47 noch
2644 2450 122 47 nicht
2794 2450 192 64 gethan:
3029 2467 46 31 es
3114 2451 163 64 gehört

1762 2520 111 48 dazu
1913 2523 114 47 noch
2059 2523 70 48 die
2159 2525 276 61 Kleinigkeit
2472 2534 134 56 guter
2642 2528 498 64 Operngedichte,
3185 2529 89 48 und

1760 2614 51 32 er
1840 2597 159 50 würde
2027 2600 163 63 gewiss
2229 2601 105 47 sehr
2364 2603 209 48 dankbar
2600 2604 110 56 sein,
2752 2622 130 30 wenn
2914 2605 88 47 ihm
3035 2606 97 47 fürs
3160 2614 117 41 erste

1760 2692 87 30 nur
1877 2677 150 48 eines
2058 2695 83 30 von
2171 2679 181 50 solchen
2384 2681 343 64 nachgewiesen
2759 2682 180 48 würde!

3069 2685 48 48 L.
3150 2685 47 47 B.

2134 2909 697 60 Beethoven'sches

2843 2915 55 66 *).

1875 3046 79 47 Nr.
1985 3046 120 48 115.
2130 3047 192 47 Dritte
2350 3047 359 66 Symphonie.
2740 3047 142 51 1803
2897 3048 234 50 —lBO4.
3163 3051 114 48 Titel

1758 3121 78 48 des
1865 3123 357 62 geschriebenen
2251 3123 435 67 Hand-Exemplars
2718 3127 296 48 Beethoven's
3023 3127 140 48 —bei
3193 3127 81 49 der

1757 3199 239 49 Licitation
2025 3201 143 48 seines
2197 3202 270 48 Nachlasses
2496 3220 75 31 um
2604 3202 32 51 3
2665 3204 62 47 Fl.
2759 3203 66 50 10
2849 3206 80 47 Kr.
2952 3204 203 49 verkauft
3186 3204 91 51 und

1750 3277 110 65 jetzt
1883 3278 57 47 im
1966 3278 172 48 Besitze
2161 3278 77 48 des
2264 3279 321 65 Componisten
2608 3282 169 63 Joseph
2803 3283 226 47 Dessauer
3051 3282 41 48 in
3113 3282 164 49 Wien:

1794 3352 249 66 „Sinfonia
2434 3355 119 64 (Zwei
2554 3358 135 50 Worte
2738 3359 241 64 sorgfältig
3019 3358 258 66 ausradirt.)

1764 3432 145 49 1804
1932 3434 58 47 im
2016 3436 194 62 August,
2242 3434 70 48 del
2335 3436 68 48 Sr.
2429 3436 139 46 Louis
2591 3452 83 32 van
2699 3437 271 48 Beethoven.
2999 3436 202 49 Sinfonie
3225 3436 49 50 3.

1759 3510 89 64 Op.
1881 3510 85 49 55.
2025 3512 181 48 Gerade
2236 3519 132 40 unter
2408 3513 168 47 seinem
2622 3514 176 49 Namen
2838 3531 95 32 war
2973 3516 79 45 mit
3090 3514 188 49 Bleistift

1758 3588 299 63 geschrieben
2096 3588 90 48 und
2225 3588 54 48 ist
2307 3589 115 47 noch
2453 3607 52 30 zu
2535 3590 144 49 lesen:
2719 3589 336 57 „Geschrieben
3085 3590 81 50 auf
3191 3592 57 47 Bo-

2059 3667 133 48 Eines
2230 3683 83 32 von
2357 3667 87 48 den
2482 3668 108 47 zwei
2632 3668 283 49 ausradirten
2948 3669 199 48 Worten
3179 3683 93 33 war

1758 3743 235 48 sicherlich
2025 3744 115 47 auch

1875 3822 79 47 Nr.
1999 3819 120 52 130.
2171 3820 247 50 Concert
2468 3822 88 48 für
2605 3822 227 49 Violine
2882 3822 90 48 und
3014 3822 259 48 Orchester.

1763 3897 160 50 1806.
1968 3899 92 48 Das
2091 3899 297 64 Manuscript,
2417 3900 59 49 im
2509 3900 170 50 Besitze
2708 3900 79 49 der
2816 3899 27 48 k
2873 3900 39 47 k.
2940 3898 257 48 Bibliothek
3227 3899 42 47 in

1858 4034 38 49 *)
1923 4037 81 35 Aus
2044 4037 45 37 A.
2132 4037 60 35 W.
2238 4036 230 48 Thayer's
2509 4037 350 47 chronologischem
2904 4036 367 36 Verzeichnisse

1755 4096 80 36 der
1871 4097 168 35 Werke
2077 4097 336 36 Beethoven's.

2979 4148 62 66 n
