2607 3866
1160 310 168 63 239

154 475 333 85 appellent
540 472 37 58 à
626 472 186 62 notre
865 468 415 73 délicatesse,
1324 485 83 42 au
1454 468 139 60 lieu
1625 486 127 61 que
1792 487 70 43 se
1893 471 127 75 fut,
2061 472 50 60 il
2147 491 40 58 y
2238 491 37 41 a

159 560 240 80 quinze
429 570 121 42 ans
574 551 37 58 à
635 551 219 77 peine,
877 548 63 60 le
969 547 269 77 pédant,
1263 563 128 60 que
1415 563 169 45 nous
1606 548 449 75 demeurions,
2088 568 151 45 exas-

162 636 174 81 péré,
369 646 255 46 comme
647 629 243 60 devant
913 626 287 77 quelque
1231 624 314 78 sacrilège
1571 626 222 77 ignare
1820 629 12 59 !
1863 628 78 60 Je
1955 629 169 61 dirai
2145 649 130 58 que

169 722 61 57 la
249 711 473 65 réminiscence
744 708 91 59 du
852 723 149 45 vers
1031 706 188 61 strict
1249 704 199 61 liante
1477 722 108 43 ces
1619 707 154 72 jeux
1802 708 37 59 à
1862 709 144 61 côté
2035 713 65 59 et
2130 711 149 62 leur

163 792 263 67 confère
457 806 93 46 un
581 787 217 79 profit.

245 872 211 62 Toute
478 869 65 59 la
563 864 368 63 nouveauté
955 863 347 73 s'installe,
1321 862 458 62 relativement
1804 882 85 42 au
1910 883 149 45 vers
2080 869 195 73 libre,

170 970 119 63 pas
316 949 92 61 tel
438 963 129 63 que
601 947 61 61 le
704 944 466 79 dix-septième
1208 942 197 60 siècle
1453 942 338 61 l'attribua
1829 944 37 59 à
1893 946 64 58 la
1988 947 172 61 fable
2188 966 91 42 ou

170 1033 244 75 l'opéra
447 1028 94 76 (ce
578 1024 227 63 n'était
845 1031 206 71 qu'un
1091 1022 451 77 agencement,
1589 1038 155 44 sans
1771 1023 64 60 la
1873 1027 293 76 strophe,
2200 1028 80 60 de

174 1111 242 62 mètres
460 1106 218 59 divers
724 1104 61 59 et
824 1102 318 77 notoires)
1194 1099 196 73 mais,
1433 1102 466 74 nommons-le,
1927 1121 258 46 comme
2233 1107 62 63 il.

175 1191 164 70 sied,
370 1209 29 34 «
431 1183 437 81 polymorphe
893 1203 29 36 »
953 1201 11 41 :
991 1184 63 59 et
1084 1179 431 78 envisageons
1545 1179 64 60 la
1635 1181 406 63 dissolution
2073 1186 168 59 main-

172 1268 227 65 tenant
428 1267 92 57 du
567 1262 274 61 nombre
894 1261 267 73 officiel,
1203 1276 80 42 en
1344 1276 68 43 ce
1467 1259 199 77 qu'on
1719 1263 181 73 veut,
1936 1264 39 59 à
2017 1264 264 74 l'infini,

173 1362 256 66 pourvu
469 1342 207 79 qu'un
718 1341 240 78 plaisir
1005 1341 100 76 s'y
1162 1338 256 62 réitère.
1471 1338 240 64 Tantôt
1767 1358 132 44 une
1957 1344 329 77 euphonie

175 1423 404 81 fragmentée
634 1422 185 60 selon
864 1419 489 61 l'assentiment
1401 1418 90 60 du
1542 1418 248 62 lecteur
1815 1421 282 76 intuitif,
2131 1441 156 44 avec

173 1524 129 47 une
324 1502 288 79 ingénue
640 1503 63 57 et
725 1499 336 78 précieuse
1085 1498 297 76 justesse
1495 1497 359 62 M.Moréas
1879 1501 85 77 (1)
1983 1521 15 53 ;
2023 1520 84 42 ou
2131 1503 158 61 bien

175 1604 93 45 un
314 1584 204 78 geste,
551 1579 290 79 alangui,
871 1581 80 59 de
988 1578 322 78 songerie,
1336 1579 410 73 sursautant,
1781 1579 80 60 de
1876 1583 293 74 passion,
2200 1584 60 60 le-

178 1666 150 79 quel
356 1662 187 61 suffit
572 1661 39 59 à
635 1661 277 59 scander
1031 1659 88 59 M.
1148 1657 187 61 Viélé
1358 1657 242 61 Griffin
1623 1657 84 77 (2)
1730 1678 15 54 ;
1769 1661 522 75 préalablement

177 1742 87 65 M.
299 1743 194 61 Kahn
525 1739 85 79 (3)
643 1756 154 43 avec
827 1756 128 42 une
987 1737 297 61 notation
1331 1736 484 78 systématique
1856 1739 80 60 de
1966 1739 66 60 la
2060 1742 234 62 valeur

271 1921 70 62 (1)
393 1919 155 48 Dans
565 1916 58 47 la
647 1915 99 49 cité
776 1929 71 34 au
866 1913 136 49 bord
1031 1913 65 47 de
1125 1913 56 47 la
1204 1926 134 42 mer,
1364 1913 59 46 la
1453 1927 131 47 cape
1618 1916 51 47 et
1696 1915 56 48 la
1778 1913 175 64 dague
1981 1915 221 52 lourdes

396 1982 80 47 De
494 1979 209 61 pierres
720 1978 277 60 jaunes,et
1021 1991 96 33 sur
1136 1979 89 46 ton
1251 1974 243 63 chapeau
1515 1977 93 51 des
1633 1977 215 63 plumes
1868 1978 65 48 de
1948 1985 348 58 perroquets,

395 2043 83 47 Tu
506 2040 109 49 t'en
647 2040 210 56 venais,
893 2038 253 51 devisant
1175 2034 156 51 telles
1355 2037 254 59 bourdes,

394 2105 84 47 Tu
508 2103 104 48 t'en
640 2103 188 49 venais
857 2103 152 47 entre
1037 2103 83 45 tes
1155 2099 141 48 deux
1322 2100 216 64 laquais

396 2167 56 49 Si
482 2165 204 48 bouffis
717 2167 49 44 et
795 2166 116 46 tant
941 2166 115 45 sots
1180 2176 67 35 en
1283 2161 168 50 vérité
1485 2162 96 49 des
1612 2162 400 64 happelourdes
2037 2167 10 46 !

398 2231 153 47 Dans
579 2228 57 46 la
664 2226 102 48 cité
798 2240 71 34 au
897 2225 137 48 bord
1062 2225 63 48 de
1152 2226 56 47 la
1227 2239 132 43 mer,
1390 2228 59 45 tu
1468 2227 107 46 t'en
1597 2227 189 48 venais
1814 2231 51 46 et
1893 2230 59 45 tu
1979 2228 227 63 vaguais

399 2289 184 50 Parmi
610 2289 68 51 de
703 2287 205 63 grands
937 2288 285 48 vieillards
1258 2287 92 65 qui
1371 2288 370 53 travaillaient
1771 2303 108 35 aux
1906 2289 299 65 felouques,

400 2354 73 47 Le
503 2350 133 63 long
664 2350 96 50 des
793 2349 169 50 môles
991 2350 51 47 et
1070 2349 95 51 des
1194 2350 178 61 quais,

558 2413 195 49 C'était
777 2414 82 59 (tu
889 2411 121 49 dois
1040 2413 126 47 bien
1198 2416 101 46 t'en
1327 2413 279 62 souvenir)
1628 2411 179 51 c'était
1830 2428 117 35 aux
1966 2414 126 62 plus
2125 2413 179 50 beaux

652 2477 156 59 jours
842 2473 65 50 de
937 2477 91 46 ton
1059 2473 367 51 adolescence.

1514 2536 79 48 LK
1627 2536 245 49 PÈLERIN
1915 2542 298 43 PASSIONNÉ

1583 2597 233 64 (Agnès,
1847 2602 230 58 strophe

278 2664 75 62 (2)
400 2664 113 48 Des
544 2661 127 49 voix

404 2725 189 56 Aussi,

409 2790 85 48 Me
527 2787 254 50 viennent
814 2783 65 50 de
906 2785 198 58 là-bas,

409 2849 85 50 Ou
523 2851 242 59 passent,
803 2846 414 58 chuclioteuses,
1246 2846 178 63 parmi
1454 2846 83 48 les
1572 2846 215 52 feuilles
1821 2861 11 33 :

408 2910 352 59 D'autrefois,

409 2975 158 47 Nous
602 2974 195 47 avions
828 2971 117 49 erré
969 2973 150 47 toute
1151 2971 54 49 la
1235 2970 119 50 nuit

410 3039 79 45 De
520 3036 167 48 seuils
722 3049 66 33 en
817 3032 200 51 écueils

409 3100 135 58 Moi,
578 3108 213 37 semeur
818 3096 132 57 d'or,
973 3100 50 44 et
1052 3096 222 57 ceux-ci,

410 3162 235 60 Couples
676 3159 65 49 de
762 3158 111 61 joie
907 3162 50 44 et
984 3158 65 51 de
1078 3158 168 60 bruit,

412 3224 137 47 Vers
583 3223 56 47 la
670 3223 160 47 liesse
860 3222 95 47 des
990 3220 240 57 feuilles;

416 3286 142 56 Seul,
583 3285 180 61 j'étais
795 3284 135 57 seul,
955 3281 205 64 malgré
1190 3280 125 65 qu'à
1339 3295 113 34 mes
1484 3282 143 51 deux
1659 3284 129 48 bras

414 3349 192 48 Pesait
715 3347 36 49 à
786 3347 173 60 peine,
992 3361 75 33 un
1098 3346 105 48 rire
1236 3345 66 48 de
1334 3345 283 49 tendresse

416 3411 66 47 Et
507 3411 329 48 frissonnait
870 3408 33 48 à
931 3423 114 33 mes
1066 3422 228 47 genoux,
1320 3407 123 48 leur
1462 3408 128 51 robe
1623 3422 10 34 :

416 3472 129 49 Las.
582 3486 140 35 nous
750 3474 210 47 vînmes
991 3484 124 36 vers
1143 3469 158 48 l'orée
1327 3468 33 49 à
1387 3469 199 50 l'aube.
1866 3470 112 50 LES
2004 3470 225 50 CVGNES

1839 3534 101 61 (Le
1965 3535 298 60 Porcher).

287 3595 73 62 (d)
402 3596 106 48 Les
543 3597 184 49 Palais
760 3595 298 58 Nomades,
1090 3601 98 43 etc.
