2607 3866
1288 275 119 62 240

271 445 228 63 tonale
544 442 119 60 des
696 440 198 59 mots.
928 438 77 60 Je
1037 455 83 43 ne
1171 437 217 60 donne
1420 433 78 61 de
1540 448 217 56 noms,
1783 431 49 59 il
1874 447 81 43 en
1988 431 101 58 est
2128 428 290 61 d'autres

269 523 345 79 typiques,
675 536 173 43 ceux
901 518 82 60 de
1050 517 157 60 MM.
1251 515 274 60 Charles
1588 511 267 70 Morice,
1896 508 381 61 Verhaëren
2310 507 108 77 (1),

275 606 112 60 Du
387 601 230 81 jardin
669 598 123 78 (2),
856 596 435 62 Maeterlinck
1352 595 121 76 (3),
1513 588 248 62 Mockel
1807 588 110 78 (4),
1967 605 127 61 que
2161 603 257 45 comme

283 699 284 64 preuves
602 680 36 59 à
660 695 144 44 mes
826 677 204 72 dires,
1046 676 132 60 afin
1199 673 199 79 qu'on
1417 690 70 42 se
1510 671 259 77 reporte
1793 686 131 42 aux
1941 667 473 77 publications.

365 763 93 60 Le
490 756 466 80 remarquable
988 757 100 60 est
1119 772 128 61 que
1277 769 168 62 pour
1473 752 65 60 la
1567 748 324 80 première
1917 747 155 74 fois,
2108 765 85 42 au
2225 763 195 44 cours

289 845 80 59 de
434 840 329 62 l'histoire
811 836 323 61 littéraire
1179 835 284 59 d'aucun
1520 829 265 80 peuple,
1845 828 573 61 concurremment

290 940 134 43 aux
456 920 287 78 grandes
791 932 240 61 orgues
1063 913 339 80 générales
1451 912 65 58 et
1566 908 386 70 séculaires,
1985 907 83 61 où
2119 906 299 73 s'exalte,

289 1001 262 79 d'après
576 1016 94 43 un
698 997 212 61 latent
933 995 266 72 clavier,
1225 990 461 72 l'orthodoxie,
1717 988 373 78 quiconque
2113 1002 155 45 avec
2298 1002 122 45 son

284 1082 118 79 jeu
429 1083 65 59 et
519 1096 123 45 son
673 1082 152 57 ouïe
870 1072 414 64 individuels
1333 1089 70 41 se
1432 1072 160 76 peut
1639 1085 346 61 composer
2030 1083 94 44 un
2173 1066 214 59 instru-

289 1162 208 70 ment,
532 1160 119 59 dès
682 1156 162 79 qu'il
875 1153 266 73 souffle,
1171 1153 61 60 le
1265 1152 162 60 frôle
1458 1169 85 41 ou
1573 1150 228 76 frappe
1832 1163 155 45 avec
2016 1146 291 73 science;
2342 1162 81 45 en

289 1259 160 44 user
475 1241 36 60 à
537 1240 146 77 part
716 1240 63 58 et
809 1237 58 59 le
898 1235 229 59 dédier
1157 1232 186 61 aussi
1375 1232 37 60 à
1440 1232 66 58 la
1534 1231 297 75 Langue.

370 1321 145 61 Une
544 1318 202 60 haute
777 1313 236 63 liberté
1042 1312 323 61 littéraire
1397 1308 362 79 d'acquise,
1793 1308 61 60 la
1882 1307 156 77 plus
2068 1322 214 43 neuve
2315 1325 11 40 :
2352 1304 70 79 je

289 1417 83 44 ne
401 1398 173 72 vois,
626 1398 61 59 et
717 1412 71 44 ce
820 1395 173 59 reste
1042 1410 158 42 mon
1243 1392 263 59 intense
1552 1388 299 78 opinion,
1902 1386 390 62 effacement
2339 1387 83 60 de

288 1481 147 60 rien
458 1478 117 78 qui
605 1477 93 60 ait
727 1475 101 61 été
857 1475 173 59 beau
1056 1473 168 60 dans
1252 1472 63 60 le
1342 1470 218 78 passé,
1583 1471 68 73 je
1694 1470 315 58 demeure
2055 1467 367 60 convaincu

290 1578 130 59 que
452 1560 169 59 dans
651 1557 97 60 les
781 1555 345 61 occasions
1153 1552 256 78 amples
1428 1567 83 44 on
1544 1550 227 61 obéira
1799 1548 305 78 toujours
2136 1547 37 58 à
2201 1547 64 58 la
2295 1548 98 59 tra-

290 1640 216 61 dition
543 1636 390 71 solennelle,
970 1635 161 59 dont
1169 1632 65 61 la
1273 1630 534 81 prépondérance
1856 1627 218 62 relève
2107 1627 91 60 du
2232 1626 190 79 génie

290 1718 337 78 classique
663 1735 12 41 :
712 1715 376 62 seulement
1127 1711 308 79 lorsqu'il
1464 1710 114 78 n'y
1609 1726 162 45 aura
1799 1725 122 61 pas
1950 1707 162 74 lieu,
2146 1707 38 60 à
2225 1724 200 43 cause

275 1800 215 61 •d'une
518 1793 470 65 sentimentale
1033 1791 265 62 bouffée
1329 1809 84 43 ou
1440 1807 167 61 pour
1653 1805 134 48 une
1818 1787 341 72 anecdote,
2206 1786 80 59 de
2319 1786 71 59 dé-

289 1895 239 62 ranger
555 1877 100 60 les
685 1876 200 60 échos
910 1872 414 74 vénérables,
1355 1887 85 45 on
1465 1870 351 78 regardera
1845 1868 37 60 à
1905 1867 62 61 le
1997 1866 188 61 faire.
2215 1866 212 61 Toute

292 1961 148 58 âme
471 1959 101 59 est
597 1972 133 45 une
762 1953 310 73 mélodie,
1106 1952 161 78 qu'il
1296 1951 191 79 s'agit
1510 1951 78 60 de
1614 1965 319 57 renouer;
1967 1950 63 58 et
2060 1964 170 61 pour
2259 1947 163 70 cela,

292 2041 155 60 sont
487 2039 68 59 la
583 2037 165 60 flûte
779 2052 87 44 ou
896 2035 65 59 la
990 2033 173 60 viole
1211 2032 80 60 de
1324 2032 278 60 chacun.
1638 2030 198 61 Selon
1869 2028 133 61 moi
2037 2027 209 79 jaillit
2275 2028 149 59 tard

290 2136 134 45 une
454 2116 342 62 condition
826 2113 182 61 vraie
1058 2129 86 44 ou
1192 2111 66 60 la
1298 2110 403 78 possibilité,
1748 2110 80 59 de
1861 2107 393 79 s'exprimer
2292 2124 132 43 non

290 2197 402 73 seulement,
725 2195 174 59 mais
931 2193 80 61 de
1042 2209 71 44 se
1145 2191 329 72 moduler,
1508 2191 39 60 à
1568 2206 122 45 son
1719 2188 134 78 gré.

369 2277 309 78 Quelque
710 2273 450 72 étonnement,
1183 2271 353 79 peut-être,
1569 2286 129 62 que
1726 2270 345 59 l'annonce
2102 2266 199 61 d'une
2331 2266 65 60 ré-

287 2359 304 61 volution
623 2356 261 61 d'ordre
918 2352 324 62 littéraire
1270 2352 343 61 abouiisse
1652 2351 37 60 à
1734 2350 329 61 constater
2088 2365 94 43 un
2231 2347 158 60 chan-

289 2440 268 79 gement
590 2437 168 60 dans
787 2435 301 61 l'artifice
1129 2450 87 43 ou
1248 2449 246 61 moyen
1535 2447 121 61 par
1685 2430 397 72 excellence,
2129 2428 63 60 le
2230 2445 151 43 vers
2408 2444 14 42 :

290 2536 82 45 en
398 2519 177 73 effet,
598 2534 94 43 un
716 2515 187 62 souci
925 2512 286 62 musical
1235 2512 270 61 domine
1524 2511 63 60 et
1610 2511 69 79 je
1704 2507 512 79 l'interpréterai
2237 2507 188 61 selon

285 2618 79 45 sa
393 2597 186 63 visée
621 2597 66 60 la
717 2596 155 79 plus
914 2594 201 80 large.
1174 2591 436 79 Symboliste,
1658 2590 403 71 Décadente,
2113 2605 88 43 ou
2248 2588 135 77 Mys-

287 2681 214 78 tique,
532 2679 99 61 les
660 2677 236 61 Ecoles
927 2693 72 43 se
1054 2674 335 60 déclarant
1431 2690 86 43 ou
1566 2670 369 78 étiquetées
1985 2687 81 44 en
2118 2668 152 61 hâte
2310 2685 118 61 par

289 2762 189 59 notre
508 2774 228 63 presse
782 2754 526 73 d'information,
1355 2752 340 78 adoptent,
1742 2766 259 46 comme
2052 2754 371 66 rencontre,

288 2841 62 61 le
379 2840 190 79 point
599 2839 159 61 d'un
782 2836 358 62 Idéalisme
1171 2834 118 78 qui
1318 2832 489 80 (pareillement
1836 2849 135 43 aux
1996 2828 269 79 fugues,
2296 2845 132 44 aux

290 2920 295 77 sonates)
618 2917 224 63 refuse
870 2916 101 62 les
998 2914 377 63 matériaux
1403 2912 302 63 naturels
1738 2914 87 72 et,
1854 2928 256 44 comme
2141 2908 283 73 brutale,

289 3019 134 43 une
448 2999 245 80 pensée
725 2997 247 61 directe
1002 2995 99 62 les
1149 2994 409 73 ordonnant;
1585 3010 169 61 pour
1781 3009 83 44 ne
1896 2991 237 79 garder
2171 2990 82 61 de
2283 2990 144 59 rien

289 3099 130 62 que
448 3082 66 60 la
544 3079 411 80 suggestion.
988 3076 327 62 Instituer
1338 3091 135 44 une
1503 3074 286 61 relation
1818 3075 183 60 entre
2021 3072 98 60 les
2146 3071 277 78 images,

289 3162 253 74 exacte,
576 3162 64 60 et
669 3176 131 63 que
829 3157 137 63 s'en
999 3156 277 62 détache
1305 3171 94 44 un
1433 3155 166 61 tiers
1630 3155 226 77 aspect
1887 3151 251 62 fusible
2170 3152 65 60 et
2265 3149 163 62 clair

382 3332 69 65 (1)
481 3333 103 49 Les
616 3330 171 49 Soirs.
820 3328 108 50 Les
959 3326 284 51 Débâcles.
1283 3326 105 47 Les
1419 3325 341 49 Flambeaux
1788 3325 190 49 Noirs.

538 3396 106 48 Les
673 3394 255 63 Apparus
958 3392 140 48 dans
1134 3403 116 34 mes
1284 3388 268 49 chemins.

382 3457 70 63 (2)
485 3455 255 51 Antonia.
772 3458 78 46 La
880 3453 258 51 Comédie
1165 3451 97 49 des
1297 3451 255 49 Amours.

389 3521 69 59 (3)
495 3520 191 48 Serres
725 3517 277 50 Chaudes.

389 3584 71 62 (4)
496 3581 362 51 Chantefable
893 3594 75 35 un
998 3592 106 51 peu
1137 3578 195 49 Naïve.
