<?xml version="1.0" encoding="UTF-8"?>
<alto xmlns:xsi="http://www.w3.org/2001/XMLSchema-instance" xmlns="http://www.loc.gov/standards/alto/ns-v2#" xsi:schemaLocation="http://www.loc.gov/standards/alto/ns-v2# http://www.loc.gov/standards/alto/alto-v2.0.xsd" xmlns:xlink="http://www.w3.org/1999/xlink">
	<Description>
		<MeasurementUnit>mm10</MeasurementUnit>
		<sourceImageInformation>
			<fileName>//fileserver7/IN2-2/Princeton/Batch7/bmtnaas/1892/06_01/00000294.tif</fileName>
		</sourceImageInformation>
		<OCRProcessing ID="OCRPROCESSING_1">
			<preProcessingStep>
				<processingSoftware>
					<softwareCreator>CCS Content Conversion Specialists GmbH, Germany</softwareCreator>
					<softwareName>CCS docWorks</softwareName>
					<softwareVersion>6.7-1.24</softwareVersion>
				</processingSoftware>
			</preProcessingStep>
			<ocrProcessingStep>
				<processingSoftware>
					<softwareCreator>ABBYY (BIT Software), Russia</softwareCreator>
					<softwareName>FineReader</softwareName>
					<softwareVersion>10.0</softwareVersion>
				</processingSoftware>
			</ocrProcessingStep>
		</OCRProcessing>
	</Description>
	<Styles>
		<TextStyle ID="TXT_0" FONTSIZE="23" FONTFAMILY="Times New Roman"/>
		<TextStyle ID="TXT_1" FONTSIZE="24" FONTFAMILY="Times New Roman"/>
		<ParagraphStyle ID="PAR_CENTER" ALIGN="Center"/>
		<ParagraphStyle ID="PAR_BLOCK" ALIGN="Block"/>
	</Styles>
	<Layout>
		<Page ID="P30" PHYSICAL_IMG_NR="30" HEIGHT="3866" WIDTH="2607" PRINTED_IMG_NR="264" PC="0.919">
			<TopMargin ID="P30_TM00001" HPOS="0" VPOS="0" WIDTH="2607" HEIGHT="248">
				<TextBlock ID="P30_TB00001" HPOS="1257" VPOS="185" WIDTH="119" HEIGHT="61" STYLEREFS="TXT_0 PAR_CENTER">
					<TextLine ID="P30_TL00001" HPOS="1258" VPOS="185" WIDTH="118" HEIGHT="61">
						<String ID="P30_ST00001" HPOS="1258" VPOS="185" WIDTH="118" HEIGHT="61" CONTENT="264" WC="0.37" CC="774"/>
					</TextLine>
				</TextBlock>
			</TopMargin>
			<LeftMargin ID="P30_LM00001" HPOS="0" VPOS="248" WIDTH="241" HEIGHT="3297"/>
			<RightMargin ID="P30_RM00001" HPOS="2406" VPOS="248" WIDTH="201" HEIGHT="3297"/>
			<BottomMargin ID="P30_BM00001" HPOS="0" VPOS="3545" WIDTH="2607" HEIGHT="321"/>
			<PrintSpace ID="P30_PS00001" HPOS="241" VPOS="248" WIDTH="2165" HEIGHT="3297">
				<TextBlock ID="P30_TB00002" HPOS="241" VPOS="338" WIDTH="2165" HEIGHT="3207" STYLEREFS="TXT_1 PAR_BLOCK">
					<TextLine ID="P30_TL00002" HPOS="252" VPOS="338" WIDTH="2134" HEIGHT="83">
						<String ID="P30_ST00002" HPOS="252" VPOS="346" WIDTH="192" HEIGHT="72" CONTENT="toire," WC="0.82" CC="050004"/>
						<SP ID="P30_SP00001" HPOS="444" VPOS="418" WIDTH="33"/>
						<String ID="P30_ST00003" HPOS="477" VPOS="343" WIDTH="61" HEIGHT="61" CONTENT="le" WC="0.52" CC="54"/>
						<SP ID="P30_SP00002" HPOS="538" VPOS="418" WIDTH="39"/>
						<String ID="P30_ST00004" HPOS="577" VPOS="343" WIDTH="262" HEIGHT="60" CONTENT="moteur" WC="0.98" CC="530066"/>
						<SP ID="P30_SP00003" HPOS="839" VPOS="418" WIDTH="47"/>
						<String ID="P30_ST00005" HPOS="886" VPOS="342" WIDTH="118" HEIGHT="61" CONTENT="des" WC="0.95" CC="625"/>
						<SP ID="P30_SP00004" HPOS="1004" VPOS="418" WIDTH="51"/>
						<String ID="P30_ST00006" HPOS="1055" VPOS="343" WIDTH="278" HEIGHT="78" CONTENT="peuples" WC="0.98" CC="1561305"/>
						<SP ID="P30_SP00005" HPOS="1333" VPOS="421" WIDTH="32"/>
						<String ID="P30_ST00007" HPOS="1365" VPOS="345" WIDTH="86" HEIGHT="72" CONTENT="et," WC="0.97" CC="007"/>
						<SP ID="P30_SP00006" HPOS="1451" VPOS="421" WIDTH="51"/>
						<String ID="P30_ST00008" HPOS="1502" VPOS="341" WIDTH="243" HEIGHT="61" CONTENT="durant" WC="0.98" CC="406440"/>
						<SP ID="P30_SP00007" HPOS="1745" VPOS="421" WIDTH="49"/>
						<String ID="P30_ST00009" HPOS="1794" VPOS="339" WIDTH="118" HEIGHT="60" CONTENT="des" WC="0.98" CC="060"/>
						<SP ID="P30_SP00008" HPOS="1912" VPOS="421" WIDTH="32"/>
						<String ID="P30_ST00010" HPOS="1944" VPOS="338" WIDTH="235" HEIGHT="62" CONTENT="siècles" WC="0.98" CC="3065355"/>
						<SP ID="P30_SP00009" HPOS="2179" VPOS="421" WIDTH="51"/>
						<String ID="P30_ST00011" HPOS="2230" VPOS="358" WIDTH="156" HEIGHT="46" CONTENT="sans" WC="0.99" CC="2300"/>
					</TextLine>
					<TextLine ID="P30_TL00003" HPOS="256" VPOS="419" WIDTH="2130" HEIGHT="78">
						<String ID="P30_ST00012" HPOS="256" VPOS="425" WIDTH="304" HEIGHT="71" CONTENT="nombre," WC="0.98" CC="1367004"/>
						<SP ID="P30_SP00010" HPOS="560" VPOS="496" WIDTH="50"/>
						<String ID="P30_ST00013" HPOS="610" VPOS="421" WIDTH="221" HEIGHT="61" CONTENT="tribus" WC="0.98" CC="105573"/>
						<SP ID="P30_SP00011" HPOS="831" VPOS="496" WIDTH="50"/>
						<String ID="P30_ST00014" HPOS="881" VPOS="423" WIDTH="63" HEIGHT="59" CONTENT="et" WC="0.87" CC="20"/>
						<SP ID="P30_SP00012" HPOS="944" VPOS="496" WIDTH="47"/>
						<String ID="P30_ST00015" HPOS="991" VPOS="423" WIDTH="293" HEIGHT="74" CONTENT="nations," WC="0.99" CC="30024614"/>
						<SP ID="P30_SP00013" HPOS="1284" VPOS="497" WIDTH="49"/>
						<String ID="P30_ST00016" HPOS="1333" VPOS="423" WIDTH="81" HEIGHT="61" CONTENT="de" WC="0.70" CC="05"/>
						<SP ID="P30_SP00014" HPOS="1414" VPOS="497" WIDTH="47"/>
						<String ID="P30_ST00017" HPOS="1461" VPOS="422" WIDTH="219" HEIGHT="60" CONTENT="même" WC="1.00" CC="0200"/>
						<SP ID="P30_SP00015" HPOS="1680" VPOS="497" WIDTH="68"/>
						<String ID="P30_ST00018" HPOS="1748" VPOS="435" WIDTH="148" HEIGHT="44" CONTENT="race" WC="0.98" CC="9000"/>
						<SP ID="P30_SP00016" HPOS="1896" VPOS="497" WIDTH="49"/>
						<String ID="P30_ST00019" HPOS="1945" VPOS="435" WIDTH="87" HEIGHT="43" CONTENT="ou" WC="0.60" CC="06"/>
						<SP ID="P30_SP00017" HPOS="2032" VPOS="497" WIDTH="39"/>
						<String ID="P30_ST00020" HPOS="2071" VPOS="419" WIDTH="81" HEIGHT="60" CONTENT="de" WC="1.00" CC="00"/>
						<SP ID="P30_SP00018" HPOS="2152" VPOS="497" WIDTH="49"/>
						<String ID="P30_ST00021" HPOS="2201" VPOS="437" WIDTH="185" HEIGHT="46" CONTENT="races" WC="0.96" CC="97506"/>
					</TextLine>
					<TextLine ID="P30_TL00004" HPOS="256" VPOS="499" WIDTH="2131" HEIGHT="80">
						<String ID="P30_ST00022" HPOS="256" VPOS="505" WIDTH="414" HEIGHT="71" CONTENT="différentes," WC="0.99" CC="007710050204"/>
						<SP ID="P30_SP00019" HPOS="670" VPOS="576" WIDTH="36"/>
						<String ID="P30_ST00023" HPOS="706" VPOS="519" WIDTH="70" HEIGHT="43" CONTENT="se" WC="0.40" CC="74"/>
						<SP ID="P30_SP00020" HPOS="776" VPOS="576" WIDTH="30"/>
						<String ID="P30_ST00024" HPOS="806" VPOS="505" WIDTH="152" HEIGHT="58" CONTENT="sont" WC="0.98" CC="1006"/>
						<SP ID="P30_SP00021" HPOS="958" VPOS="576" WIDTH="28"/>
						<String ID="P30_ST00025" HPOS="986" VPOS="502" WIDTH="199" HEIGHT="62" CONTENT="ruées" WC="0.97" CC="97303"/>
						<SP ID="P30_SP00022" HPOS="1185" VPOS="576" WIDTH="27"/>
						<String ID="P30_ST00026" HPOS="1212" VPOS="503" WIDTH="100" HEIGHT="61" CONTENT="les" WC="0.96" CC="414"/>
						<SP ID="P30_SP00023" HPOS="1312" VPOS="576" WIDTH="29"/>
						<String ID="P30_ST00027" HPOS="1341" VPOS="520" WIDTH="169" HEIGHT="43" CONTENT="unes" WC="0.96" CC="6604"/>
						<SP ID="P30_SP00024" HPOS="1510" VPOS="576" WIDTH="47"/>
						<String ID="P30_ST00028" HPOS="1557" VPOS="502" WIDTH="223" HEIGHT="60" CONTENT="contre" WC="0.99" CC="650003"/>
						<SP ID="P30_SP00025" HPOS="1780" VPOS="576" WIDTH="46"/>
						<String ID="P30_ST00029" HPOS="1826" VPOS="499" WIDTH="99" HEIGHT="60" CONTENT="les" WC="0.97" CC="223"/>
						<SP ID="P30_SP00026" HPOS="1925" VPOS="576" WIDTH="27"/>
						<String ID="P30_ST00030" HPOS="1952" VPOS="501" WIDTH="223" HEIGHT="59" CONTENT="autres" WC="0.99" CC="060015"/>
						<SP ID="P30_SP00027" HPOS="2175" VPOS="576" WIDTH="45"/>
						<String ID="P30_ST00031" HPOS="2220" VPOS="519" WIDTH="167" HEIGHT="60" CONTENT="pour" WC="0.96" CC="9405"/>
					</TextLine>
					<TextLine ID="P30_TL00005" HPOS="257" VPOS="578" WIDTH="2130" HEIGHT="83">
						<String ID="P30_ST00032" HPOS="257" VPOS="602" WIDTH="72" HEIGHT="44" CONTENT="se" WC="0.71" CC="41"/>
						<SP ID="P30_SP00028" HPOS="329" VPOS="646" WIDTH="29"/>
						<String ID="P30_ST00033" HPOS="358" VPOS="583" WIDTH="307" HEIGHT="78" CONTENT="disputer" WC="1.00" CC="00200060"/>
						<SP ID="P30_SP00029" HPOS="665" VPOS="661" WIDTH="46"/>
						<String ID="P30_ST00034" HPOS="711" VPOS="581" WIDTH="65" HEIGHT="59" CONTENT="la" WC="0.83" CC="30"/>
						<SP ID="P30_SP00030" HPOS="776" VPOS="661" WIDTH="34"/>
						<String ID="P30_ST00035" HPOS="810" VPOS="583" WIDTH="194" HEIGHT="60" CONTENT="terre." WC="0.99" CC="050404"/>
						<SP ID="P30_SP00031" HPOS="1004" VPOS="661" WIDTH="52"/>
						<String ID="P30_ST00036" HPOS="1056" VPOS="582" WIDTH="102" HEIGHT="61" CONTENT="On" WC="0.40" CC="65"/>
						<SP ID="P30_SP00032" HPOS="1158" VPOS="661" WIDTH="32"/>
						<String ID="P30_ST00037" HPOS="1190" VPOS="600" WIDTH="83" HEIGHT="44" CONTENT="ne" WC="1.00" CC="00"/>
						<SP ID="P30_SP00033" HPOS="1273" VPOS="661" WIDTH="39"/>
						<String ID="P30_ST00038" HPOS="1312" VPOS="583" WIDTH="160" HEIGHT="78" CONTENT="peut" WC="0.97" CC="0660"/>
						<SP ID="P30_SP00034" HPOS="1472" VPOS="661" WIDTH="48"/>
						<String ID="P30_ST00039" HPOS="1520" VPOS="582" WIDTH="167" HEIGHT="60" CONTENT="donc" WC="0.97" CC="0664"/>
						<SP ID="P30_SP00035" HPOS="1687" VPOS="661" WIDTH="44"/>
						<String ID="P30_ST00040" HPOS="1731" VPOS="578" WIDTH="144" HEIGHT="61" CONTENT="voir" WC="0.98" CC="6400"/>
						<SP ID="P30_SP00036" HPOS="1875" VPOS="661" WIDTH="52"/>
						<String ID="P30_ST00041" HPOS="1927" VPOS="579" WIDTH="169" HEIGHT="59" CONTENT="dans" WC="1.00" CC="0001"/>
						<SP ID="P30_SP00037" HPOS="2096" VPOS="661" WIDTH="49"/>
						<String ID="P30_ST00042" HPOS="2145" VPOS="597" WIDTH="69" HEIGHT="43" CONTENT="ce" WC="0.67" CC="24"/>
						<SP ID="P30_SP00038" HPOS="2214" VPOS="661" WIDTH="50"/>
						<String ID="P30_ST00043" HPOS="2264" VPOS="581" WIDTH="123" HEIGHT="62" CONTENT="fait" WC="0.99" CC="3000"/>
					</TextLine>
					<TextLine ID="P30_TL00006" HPOS="252" VPOS="658" WIDTH="2131" HEIGHT="83">
						<String ID="P30_ST00044" HPOS="252" VPOS="661" WIDTH="483" HEIGHT="65" CONTENT="rudimentaire" WC="0.79" CC="870000003005"/>
						<SP ID="P30_SP00039" HPOS="735" VPOS="726" WIDTH="32"/>
						<String ID="P30_ST00045" HPOS="767" VPOS="661" WIDTH="203" HEIGHT="62" CONTENT="d'être" WC="0.99" CC="044001"/>
						<SP ID="P30_SP00040" HPOS="970" VPOS="726" WIDTH="29"/>
						<String ID="P30_ST00046" HPOS="999" VPOS="679" WIDTH="429" HEIGHT="62" CONTENT="guerroyeur," WC="0.57" CC="67000850567"/>
						<SP ID="P30_SP00041" HPOS="1428" VPOS="741" WIDTH="35"/>
						<String ID="P30_ST00047" HPOS="1463" VPOS="679" WIDTH="130" HEIGHT="43" CONTENT="une" WC="0.98" CC="600"/>
						<SP ID="P30_SP00042" HPOS="1593" VPOS="741" WIDTH="31"/>
						<String ID="P30_ST00048" HPOS="1624" VPOS="658" WIDTH="302" HEIGHT="80" CONTENT="aptitude" WC="0.99" CC="00000606"/>
						<SP ID="P30_SP00043" HPOS="1926" VPOS="741" WIDTH="33"/>
						<String ID="P30_ST00049" HPOS="1959" VPOS="658" WIDTH="424" HEIGHT="76" CONTENT="particulière" WC="1.00" CC="009000031400"/>
					</TextLine>
					<TextLine ID="P30_TL00007" HPOS="246" VPOS="738" WIDTH="2135" HEIGHT="83">
						<String ID="P30_ST00050" HPOS="246" VPOS="746" WIDTH="39" HEIGHT="58" CONTENT="à" WC="0.34" CC="6"/>
						<SP ID="P30_SP00044" HPOS="285" VPOS="804" WIDTH="27"/>
						<String ID="P30_ST00051" HPOS="312" VPOS="745" WIDTH="66" HEIGHT="61" CONTENT="la" WC="1.00" CC="00"/>
						<SP ID="P30_SP00045" HPOS="378" VPOS="806" WIDTH="42"/>
						<String ID="P30_ST00052" HPOS="420" VPOS="760" WIDTH="147" HEIGHT="43" CONTENT="race" WC="0.98" CC="0061"/>
						<SP ID="P30_SP00046" HPOS="567" VPOS="806" WIDTH="33"/>
						<String ID="P30_ST00053" HPOS="600" VPOS="759" WIDTH="317" HEIGHT="60" CONTENT="aryenne." WC="0.98" CC="00643564"/>
						<SP ID="P30_SP00047" HPOS="917" VPOS="819" WIDTH="38"/>
						<String ID="P30_ST00054" HPOS="955" VPOS="742" WIDTH="340" HEIGHT="79" CONTENT="Quelques" WC="0.98" CC="66044465"/>
						<SP ID="P30_SP00048" HPOS="1295" VPOS="821" WIDTH="47"/>
						<String ID="P30_ST00055" HPOS="1342" VPOS="741" WIDTH="328" HEIGHT="62" CONTENT="écrivains" WC="0.99" CC="520050056"/>
						<SP ID="P30_SP00049" HPOS="1670" VPOS="821" WIDTH="48"/>
						<String ID="P30_ST00056" HPOS="1718" VPOS="741" WIDTH="115" HEIGHT="57" CONTENT="ont" WC="0.98" CC="500"/>
						<SP ID="P30_SP00050" HPOS="1833" VPOS="821" WIDTH="46"/>
						<String ID="P30_ST00057" HPOS="1879" VPOS="738" WIDTH="328" HEIGHT="76" CONTENT="prétendu" WC="0.99" CC="00476007"/>
						<SP ID="P30_SP00051" HPOS="2207" VPOS="821" WIDTH="44"/>
						<String ID="P30_ST00058" HPOS="2251" VPOS="757" WIDTH="130" HEIGHT="61" CONTENT="que" WC="0.98" CC="401"/>
					</TextLine>
					<TextLine ID="P30_TL00008" HPOS="246" VPOS="817" WIDTH="2139" HEIGHT="83">
						<String ID="P30_ST00059" HPOS="246" VPOS="825" WIDTH="100" HEIGHT="59" CONTENT="les" WC="0.97" CC="430"/>
						<SP ID="P30_SP00052" HPOS="346" VPOS="884" WIDTH="52"/>
						<String ID="P30_ST00060" HPOS="398" VPOS="822" WIDTH="449" HEIGHT="78" CONTENT="conquérants" WC="0.99" CC="46600400051"/>
						<SP ID="P30_SP00053" HPOS="847" VPOS="900" WIDTH="50"/>
						<String ID="P30_ST00061" HPOS="897" VPOS="822" WIDTH="390" HEIGHT="78" CONTENT="sémitiques" WC="1.00" CC="0500000605"/>
						<SP ID="P30_SP00054" HPOS="1287" VPOS="900" WIDTH="54"/>
						<String ID="P30_ST00062" HPOS="1341" VPOS="821" WIDTH="261" HEIGHT="61" CONTENT="avaient" WC="1.00" CC="0000001"/>
						<SP ID="P30_SP00055" HPOS="1602" VPOS="900" WIDTH="46"/>
						<String ID="P30_ST00063" HPOS="1648" VPOS="836" WIDTH="131" HEIGHT="43" CONTENT="une" WC="0.97" CC="700"/>
						<SP ID="P30_SP00056" HPOS="1779" VPOS="900" WIDTH="54"/>
						<String ID="P30_ST00064" HPOS="1833" VPOS="817" WIDTH="268" HEIGHT="61" CONTENT="férocité" WC="0.99" CC="87050005"/>
						<SP ID="P30_SP00057" HPOS="2101" VPOS="900" WIDTH="41"/>
						<String ID="P30_ST00065" HPOS="2142" VPOS="821" WIDTH="62" HEIGHT="58" CONTENT="et" WC="1.00" CC="00"/>
						<SP ID="P30_SP00058" HPOS="2204" VPOS="900" WIDTH="47"/>
						<String ID="P30_ST00066" HPOS="2251" VPOS="839" WIDTH="134" HEIGHT="44" CONTENT="une" WC="0.96" CC="605"/>
					</TextLine>
					<TextLine ID="P30_TL00009" HPOS="246" VPOS="898" WIDTH="2141" HEIGHT="83">
						<String ID="P30_ST00067" HPOS="246" VPOS="903" WIDTH="329" HEIGHT="78" CONTENT="duplicité" WC="0.99" CC="950000034"/>
						<SP ID="P30_SP00059" HPOS="575" VPOS="981" WIDTH="32"/>
						<String ID="P30_ST00068" HPOS="607" VPOS="902" WIDTH="119" HEIGHT="76" CONTENT="qui" WC="1.00" CC="000"/>
						<SP ID="P30_SP00060" HPOS="726" VPOS="981" WIDTH="32"/>
						<String ID="P30_ST00069" HPOS="758" VPOS="903" WIDTH="368" HEIGHT="77" CONTENT="manquent" WC="0.99" CC="00505360"/>
						<SP ID="P30_SP00061" HPOS="1126" VPOS="981" WIDTH="39"/>
						<String ID="P30_ST00070" HPOS="1165" VPOS="919" WIDTH="134" HEIGHT="43" CONTENT="aux" WC="0.96" CC="055"/>
						<SP ID="P30_SP00062" HPOS="1299" VPOS="981" WIDTH="39"/>
						<String ID="P30_ST00071" HPOS="1338" VPOS="900" WIDTH="443" HEIGHT="78" CONTENT="conquérants" WC="0.99" CC="05600000606"/>
						<SP ID="P30_SP00063" HPOS="1781" VPOS="981" WIDTH="54"/>
						<String ID="P30_ST00072" HPOS="1835" VPOS="915" WIDTH="264" HEIGHT="59" CONTENT="aryens." WC="0.99" CC="0005034"/>
						<SP ID="P30_SP00064" HPOS="2099" VPOS="981" WIDTH="35"/>
						<String ID="P30_ST00073" HPOS="2134" VPOS="898" WIDTH="211" HEIGHT="79" CONTENT="Cepen" SUBS_TYPE="HypPart1" SUBS_CONTENT="Cependant" WC="0.99" CC="60000"/>
						<HYP HPOS="2345" VPOS="898" WIDTH="42" CONTENT="-"/>
					</TextLine>
					<TextLine ID="P30_TL00010" HPOS="249" VPOS="977" WIDTH="2136" HEIGHT="83">
						<String ID="P30_ST00074" HPOS="249" VPOS="985" WIDTH="162" HEIGHT="59" CONTENT="dant" SUBS_TYPE="HypPart2" SUBS_CONTENT="Cependant" WC="1.00" CC="0000"/>
						<SP ID="P30_SP00065" HPOS="411" VPOS="1044" WIDTH="50"/>
						<String ID="P30_ST00075" HPOS="461" VPOS="983" WIDTH="219" HEIGHT="77" CONTENT="Gyrus" WC="0.37" CC="80877"/>
						<SP ID="P30_SP00066" HPOS="680" VPOS="1060" WIDTH="65"/>
						<String ID="P30_ST00076" HPOS="745" VPOS="983" WIDTH="65" HEIGHT="57" CONTENT="et" WC="0.86" CC="20"/>
						<SP ID="P30_SP00067" HPOS="810" VPOS="1060" WIDTH="68"/>
						<String ID="P30_ST00077" HPOS="878" VPOS="981" WIDTH="802" HEIGHT="61" CONTENT="Naboukoudourousour" WC="0.60" CC="300470460455560464"/>
						<SP ID="P30_SP00068" HPOS="1680" VPOS="1060" WIDTH="79"/>
						<String ID="P30_ST00078" HPOS="1759" VPOS="977" WIDTH="332" HEIGHT="61" CONTENT="semblent" WC="1.00" CC="60000300"/>
						<SP ID="P30_SP00069" HPOS="2091" VPOS="1060" WIDTH="79"/>
						<String ID="P30_ST00079" HPOS="2170" VPOS="978" WIDTH="215" HEIGHT="79" CONTENT="égaux" WC="0.98" CC="27042"/>
					</TextLine>
					<TextLine ID="P30_TL00011" HPOS="249" VPOS="1058" WIDTH="2124" HEIGHT="78">
						<String ID="P30_ST00080" HPOS="249" VPOS="1065" WIDTH="172" HEIGHT="59" CONTENT="dans" WC="0.99" CC="0004"/>
						<SP ID="P30_SP00070" HPOS="421" VPOS="1124" WIDTH="31"/>
						<String ID="P30_ST00081" HPOS="452" VPOS="1063" WIDTH="66" HEIGHT="60" CONTENT="la" WC="1.00" CC="00"/>
						<SP ID="P30_SP00071" HPOS="518" VPOS="1124" WIDTH="32"/>
						<String ID="P30_ST00082" HPOS="550" VPOS="1062" WIDTH="298" HEIGHT="71" CONTENT="balance," WC="0.99" CC="00000334"/>
						<SP ID="P30_SP00072" HPOS="848" VPOS="1133" WIDTH="30"/>
						<String ID="P30_ST00083" HPOS="878" VPOS="1063" WIDTH="64" HEIGHT="59" CONTENT="et" WC="0.54" CC="35"/>
						<SP ID="P30_SP00073" HPOS="942" VPOS="1133" WIDTH="46"/>
						<String ID="P30_ST00084" HPOS="988" VPOS="1062" WIDTH="64" HEIGHT="58" CONTENT="la" WC="0.78" CC="40"/>
						<SP ID="P30_SP00074" HPOS="1052" VPOS="1133" WIDTH="55"/>
						<String ID="P30_ST00085" HPOS="1107" VPOS="1061" WIDTH="335" HEIGHT="61" CONTENT="fourberie" WC="0.99" CC="554006610"/>
						<SP ID="P30_SP00075" HPOS="1442" VPOS="1133" WIDTH="49"/>
						<String ID="P30_ST00086" HPOS="1491" VPOS="1060" WIDTH="246" HEIGHT="62" CONTENT="cruelle" WC="0.99" CC="0005064"/>
						<SP ID="P30_SP00076" HPOS="1737" VPOS="1133" WIDTH="48"/>
						<String ID="P30_ST00087" HPOS="1785" VPOS="1058" WIDTH="80" HEIGHT="60" CONTENT="de" WC="0.71" CC="05"/>
						<SP ID="P30_SP00077" HPOS="1865" VPOS="1133" WIDTH="50"/>
						<String ID="P30_ST00088" HPOS="1915" VPOS="1058" WIDTH="321" HEIGHT="78" CONTENT="Cartilage" WC="0.99" CC="700657006"/>
						<SP ID="P30_SP00078" HPOS="2236" VPOS="1136" WIDTH="53"/>
						<String ID="P30_ST00089" HPOS="2289" VPOS="1077" WIDTH="84" HEIGHT="43" CONTENT="ne" WC="0.33" CC="66"/>
					</TextLine>
					<TextLine ID="P30_TL00012" HPOS="249" VPOS="1138" WIDTH="2136" HEIGHT="84">
						<String ID="P30_ST00090" HPOS="249" VPOS="1145" WIDTH="120" HEIGHT="62" CONTENT="fait" WC="0.97" CC="5072"/>
						<SP ID="P30_SP00079" HPOS="369" VPOS="1207" WIDTH="28"/>
						<String ID="P30_ST00091" HPOS="397" VPOS="1160" WIDTH="122" HEIGHT="62" CONTENT="pas" WC="1.00" CC="000"/>
						<SP ID="P30_SP00080" HPOS="519" VPOS="1222" WIDTH="14"/>
						<String ID="P30_ST00092" HPOS="533" VPOS="1142" WIDTH="171" HEIGHT="78" CONTENT="pâlir" WC="0.99" CC="08200"/>
						<SP ID="P30_SP00081" HPOS="704" VPOS="1222" WIDTH="30"/>
						<String ID="P30_ST00093" HPOS="734" VPOS="1141" WIDTH="163" HEIGHT="59" CONTENT="celle" WC="0.97" CC="04276"/>
						<SP ID="P30_SP00082" HPOS="897" VPOS="1222" WIDTH="31"/>
						<String ID="P30_ST00094" HPOS="928" VPOS="1141" WIDTH="80" HEIGHT="61" CONTENT="de" WC="1.00" CC="00"/>
						<SP ID="P30_SP00083" HPOS="1008" VPOS="1222" WIDTH="30"/>
						<String ID="P30_ST00095" HPOS="1038" VPOS="1141" WIDTH="234" HEIGHT="61" CONTENT="Rome." WC="0.98" CC="53003"/>
						<SP ID="P30_SP00084" HPOS="1272" VPOS="1222" WIDTH="32"/>
						<String ID="P30_ST00096" HPOS="1304" VPOS="1142" WIDTH="128" HEIGHT="60" CONTENT="Les" WC="0.97" CC="034"/>
						<SP ID="P30_SP00085" HPOS="1432" VPOS="1222" WIDTH="14"/>
						<String ID="P30_ST00097" HPOS="1446" VPOS="1141" WIDTH="135" HEIGHT="61" CONTENT="rois" WC="0.99" CC="0004"/>
						<SP ID="P30_SP00086" HPOS="1581" VPOS="1222" WIDTH="19"/>
						<String ID="P30_ST00098" HPOS="1600" VPOS="1140" WIDTH="352" HEIGHT="60" CONTENT="orientaux" WC="0.99" CC="600405060"/>
						<SP ID="P30_SP00087" HPOS="1952" VPOS="1222" WIDTH="17"/>
						<String ID="P30_ST00099" HPOS="1969" VPOS="1138" WIDTH="416" HEIGHT="62" CONTENT="marchaient" WC="0.99" CC="4454700006"/>
					</TextLine>
					<TextLine ID="P30_TL00013" HPOS="246" VPOS="1217" WIDTH="2134" HEIGHT="81">
						<String ID="P30_ST00100" HPOS="246" VPOS="1223" WIDTH="223" HEIGHT="63" CONTENT="suivis" WC="0.98" CC="760002"/>
						<SP ID="P30_SP00088" HPOS="469" VPOS="1286" WIDTH="32"/>
						<String ID="P30_ST00101" HPOS="501" VPOS="1222" WIDTH="384" HEIGHT="70" CONTENT="d'esclaves," WC="0.99" CC="03052500024"/>
						<SP ID="P30_SP00089" HPOS="885" VPOS="1292" WIDTH="37"/>
						<String ID="P30_ST00102" HPOS="922" VPOS="1221" WIDTH="171" HEIGHT="60" CONTENT="mais" WC="0.99" CC="0004"/>
						<SP ID="P30_SP00090" HPOS="1093" VPOS="1292" WIDTH="29"/>
						<String ID="P30_ST00103" HPOS="1122" VPOS="1221" WIDTH="50" HEIGHT="60" CONTENT="il" WC="1.00" CC="00"/>
						<SP ID="P30_SP00091" HPOS="1172" VPOS="1292" WIDTH="26"/>
						<String ID="P30_ST00104" HPOS="1198" VPOS="1239" WIDTH="83" HEIGHT="43" CONTENT="ne" WC="0.83" CC="03"/>
						<SP ID="P30_SP00092" HPOS="1281" VPOS="1292" WIDTH="36"/>
						<String ID="P30_ST00105" HPOS="1317" VPOS="1221" WIDTH="143" HEIGHT="60" CONTENT="faut" WC="0.97" CC="5060"/>
						<SP ID="P30_SP00093" HPOS="1460" VPOS="1292" WIDTH="28"/>
						<String ID="P30_ST00106" HPOS="1488" VPOS="1237" WIDTH="119" HEIGHT="61" CONTENT="pas" WC="0.99" CC="003"/>
						<SP ID="P30_SP00094" HPOS="1607" VPOS="1298" WIDTH="31"/>
						<String ID="P30_ST00107" HPOS="1638" VPOS="1218" WIDTH="259" HEIGHT="63" CONTENT="oublier" WC="0.99" CC="6004027"/>
						<SP ID="P30_SP00095" HPOS="1897" VPOS="1298" WIDTH="42"/>
						<String ID="P30_ST00108" HPOS="1939" VPOS="1217" WIDTH="99" HEIGHT="61" CONTENT="les" WC="0.98" CC="006"/>
						<SP ID="P30_SP00096" HPOS="2038" VPOS="1298" WIDTH="30"/>
						<String ID="P30_ST00109" HPOS="2068" VPOS="1218" WIDTH="197" HEIGHT="61" CONTENT="ilotes" WC="0.99" CC="017005"/>
						<SP ID="P30_SP00097" HPOS="2265" VPOS="1298" WIDTH="33"/>
						<String ID="P30_ST00110" HPOS="2298" VPOS="1221" WIDTH="82" HEIGHT="60" CONTENT="de" WC="0.91" CC="01"/>
					</TextLine>
					<TextLine ID="P30_TL00014" HPOS="249" VPOS="1296" WIDTH="2129" HEIGHT="85">
						<String ID="P30_ST00111" HPOS="249" VPOS="1303" WIDTH="231" HEIGHT="78" CONTENT="Sparte" WC="0.99" CC="600004"/>
						<SP ID="P30_SP00098" HPOS="480" VPOS="1381" WIDTH="33"/>
						<String ID="P30_ST00112" HPOS="513" VPOS="1305" WIDTH="62" HEIGHT="56" CONTENT="et" WC="0.88" CC="20"/>
						<SP ID="P30_SP00099" HPOS="575" VPOS="1381" WIDTH="58"/>
						<String ID="P30_ST00113" HPOS="633" VPOS="1298" WIDTH="388" HEIGHT="75" CONTENT="d'Athènes," WC="0.99" CC="0480753514"/>
						<SP ID="P30_SP00100" HPOS="1021" VPOS="1381" WIDTH="61"/>
						<String ID="P30_ST00114" HPOS="1082" VPOS="1301" WIDTH="68" HEIGHT="58" CONTENT="ni" WC="1.00" CC="00"/>
						<SP ID="P30_SP00101" HPOS="1150" VPOS="1381" WIDTH="45"/>
						<String ID="P30_ST00115" HPOS="1195" VPOS="1301" WIDTH="99" HEIGHT="60" CONTENT="les" WC="0.98" CC="005"/>
						<SP ID="P30_SP00102" HPOS="1294" VPOS="1381" WIDTH="57"/>
						<String ID="P30_ST00116" HPOS="1351" VPOS="1300" WIDTH="173" HEIGHT="61" CONTENT="serfs" WC="0.97" CC="14065"/>
						<SP ID="P30_SP00103" HPOS="1524" VPOS="1381" WIDTH="47"/>
						<String ID="P30_ST00117" HPOS="1571" VPOS="1298" WIDTH="335" HEIGHT="71" CONTENT="romains;" WC="1.00" CC="03000031"/>
						<SP ID="P30_SP00104" HPOS="1906" VPOS="1381" WIDTH="60"/>
						<String ID="P30_ST00118" HPOS="1966" VPOS="1296" WIDTH="100" HEIGHT="61" CONTENT="les" WC="0.95" CC="616"/>
						<SP ID="P30_SP00105" HPOS="2066" VPOS="1381" WIDTH="48"/>
						<String ID="P30_ST00119" HPOS="2114" VPOS="1300" WIDTH="264" HEIGHT="59" CONTENT="nations" WC="0.99" CC="0001405"/>
					</TextLine>
					<TextLine ID="P30_TL00015" HPOS="243" VPOS="1377" WIDTH="2140" HEIGHT="84">
						<String ID="P30_ST00120" HPOS="243" VPOS="1399" WIDTH="338" HEIGHT="62" CONTENT="aryennes" WC="0.99" CC="96000002"/>
						<SP ID="P30_SP00106" HPOS="581" VPOS="1461" WIDTH="46"/>
						<String ID="P30_ST00121" HPOS="627" VPOS="1381" WIDTH="116" HEIGHT="60" CONTENT="ont" WC="0.99" CC="300"/>
						<SP ID="P30_SP00107" HPOS="743" VPOS="1461" WIDTH="55"/>
						<String ID="P30_ST00122" HPOS="798" VPOS="1380" WIDTH="163" HEIGHT="61" CONTENT="vécu" WC="0.97" CC="0166"/>
						<SP ID="P30_SP00108" HPOS="961" VPOS="1461" WIDTH="47"/>
						<String ID="P30_ST00123" HPOS="1008" VPOS="1381" WIDTH="81" HEIGHT="58" CONTENT="de" WC="0.75" CC="05"/>
						<SP ID="P30_SP00109" HPOS="1089" VPOS="1461" WIDTH="49"/>
						<String ID="P30_ST00124" HPOS="1138" VPOS="1381" WIDTH="190" HEIGHT="76" CONTENT="longs" WC="0.97" CC="06707"/>
						<SP ID="P30_SP00110" HPOS="1328" VPOS="1461" WIDTH="55"/>
						<String ID="P30_ST00125" HPOS="1383" VPOS="1380" WIDTH="238" HEIGHT="62" CONTENT="siècles" WC="0.99" CC="4032003"/>
						<SP ID="P30_SP00111" HPOS="1621" VPOS="1461" WIDTH="46"/>
						<String ID="P30_ST00126" HPOS="1667" VPOS="1397" WIDTH="118" HEIGHT="42" CONTENT="sur" WC="0.97" CC="070"/>
						<SP ID="P30_SP00112" HPOS="1785" VPOS="1461" WIDTH="64"/>
						<String ID="P30_ST00127" HPOS="1849" VPOS="1377" WIDTH="61" HEIGHT="61" CONTENT="le" WC="0.71" CC="31"/>
						<SP ID="P30_SP00113" HPOS="1910" VPOS="1461" WIDTH="56"/>
						<String ID="P30_ST00128" HPOS="1966" VPOS="1395" WIDTH="297" HEIGHT="61" CONTENT="servage," WC="0.99" CC="06500052"/>
						<SP ID="P30_SP00114" HPOS="2263" VPOS="1461" WIDTH="57"/>
						<String ID="P30_ST00129" HPOS="2320" VPOS="1382" WIDTH="63" HEIGHT="59" CONTENT="et" WC="0.63" CC="24"/>
					</TextLine>
					<TextLine ID="P30_TL00016" HPOS="247" VPOS="1457" WIDTH="2134" HEIGHT="85">
						<String ID="P30_ST00130" HPOS="247" VPOS="1463" WIDTH="226" HEIGHT="79" CONTENT="quand" WC="0.99" CC="00050"/>
						<SP ID="P30_SP00115" HPOS="473" VPOS="1542" WIDTH="63"/>
						<String ID="P30_ST00131" HPOS="536" VPOS="1479" WIDTH="130" HEIGHT="43" CONTENT="une" WC="0.95" CC="605"/>
						<SP ID="P30_SP00116" HPOS="666" VPOS="1542" WIDTH="47"/>
						<String ID="P30_ST00132" HPOS="713" VPOS="1460" WIDTH="158" HEIGHT="59" CONTENT="voix" WC="0.99" CC="0600"/>
						<SP ID="P30_SP00117" HPOS="871" VPOS="1542" WIDTH="49"/>
						<String ID="P30_ST00133" HPOS="920" VPOS="1461" WIDTH="157" HEIGHT="58" CONTENT="s'est" WC="0.98" CC="40520"/>
						<SP ID="P30_SP00118" HPOS="1077" VPOS="1542" WIDTH="52"/>
						<String ID="P30_ST00134" HPOS="1129" VPOS="1461" WIDTH="219" HEIGHT="61" CONTENT="élevée" WC="0.98" CC="341082"/>
						<SP ID="P30_SP00119" HPOS="1348" VPOS="1542" WIDTH="51"/>
						<String ID="P30_ST00135" HPOS="1399" VPOS="1477" WIDTH="84" HEIGHT="45" CONTENT="en" WC="0.77" CC="40"/>
						<SP ID="P30_SP00120" HPOS="1483" VPOS="1542" WIDTH="61"/>
						<String ID="P30_ST00136" HPOS="1544" VPOS="1460" WIDTH="236" HEIGHT="59" CONTENT="faveur" WC="0.99" CC="200160"/>
						<SP ID="P30_SP00121" HPOS="1780" VPOS="1542" WIDTH="53"/>
						<String ID="P30_ST00137" HPOS="1833" VPOS="1458" WIDTH="82" HEIGHT="60" CONTENT="de" WC="0.72" CC="05"/>
						<SP ID="P30_SP00122" HPOS="1915" VPOS="1542" WIDTH="49"/>
						<String ID="P30_ST00138" HPOS="1964" VPOS="1457" WIDTH="417" HEIGHT="79" CONTENT="l'esclavage," WC="0.99" CC="143154000033"/>
					</TextLine>
					<TextLine ID="P30_TL00017" HPOS="242" VPOS="1537" WIDTH="2144" HEIGHT="76">
						<String ID="P30_ST00139" HPOS="242" VPOS="1545" WIDTH="130" HEIGHT="61" CONTENT="elle" WC="0.97" CC="7024"/>
						<SP ID="P30_SP00123" HPOS="372" VPOS="1606" WIDTH="31"/>
						<String ID="P30_ST00140" HPOS="403" VPOS="1543" WIDTH="100" HEIGHT="60" CONTENT="est" WC="0.96" CC="450"/>
						<SP ID="P30_SP00124" HPOS="503" VPOS="1606" WIDTH="24"/>
						<String ID="P30_ST00141" HPOS="527" VPOS="1557" WIDTH="216" HEIGHT="46" CONTENT="venue" WC="1.00" CC="00000"/>
						<SP ID="P30_SP00125" HPOS="743" VPOS="1606" WIDTH="31"/>
						<String ID="P30_ST00142" HPOS="774" VPOS="1540" WIDTH="82" HEIGHT="61" CONTENT="de" WC="1.00" CC="00"/>
						<SP ID="P30_SP00126" HPOS="856" VPOS="1606" WIDTH="26"/>
						<String ID="P30_ST00143" HPOS="882" VPOS="1540" WIDTH="313" HEIGHT="62" CONTENT="l'Orient:" WC="0.99" CC="442013220"/>
						<SP ID="P30_SP00127" HPOS="1195" VPOS="1606" WIDTH="28"/>
						<String ID="P30_ST00144" HPOS="1223" VPOS="1541" WIDTH="80" HEIGHT="61" CONTENT="de" WC="0.74" CC="05"/>
						<SP ID="P30_SP00128" HPOS="1303" VPOS="1606" WIDTH="24"/>
						<String ID="P30_ST00145" HPOS="1327" VPOS="1540" WIDTH="65" HEIGHT="61" CONTENT="la" WC="1.00" CC="00"/>
						<SP ID="P30_SP00129" HPOS="1392" VPOS="1606" WIDTH="29"/>
						<String ID="P30_ST00146" HPOS="1421" VPOS="1540" WIDTH="212" HEIGHT="61" CONTENT="Judée" WC="0.98" CC="27032"/>
						<SP ID="P30_SP00130" HPOS="1633" VPOS="1606" WIDTH="28"/>
						<String ID="P30_ST00147" HPOS="1661" VPOS="1541" WIDTH="65" HEIGHT="60" CONTENT="et" WC="0.69" CC="60"/>
						<SP ID="P30_SP00131" HPOS="1726" VPOS="1606" WIDTH="25"/>
						<String ID="P30_ST00148" HPOS="1751" VPOS="1538" WIDTH="80" HEIGHT="61" CONTENT="de" WC="0.67" CC="06"/>
						<SP ID="P30_SP00132" HPOS="1831" VPOS="1606" WIDTH="29"/>
						<String ID="P30_ST00149" HPOS="1860" VPOS="1538" WIDTH="66" HEIGHT="60" CONTENT="la" WC="1.00" CC="00"/>
						<SP ID="P30_SP00133" HPOS="1926" VPOS="1606" WIDTH="32"/>
						<String ID="P30_ST00150" HPOS="1958" VPOS="1537" WIDTH="279" HEIGHT="76" CONTENT="Galilée," WC="0.99" CC="80400524"/>
						<SP ID="P30_SP00134" HPOS="2237" VPOS="1613" WIDTH="28"/>
						<String ID="P30_ST00151" HPOS="2265" VPOS="1540" WIDTH="121" HEIGHT="61" CONTENT="des" WC="0.98" CC="005"/>
					</TextLine>
					<TextLine ID="P30_TL00018" HPOS="247" VPOS="1618" WIDTH="819" HEIGHT="84">
						<String ID="P30_ST00152" HPOS="247" VPOS="1622" WIDTH="357" HEIGHT="80" CONTENT="prophètes" WC="0.99" CC="053006003"/>
						<SP ID="P30_SP00135" HPOS="604" VPOS="1702" WIDTH="32"/>
						<String ID="P30_ST00153" HPOS="636" VPOS="1622" WIDTH="63" HEIGHT="60" CONTENT="et" WC="1.00" CC="00"/>
						<SP ID="P30_SP00136" HPOS="699" VPOS="1702" WIDTH="31"/>
						<String ID="P30_ST00154" HPOS="730" VPOS="1620" WIDTH="81" HEIGHT="59" CONTENT="de" WC="0.86" CC="02"/>
						<SP ID="P30_SP00137" HPOS="811" VPOS="1702" WIDTH="32"/>
						<String ID="P30_ST00155" HPOS="843" VPOS="1618" WIDTH="223" HEIGHT="61" CONTENT="Jésus." WC="0.99" CC="060003"/>
					</TextLine>
					<TextLine ID="P30_TL00019" HPOS="330" VPOS="1696" WIDTH="2056" HEIGHT="81">
						<String ID="P30_ST00156" HPOS="330" VPOS="1705" WIDTH="96" HEIGHT="59" CONTENT="La" WC="0.26" CC="59"/>
						<SP ID="P30_SP00138" HPOS="426" VPOS="1764" WIDTH="28"/>
						<String ID="P30_ST00157" HPOS="454" VPOS="1701" WIDTH="234" HEIGHT="72" CONTENT="vérité," WC="0.99" CC="0360023"/>
						<SP ID="P30_SP00139" HPOS="688" VPOS="1773" WIDTH="33"/>
						<String ID="P30_ST00158" HPOS="721" VPOS="1700" WIDTH="160" HEIGHT="61" CONTENT="c'est" WC="0.99" CC="04000"/>
						<SP ID="P30_SP00140" HPOS="881" VPOS="1773" WIDTH="30"/>
						<String ID="P30_ST00159" HPOS="911" VPOS="1717" WIDTH="127" HEIGHT="60" CONTENT="que" WC="0.98" CC="004"/>
						<SP ID="P30_SP00141" HPOS="1038" VPOS="1777" WIDTH="31"/>
						<String ID="P30_ST00160" HPOS="1069" VPOS="1698" WIDTH="273" HEIGHT="78" CONTENT="l'Aryen" WC="0.98" CC="0480055"/>
						<SP ID="P30_SP00142" HPOS="1342" VPOS="1777" WIDTH="33"/>
						<String ID="P30_ST00161" HPOS="1375" VPOS="1716" WIDTH="37" HEIGHT="42" CONTENT="a" WC="1.00" CC="0"/>
						<SP ID="P30_SP00143" HPOS="1412" VPOS="1777" WIDTH="29"/>
						<String ID="P30_ST00162" HPOS="1441" VPOS="1697" WIDTH="306" HEIGHT="79" CONTENT="toujours" WC="0.98" CC="33724706"/>
						<SP ID="P30_SP00144" HPOS="1747" VPOS="1777" WIDTH="31"/>
						<String ID="P30_ST00163" HPOS="1778" VPOS="1714" WIDTH="82" HEIGHT="43" CONTENT="eu" WC="0.71" CC="50"/>
						<SP ID="P30_SP00145" HPOS="1860" VPOS="1777" WIDTH="43"/>
						<String ID="P30_ST00164" HPOS="1903" VPOS="1696" WIDTH="63" HEIGHT="59" CONTENT="le" WC="0.88" CC="20"/>
						<SP ID="P30_SP00146" HPOS="1966" VPOS="1777" WIDTH="31"/>
						<String ID="P30_ST00165" HPOS="1997" VPOS="1697" WIDTH="174" HEIGHT="60" CONTENT="culte" WC="0.99" CC="30060"/>
						<SP ID="P30_SP00147" HPOS="2171" VPOS="1777" WIDTH="38"/>
						<String ID="P30_ST00166" HPOS="2209" VPOS="1697" WIDTH="80" HEIGHT="60" CONTENT="de" WC="1.00" CC="00"/>
						<SP ID="P30_SP00148" HPOS="2289" VPOS="1777" WIDTH="31"/>
						<String ID="P30_ST00167" HPOS="2320" VPOS="1696" WIDTH="66" HEIGHT="61" CONTENT="la" WC="0.80" CC="40"/>
					</TextLine>
					<TextLine ID="P30_TL00020" HPOS="252" VPOS="1776" WIDTH="2133" HEIGHT="79">
						<String ID="P30_ST00168" HPOS="252" VPOS="1782" WIDTH="177" HEIGHT="62" CONTENT="force" WC="0.97" CC="65075"/>
						<SP ID="P30_SP00149" HPOS="429" VPOS="1844" WIDTH="29"/>
						<String ID="P30_ST00169" HPOS="458" VPOS="1781" WIDTH="292" HEIGHT="74" CONTENT="brutale;" WC="0.98" CC="65040308"/>
						<SP ID="P30_SP00150" HPOS="750" VPOS="1855" WIDTH="31"/>
						<String ID="P30_ST00170" HPOS="781" VPOS="1780" WIDTH="49" HEIGHT="59" CONTENT="il" WC="0.97" CC="00"/>
						<SP ID="P30_SP00151" HPOS="830" VPOS="1855" WIDTH="32"/>
						<String ID="P30_ST00171" HPOS="862" VPOS="1796" WIDTH="38" HEIGHT="43" CONTENT="a" WC="1.00" CC="0"/>
						<SP ID="P30_SP00152" HPOS="900" VPOS="1855" WIDTH="28"/>
						<String ID="P30_ST00172" HPOS="928" VPOS="1781" WIDTH="489" HEIGHT="60" CONTENT="constamment" WC="0.99" CC="06830000540"/>
						<SP ID="P30_SP00153" HPOS="1417" VPOS="1855" WIDTH="27"/>
						<String ID="P30_ST00173" HPOS="1444" VPOS="1778" WIDTH="247" HEIGHT="60" CONTENT="honoré" WC="0.98" CC="650503"/>
						<SP ID="P30_SP00154" HPOS="1691" VPOS="1855" WIDTH="41"/>
						<String ID="P30_ST00174" HPOS="1732" VPOS="1777" WIDTH="66" HEIGHT="61" CONTENT="la" WC="0.89" CC="20"/>
						<SP ID="P30_SP00155" HPOS="1798" VPOS="1855" WIDTH="28"/>
						<String ID="P30_ST00175" HPOS="1826" VPOS="1776" WIDTH="197" HEIGHT="61" CONTENT="brute" WC="0.97" CC="77500"/>
						<SP ID="P30_SP00156" HPOS="2023" VPOS="1855" WIDTH="39"/>
						<String ID="P30_ST00176" HPOS="2062" VPOS="1776" WIDTH="323" HEIGHT="62" CONTENT="humaine" WC="0.99" CC="6000050"/>
					</TextLine>
					<TextLine ID="P30_TL00021" HPOS="250" VPOS="1857" WIDTH="2141" HEIGHT="85">
						<String ID="P30_ST00177" HPOS="250" VPOS="1865" WIDTH="185" HEIGHT="77" CONTENT="prête" WC="0.99" CC="00400"/>
						<SP ID="P30_SP00157" HPOS="435" VPOS="1942" WIDTH="27"/>
						<String ID="P30_ST00178" HPOS="462" VPOS="1863" WIDTH="37" HEIGHT="59" CONTENT="à" WC="0.37" CC="6"/>
						<SP ID="P30_SP00158" HPOS="499" VPOS="1942" WIDTH="23"/>
						<String ID="P30_ST00179" HPOS="522" VPOS="1861" WIDTH="383" HEIGHT="79" CONTENT="tyranniser" WC="1.00" CC="0000002600"/>
						<SP ID="P30_SP00159" HPOS="905" VPOS="1942" WIDTH="29"/>
						<String ID="P30_ST00180" HPOS="934" VPOS="1860" WIDTH="61" HEIGHT="59" CONTENT="le" WC="0.92" CC="01"/>
						<SP ID="P30_SP00160" HPOS="995" VPOS="1942" WIDTH="43"/>
						<String ID="P30_ST00181" HPOS="1038" VPOS="1860" WIDTH="237" HEIGHT="73" CONTENT="faible;" WC="0.99" CC="5006024"/>
						<SP ID="P30_SP00161" HPOS="1275" VPOS="1942" WIDTH="37"/>
						<String ID="P30_ST00182" HPOS="1312" VPOS="1877" WIDTH="107" HEIGHT="44" CONTENT="ses" WC="0.97" CC="232"/>
						<SP ID="P30_SP00162" HPOS="1419" VPOS="1942" WIDTH="49"/>
						<String ID="P30_ST00183" HPOS="1468" VPOS="1858" WIDTH="197" HEIGHT="61" CONTENT="héros" WC="0.98" CC="63004"/>
						<SP ID="P30_SP00163" HPOS="1665" VPOS="1942" WIDTH="57"/>
						<String ID="P30_ST00184" HPOS="1722" VPOS="1858" WIDTH="152" HEIGHT="61" CONTENT="sont" WC="0.98" CC="3400"/>
						<SP ID="P30_SP00164" HPOS="1874" VPOS="1942" WIDTH="48"/>
						<String ID="P30_ST00185" HPOS="1922" VPOS="1858" WIDTH="118" HEIGHT="60" CONTENT="des" WC="0.98" CC="005"/>
						<SP ID="P30_SP00165" HPOS="2040" VPOS="1942" WIDTH="67"/>
						<String ID="P30_ST00186" HPOS="2107" VPOS="1857" WIDTH="244" HEIGHT="78" CONTENT="conqué" SUBS_TYPE="HypPart1" SUBS_CONTENT="conquérants" WC="0.98" CC="330066"/>
						<HYP HPOS="2351" VPOS="1857" WIDTH="40" CONTENT="-"/>
					</TextLine>
					<TextLine ID="P30_TL00022" HPOS="250" VPOS="1937" WIDTH="2141" HEIGHT="83">
						<String ID="P30_ST00187" HPOS="250" VPOS="1946" WIDTH="185" HEIGHT="58" CONTENT="rants" SUBS_TYPE="HypPart2" SUBS_CONTENT="conquérants" WC="0.98" CC="90004"/>
						<SP ID="P30_SP00166" HPOS="435" VPOS="2004" WIDTH="28"/>
						<String ID="P30_ST00188" HPOS="463" VPOS="1945" WIDTH="65" HEIGHT="59" CONTENT="et" WC="0.87" CC="20"/>
						<SP ID="P30_SP00167" HPOS="528" VPOS="2004" WIDTH="39"/>
						<String ID="P30_ST00189" HPOS="567" VPOS="1943" WIDTH="118" HEIGHT="60" CONTENT="des" WC="0.96" CC="045"/>
						<SP ID="P30_SP00168" HPOS="685" VPOS="2004" WIDTH="32"/>
						<String ID="P30_ST00190" HPOS="717" VPOS="1956" WIDTH="456" HEIGHT="64" CONTENT="oppresseurs," WC="0.99" CC="600005406043"/>
						<SP ID="P30_SP00169" HPOS="1173" VPOS="2020" WIDTH="34"/>
						<String ID="P30_ST00191" HPOS="1207" VPOS="1957" WIDTH="107" HEIGHT="44" CONTENT="ses" WC="0.97" CC="205"/>
						<SP ID="P30_SP00170" HPOS="1314" VPOS="2020" WIDTH="27"/>
						<String ID="P30_ST00192" HPOS="1341" VPOS="1941" WIDTH="202" HEIGHT="58" CONTENT="dieux" WC="0.99" CC="00500"/>
						<SP ID="P30_SP00171" HPOS="1543" VPOS="2020" WIDTH="20"/>
						<String ID="P30_ST00193" HPOS="1563" VPOS="1940" WIDTH="119" HEIGHT="59" CONTENT="des" WC="0.98" CC="050"/>
						<SP ID="P30_SP00172" HPOS="1682" VPOS="2020" WIDTH="30"/>
						<String ID="P30_ST00194" HPOS="1712" VPOS="1940" WIDTH="271" HEIGHT="58" CONTENT="maîtres" WC="0.99" CC="0062010"/>
						<SP ID="P30_SP00173" HPOS="1983" VPOS="2020" WIDTH="31"/>
						<String ID="P30_ST00195" HPOS="2014" VPOS="1937" WIDTH="377" HEIGHT="79" CONTENT="impérieux" WC="0.99" CC="030840060"/>
					</TextLine>
					<TextLine ID="P30_TL00023" HPOS="252" VPOS="2017" WIDTH="2136" HEIGHT="80">
						<String ID="P30_ST00196" HPOS="252" VPOS="2027" WIDTH="65" HEIGHT="59" CONTENT="et" WC="0.73" CC="05"/>
						<SP ID="P30_SP00174" HPOS="317" VPOS="2086" WIDTH="43"/>
						<String ID="P30_ST00197" HPOS="360" VPOS="2022" WIDTH="375" HEIGHT="62" CONTENT="farouches." WC="0.99" CC="3004040353"/>
						<SP ID="P30_SP00175" HPOS="735" VPOS="2086" WIDTH="34"/>
						<String ID="P30_ST00198" HPOS="769" VPOS="2021" WIDTH="214" HEIGHT="60" CONTENT="Leurs" WC="0.99" CC="00004"/>
						<SP ID="P30_SP00176" HPOS="983" VPOS="2086" WIDTH="17"/>
						<String ID="P30_ST00199" HPOS="1000" VPOS="2037" WIDTH="115" HEIGHT="60" CONTENT="my" WC="1.00" CC="00"/>
						<SP ID="P30_SP00177" HPOS="1115" VPOS="2097" WIDTH="7"/>
						<String ID="P30_ST00200" HPOS="1122" VPOS="2021" WIDTH="148" HEIGHT="60" CONTENT="thes" WC="1.00" CC="0001"/>
						<SP ID="P30_SP00178" HPOS="1270" VPOS="2097" WIDTH="30"/>
						<String ID="P30_ST00201" HPOS="1300" VPOS="2037" WIDTH="83" HEIGHT="44" CONTENT="ne" WC="0.28" CC="86"/>
						<SP ID="P30_SP00179" HPOS="1383" VPOS="2097" WIDTH="45"/>
						<String ID="P30_ST00202" HPOS="1428" VPOS="2037" WIDTH="70" HEIGHT="42" CONTENT="se" WC="0.75" CC="04"/>
						<SP ID="P30_SP00180" HPOS="1498" VPOS="2097" WIDTH="42"/>
						<String ID="P30_ST00203" HPOS="1540" VPOS="2021" WIDTH="150" HEIGHT="58" CONTENT="sont" WC="0.98" CC="4400"/>
						<SP ID="P30_SP00181" HPOS="1690" VPOS="2097" WIDTH="28"/>
						<String ID="P30_ST00204" HPOS="1718" VPOS="2017" WIDTH="438" HEIGHT="61" CONTENT="transformés" WC="1.00" CC="00004240044"/>
						<SP ID="P30_SP00182" HPOS="2156" VPOS="2097" WIDTH="32"/>
						<String ID="P30_ST00205" HPOS="2188" VPOS="2018" WIDTH="200" HEIGHT="77" CONTENT="qu'au" WC="0.98" CC="07006"/>
					</TextLine>
					<TextLine ID="P30_TL00024" HPOS="249" VPOS="2097" WIDTH="2141" HEIGHT="79">
						<String ID="P30_ST00206" HPOS="249" VPOS="2103" WIDTH="264" HEIGHT="63" CONTENT="contact" WC="0.99" CC="8200450"/>
						<SP ID="P30_SP00183" HPOS="513" VPOS="2166" WIDTH="31"/>
						<String ID="P30_ST00207" HPOS="544" VPOS="2103" WIDTH="120" HEIGHT="59" CONTENT="des" WC="0.99" CC="003"/>
						<SP ID="P30_SP00184" HPOS="664" VPOS="2166" WIDTH="32"/>
						<String ID="P30_ST00208" HPOS="696" VPOS="2100" WIDTH="287" HEIGHT="62" CONTENT="Sémites" WC="0.99" CC="7000045"/>
						<SP ID="P30_SP00185" HPOS="983" VPOS="2166" WIDTH="21"/>
						<String ID="P30_ST00209" HPOS="1004" VPOS="2120" WIDTH="18" HEIGHT="55" CONTENT=";" WC="1.00" CC="0"/>
						<SP ID="P30_SP00186" HPOS="1022" VPOS="2175" WIDTH="41"/>
						<String ID="P30_ST00210" HPOS="1063" VPOS="2100" WIDTH="175" HEIGHT="61" CONTENT="ainsi" WC="1.00" CC="00020"/>
						<SP ID="P30_SP00187" HPOS="1238" VPOS="2175" WIDTH="28"/>
						<String ID="P30_ST00211" HPOS="1266" VPOS="2100" WIDTH="62" HEIGHT="61" CONTENT="le" WC="0.80" CC="30"/>
						<SP ID="P30_SP00188" HPOS="1328" VPOS="2175" WIDTH="47"/>
						<String ID="P30_ST00212" HPOS="1375" VPOS="2100" WIDTH="232" HEIGHT="76" CONTENT="mythe" WC="0.99" CC="00304"/>
						<SP ID="P30_SP00189" HPOS="1607" VPOS="2176" WIDTH="50"/>
						<String ID="P30_ST00213" HPOS="1657" VPOS="2097" WIDTH="417" HEIGHT="74" CONTENT="d'Héraklés," WC="0.78" CC="00640000804"/>
						<SP ID="P30_SP00190" HPOS="2074" VPOS="2176" WIDTH="27"/>
						<String ID="P30_ST00214" HPOS="2101" VPOS="2097" WIDTH="253" HEIGHT="79" CONTENT="primiti" SUBS_TYPE="HypPart1" SUBS_CONTENT="primitivement" WC="1.00" CC="0000103"/>
						<HYP HPOS="2354" VPOS="2097" WIDTH="36" CONTENT="-"/>
					</TextLine>
					<TextLine ID="P30_TL00025" HPOS="252" VPOS="2177" WIDTH="2134" HEIGHT="81">
						<String ID="P30_ST00215" HPOS="252" VPOS="2183" WIDTH="271" HEIGHT="61" CONTENT="vement" SUBS_TYPE="HypPart2" SUBS_CONTENT="primitivement" WC="1.00" CC="000300"/>
						<SP ID="P30_SP00191" HPOS="523" VPOS="2244" WIDTH="25"/>
						<String ID="P30_ST00216" HPOS="548" VPOS="2183" WIDTH="158" HEIGHT="75" CONTENT="type" WC="0.99" CC="0005"/>
						<SP ID="P30_SP00192" HPOS="706" VPOS="2258" WIDTH="30"/>
						<String ID="P30_ST00217" HPOS="736" VPOS="2196" WIDTH="207" HEIGHT="61" CONTENT="aryen" WC="0.99" CC="40020"/>
						<SP ID="P30_SP00193" HPOS="943" VPOS="2258" WIDTH="42"/>
						<String ID="P30_ST00218" HPOS="985" VPOS="2180" WIDTH="79" HEIGHT="59" CONTENT="cle" WC="0.49" CC="616"/>
						<SP ID="P30_SP00194" HPOS="1064" VPOS="2258" WIDTH="44"/>
						<String ID="P30_ST00219" HPOS="1108" VPOS="2180" WIDTH="66" HEIGHT="59" CONTENT="la" WC="0.83" CC="30"/>
						<SP ID="P30_SP00195" HPOS="1174" VPOS="2258" WIDTH="31"/>
						<String ID="P30_ST00220" HPOS="1205" VPOS="2178" WIDTH="199" HEIGHT="74" CONTENT="force," WC="0.98" CC="650504"/>
						<SP ID="P30_SP00196" HPOS="1404" VPOS="2258" WIDTH="35"/>
						<String ID="P30_ST00221" HPOS="1439" VPOS="2177" WIDTH="318" HEIGHT="79" CONTENT="guerrier," WC="0.98" CC="776050454"/>
						<SP ID="P30_SP00197" HPOS="1757" VPOS="2258" WIDTH="35"/>
						<String ID="P30_ST00222" HPOS="1792" VPOS="2178" WIDTH="207" HEIGHT="78" CONTENT="grand" WC="1.00" CC="00030"/>
						<SP ID="P30_SP00198" HPOS="1999" VPOS="2258" WIDTH="40"/>
						<String ID="P30_ST00223" HPOS="2039" VPOS="2194" WIDTH="347" HEIGHT="61" CONTENT="mangeur," WC="0.99" CC="00000664"/>
					</TextLine>
					<TextLine ID="P30_TL00026" HPOS="250" VPOS="2257" WIDTH="2142" HEIGHT="86">
						<String ID="P30_ST00224" HPOS="250" VPOS="2263" WIDTH="214" HEIGHT="80" CONTENT="grand" WC="0.97" CC="90660"/>
						<SP ID="P30_SP00199" HPOS="464" VPOS="2343" WIDTH="42"/>
						<String ID="P30_ST00225" HPOS="506" VPOS="2262" WIDTH="286" HEIGHT="71" CONTENT="buveur," WC="0.98" CC="7604704"/>
						<SP ID="P30_SP00200" HPOS="792" VPOS="2343" WIDTH="51"/>
						<String ID="P30_ST00226" HPOS="843" VPOS="2261" WIDTH="209" HEIGHT="77" CONTENT="grand" WC="0.98" CC="04080"/>
						<SP ID="P30_SP00201" HPOS="1052" VPOS="2343" WIDTH="56"/>
						<String ID="P30_ST00227" HPOS="1108" VPOS="2260" WIDTH="273" HEIGHT="59" CONTENT="raillard" WC="0.96" CC="00003000"/>
						<SP ID="P30_SP00202" HPOS="1381" VPOS="2343" WIDTH="56"/>
						<String ID="P30_ST00228" HPOS="1437" VPOS="2261" WIDTH="238" HEIGHT="58" CONTENT="même." WC="1.00" CC="00003"/>
						<SP ID="P30_SP00203" HPOS="1675" VPOS="2343" WIDTH="59"/>
						<String ID="P30_ST00229" HPOS="1734" VPOS="2257" WIDTH="243" HEIGHT="70" CONTENT="Quand" WC="0.97" CC="66800"/>
						<SP ID="P30_SP00204" HPOS="1977" VPOS="2343" WIDTH="39"/>
						<String ID="P30_ST00230" HPOS="2016" VPOS="2257" WIDTH="376" HEIGHT="62" CONTENT="l'Héraklés" WC="0.57" CC="3433804544"/>
					</TextLine>
					<TextLine ID="P30_TL00027" HPOS="257" VPOS="2338" WIDTH="2134" HEIGHT="86">
						<String ID="P30_ST00231" HPOS="257" VPOS="2361" WIDTH="152" HEIGHT="63" CONTENT="grec" WC="0.98" CC="0025"/>
						<SP ID="P30_SP00205" HPOS="409" VPOS="2424" WIDTH="30"/>
						<String ID="P30_ST00232" HPOS="439" VPOS="2343" WIDTH="104" HEIGHT="60" CONTENT="fut" WC="0.97" CC="060"/>
						<SP ID="P30_SP00206" HPOS="543" VPOS="2424" WIDTH="27"/>
						<String ID="P30_ST00233" HPOS="570" VPOS="2360" WIDTH="82" HEIGHT="43" CONTENT="en" WC="0.68" CC="24"/>
						<SP ID="P30_SP00207" HPOS="652" VPOS="2424" WIDTH="38"/>
						<String ID="P30_ST00234" HPOS="690" VPOS="2342" WIDTH="258" HEIGHT="60" CONTENT="contact" WC="0.98" CC="4500930"/>
						<SP ID="P30_SP00208" HPOS="948" VPOS="2424" WIDTH="49"/>
						<String ID="P30_ST00235" HPOS="997" VPOS="2357" WIDTH="157" HEIGHT="44" CONTENT="avec" WC="0.99" CC="0004"/>
						<SP ID="P30_SP00209" HPOS="1154" VPOS="2424" WIDTH="46"/>
						<String ID="P30_ST00236" HPOS="1200" VPOS="2340" WIDTH="62" HEIGHT="61" CONTENT="le" WC="0.54" CC="53"/>
						<SP ID="P30_SP00210" HPOS="1262" VPOS="2424" WIDTH="51"/>
						<String ID="P30_ST00237" HPOS="1313" VPOS="2340" WIDTH="284" HEIGHT="61" CONTENT="Melkart" WC="0.92" CC="0200020"/>
						<SP ID="P30_SP00211" HPOS="1597" VPOS="2424" WIDTH="47"/>
						<String ID="P30_ST00238" HPOS="1644" VPOS="2338" WIDTH="376" HEIGHT="79" CONTENT="phénicien," WC="0.99" CC="0480060404"/>
						<SP ID="P30_SP00212" HPOS="2020" VPOS="2424" WIDTH="51"/>
						<String ID="P30_ST00239" HPOS="2071" VPOS="2355" WIDTH="157" HEIGHT="44" CONTENT="avec" WC="0.99" CC="0033"/>
						<SP ID="P30_SP00213" HPOS="2228" VPOS="2424" WIDTH="54"/>
						<String ID="P30_ST00240" HPOS="2282" VPOS="2355" WIDTH="109" HEIGHT="43" CONTENT="ses" WC="0.96" CC="305"/>
					</TextLine>
					<TextLine ID="P30_TL00028" HPOS="252" VPOS="2417" WIDTH="2136" HEIGHT="84">
						<String ID="P30_ST00241" HPOS="252" VPOS="2425" WIDTH="364" HEIGHT="76" CONTENT="analogues" WC="0.99" CC="000257726"/>
						<SP ID="P30_SP00214" HPOS="616" VPOS="2501" WIDTH="26"/>
						<String ID="P30_ST00242" HPOS="642" VPOS="2421" WIDTH="344" HEIGHT="76" CONTENT="assyriens" WC="0.99" CC="003070035"/>
						<SP ID="P30_SP00215" HPOS="986" VPOS="2501" WIDTH="32"/>
						<String ID="P30_ST00243" HPOS="1018" VPOS="2420" WIDTH="161" HEIGHT="59" CONTENT="dont" WC="0.99" CC="0200"/>
						<SP ID="P30_SP00216" HPOS="1179" VPOS="2501" WIDTH="26"/>
						<String ID="P30_ST00244" HPOS="1205" VPOS="2436" WIDTH="85" HEIGHT="43" CONTENT="on" WC="0.79" CC="40"/>
						<SP ID="P30_SP00217" HPOS="1290" VPOS="2501" WIDTH="33"/>
						<String ID="P30_ST00245" HPOS="1323" VPOS="2422" WIDTH="237" HEIGHT="57" CONTENT="trouve" WC="0.98" CC="003606"/>
						<SP ID="P30_SP00218" HPOS="1560" VPOS="2501" WIDTH="31"/>
						<String ID="P30_ST00246" HPOS="1591" VPOS="2435" WIDTH="95" HEIGHT="42" CONTENT="un" WC="0.27" CC="77"/>
						<SP ID="P30_SP00219" HPOS="1686" VPOS="2501" WIDTH="31"/>
						<String ID="P30_ST00247" HPOS="1717" VPOS="2417" WIDTH="383" HEIGHT="78" CONTENT="équivalent" WC="1.00" CC="0070001000"/>
						<SP ID="P30_SP00220" HPOS="2100" VPOS="2501" WIDTH="29"/>
						<String ID="P30_ST00248" HPOS="2129" VPOS="2418" WIDTH="171" HEIGHT="60" CONTENT="dans" WC="0.99" CC="0004"/>
						<SP ID="P30_SP00221" HPOS="2300" VPOS="2501" WIDTH="26"/>
						<String ID="P30_ST00249" HPOS="2326" VPOS="2418" WIDTH="62" HEIGHT="60" CONTENT="le" WC="0.68" CC="15"/>
					</TextLine>
					<TextLine ID="P30_TL00029" HPOS="250" VPOS="2497" WIDTH="2138" HEIGHT="83">
						<String ID="P30_ST00250" HPOS="250" VPOS="2506" WIDTH="288" HEIGHT="61" CONTENT="Samson" WC="0.65" CC="709030"/>
						<SP ID="P30_SP00222" HPOS="538" VPOS="2567" WIDTH="29"/>
						<String ID="P30_ST00251" HPOS="567" VPOS="2501" WIDTH="390" HEIGHT="79" CONTENT="hébraïque," WC="0.99" CC="0574000704"/>
						<SP ID="P30_SP00223" HPOS="957" VPOS="2580" WIDTH="41"/>
						<String ID="P30_ST00252" HPOS="998" VPOS="2500" WIDTH="327" HEIGHT="61" CONTENT="Héraklés" WC="0.68" CC="70600136"/>
						<SP ID="P30_SP00224" HPOS="1325" VPOS="2580" WIDTH="50"/>
						<String ID="P30_ST00253" HPOS="1375" VPOS="2500" WIDTH="271" HEIGHT="59" CONTENT="devient" WC="0.99" CC="0200620"/>
						<SP ID="P30_SP00225" HPOS="1646" VPOS="2580" WIDTH="40"/>
						<String ID="P30_ST00254" HPOS="1686" VPOS="2498" WIDTH="62" HEIGHT="61" CONTENT="le" WC="0.70" CC="50"/>
						<SP ID="P30_SP00226" HPOS="1748" VPOS="2580" WIDTH="31"/>
						<String ID="P30_ST00255" HPOS="1779" VPOS="2498" WIDTH="198" HEIGHT="61" CONTENT="héros" WC="0.98" CC="60003"/>
						<SP ID="P30_SP00227" HPOS="1977" VPOS="2580" WIDTH="42"/>
						<String ID="P30_ST00256" HPOS="2019" VPOS="2497" WIDTH="369" HEIGHT="79" CONTENT="persécuté," WC="0.99" CC="0105427074"/>
					</TextLine>
					<TextLine ID="P30_TL00030" HPOS="250" VPOS="2577" WIDTH="2138" HEIGHT="81">
						<String ID="P30_ST00257" HPOS="250" VPOS="2585" WIDTH="283" HEIGHT="71" CONTENT="asservi," WC="0.99" CC="91400004"/>
						<SP ID="P30_SP00228" HPOS="533" VPOS="2656" WIDTH="36"/>
						<String ID="P30_ST00258" HPOS="569" VPOS="2582" WIDTH="174" HEIGHT="60" CONTENT="mais" WC="0.99" CC="0004"/>
						<SP ID="P30_SP00229" HPOS="743" VPOS="2656" WIDTH="48"/>
						<String ID="P30_ST00259" HPOS="791" VPOS="2580" WIDTH="118" HEIGHT="78" CONTENT="qui" WC="0.98" CC="005"/>
						<SP ID="P30_SP00230" HPOS="909" VPOS="2658" WIDTH="32"/>
						<String ID="P30_ST00260" HPOS="941" VPOS="2581" WIDTH="264" HEIGHT="60" CONTENT="combat" WC="0.98" CC="540700"/>
						<SP ID="P30_SP00231" HPOS="1205" VPOS="2658" WIDTH="43"/>
						<String ID="P30_ST00261" HPOS="1248" VPOS="2597" WIDTH="163" HEIGHT="61" CONTENT="pour" WC="0.99" CC="0510"/>
						<SP ID="P30_SP00232" HPOS="1411" VPOS="2658" WIDTH="28"/>
						<String ID="P30_ST00262" HPOS="1439" VPOS="2580" WIDTH="63" HEIGHT="59" CONTENT="la" WC="0.80" CC="03"/>
						<SP ID="P30_SP00233" HPOS="1502" VPOS="2658" WIDTH="24"/>
						<String ID="P30_ST00263" HPOS="1526" VPOS="2578" WIDTH="276" HEIGHT="79" CONTENT="justice," WC="1.00" CC="10000304"/>
						<SP ID="P30_SP00234" HPOS="1802" VPOS="2658" WIDTH="35"/>
						<String ID="P30_ST00264" HPOS="1837" VPOS="2578" WIDTH="117" HEIGHT="78" CONTENT="qui" WC="0.98" CC="004"/>
						<SP ID="P30_SP00235" HPOS="1954" VPOS="2658" WIDTH="32"/>
						<String ID="P30_ST00265" HPOS="1986" VPOS="2578" WIDTH="239" HEIGHT="61" CONTENT="résiste" WC="0.98" CC="0040376"/>
						<SP ID="P30_SP00236" HPOS="2225" VPOS="2658" WIDTH="30"/>
						<String ID="P30_ST00266" HPOS="2255" VPOS="2577" WIDTH="38" HEIGHT="61" CONTENT="à" WC="0.55" CC="4"/>
						<SP ID="P30_SP00237" HPOS="2293" VPOS="2658" WIDTH="29"/>
						<String ID="P30_ST00267" HPOS="2322" VPOS="2578" WIDTH="66" HEIGHT="60" CONTENT="la" WC="0.94" CC="10"/>
					</TextLine>
					<TextLine ID="P30_TL00031" HPOS="251" VPOS="2658" WIDTH="2139" HEIGHT="82">
						<String ID="P30_ST00268" HPOS="251" VPOS="2665" WIDTH="353" HEIGHT="71" CONTENT="tentation," WC="0.99" CC="7260001504"/>
						<SP ID="P30_SP00238" HPOS="604" VPOS="2736" WIDTH="32"/>
						<String ID="P30_ST00269" HPOS="636" VPOS="2662" WIDTH="118" HEIGHT="78" CONTENT="qui" WC="0.96" CC="074"/>
						<SP ID="P30_SP00239" HPOS="754" VPOS="2740" WIDTH="30"/>
						<String ID="P30_ST00270" HPOS="784" VPOS="2679" WIDTH="70" HEIGHT="43" CONTENT="se" WC="0.72" CC="05"/>
						<SP ID="P30_SP00240" HPOS="854" VPOS="2740" WIDTH="35"/>
						<String ID="P30_ST00271" HPOS="889" VPOS="2661" WIDTH="259" HEIGHT="61" CONTENT="sacrifie" WC="0.99" CC="00300880"/>
						<SP ID="P30_SP00241" HPOS="1148" VPOS="2740" WIDTH="19"/>
						<String ID="P30_ST00272" HPOS="1167" VPOS="2678" WIDTH="167" HEIGHT="62" CONTENT="pour" WC="0.96" CC="0676"/>
						<SP ID="P30_SP00242" HPOS="1334" VPOS="2740" WIDTH="28"/>
						<String ID="P30_ST00273" HPOS="1362" VPOS="2660" WIDTH="61" HEIGHT="61" CONTENT="le" WC="0.59" CC="16"/>
						<SP ID="P30_SP00243" HPOS="1423" VPOS="2740" WIDTH="32"/>
						<String ID="P30_ST00274" HPOS="1455" VPOS="2660" WIDTH="157" HEIGHT="61" CONTENT="bien" WC="0.96" CC="0557"/>
						<SP ID="P30_SP00244" HPOS="1612" VPOS="2740" WIDTH="28"/>
						<String ID="P30_ST00275" HPOS="1640" VPOS="2658" WIDTH="317" HEIGHT="74" CONTENT="d'autrui," WC="0.75" CC="000720704"/>
						<SP ID="P30_SP00245" HPOS="1957" VPOS="2740" WIDTH="25"/>
						<String ID="P30_ST00276" HPOS="1982" VPOS="2658" WIDTH="217" HEIGHT="61" CONTENT="même" WC="0.99" CC="0500"/>
						<SP ID="P30_SP00246" HPOS="2199" VPOS="2740" WIDTH="24"/>
						<String ID="P30_ST00277" HPOS="2223" VPOS="2658" WIDTH="134" HEIGHT="60" CONTENT="lors" SUBS_TYPE="HypPart1" SUBS_CONTENT="lorsque" WC="0.98" CC="0304"/>
						<HYP HPOS="2357" VPOS="2658" WIDTH="33" CONTENT="-"/>
					</TextLine>
					<TextLine ID="P30_TL00032" HPOS="256" VPOS="2738" WIDTH="2136" HEIGHT="87">
						<String ID="P30_ST00278" HPOS="256" VPOS="2764" WIDTH="130" HEIGHT="61" CONTENT="que" SUBS_TYPE="HypPart2" SUBS_CONTENT="lorsque" WC="0.97" CC="062"/>
						<SP ID="P30_SP00247" HPOS="386" VPOS="2825" WIDTH="29"/>
						<String ID="P30_ST00279" HPOS="415" VPOS="2744" WIDTH="226" HEIGHT="62" CONTENT="autrui" WC="1.00" CC="000002"/>
						<SP ID="P30_SP00248" HPOS="641" VPOS="2825" WIDTH="28"/>
						<String ID="P30_ST00280" HPOS="669" VPOS="2741" WIDTH="310" HEIGHT="62" CONTENT="l'abaisse" WC="1.00" CC="220001102"/>
						<SP ID="P30_SP00249" HPOS="979" VPOS="2825" WIDTH="29"/>
						<String ID="P30_ST00281" HPOS="1008" VPOS="2745" WIDTH="62" HEIGHT="58" CONTENT="et" WC="0.69" CC="60"/>
						<SP ID="P30_SP00250" HPOS="1070" VPOS="2825" WIDTH="29"/>
						<String ID="P30_ST00282" HPOS="1099" VPOS="2742" WIDTH="63" HEIGHT="61" CONTENT="le" WC="0.40" CC="56"/>
						<SP ID="P30_SP00251" HPOS="1162" VPOS="2825" WIDTH="33"/>
						<String ID="P30_ST00283" HPOS="1195" VPOS="2744" WIDTH="257" HEIGHT="74" CONTENT="frappe:" WC="0.98" CC="6000863"/>
						<SP ID="P30_SP00252" HPOS="1452" VPOS="2825" WIDTH="27"/>
						<String ID="P30_ST00284" HPOS="1479" VPOS="2740" WIDTH="159" HEIGHT="62" CONTENT="c'est" WC="0.98" CC="33004"/>
						<SP ID="P30_SP00253" HPOS="1638" VPOS="2825" WIDTH="28"/>
						<String ID="P30_ST00285" HPOS="1666" VPOS="2738" WIDTH="62" HEIGHT="63" CONTENT="le" WC="0.81" CC="03"/>
						<SP ID="P30_SP00254" HPOS="1728" VPOS="2825" WIDTH="18"/>
						<String ID="P30_ST00286" HPOS="1746" VPOS="2738" WIDTH="198" HEIGHT="63" CONTENT="héros" WC="0.97" CC="63045"/>
						<SP ID="P30_SP00255" HPOS="1944" VPOS="2825" WIDTH="22"/>
						<String ID="P30_ST00287" HPOS="1966" VPOS="2740" WIDTH="118" HEIGHT="77" CONTENT="qui" WC="1.00" CC="000"/>
						<SP ID="P30_SP00256" HPOS="2084" VPOS="2825" WIDTH="31"/>
						<String ID="P30_ST00288" HPOS="2115" VPOS="2738" WIDTH="277" HEIGHT="74" CONTENT="souffre," WC="0.99" CC="34080004"/>
					</TextLine>
					<TextLine ID="P30_TL00033" HPOS="250" VPOS="2818" WIDTH="2146" HEIGHT="70">
						<String ID="P30_ST00289" HPOS="250" VPOS="2827" WIDTH="166" HEIGHT="61" CONTENT="offre" WC="0.96" CC="78771"/>
						<SP ID="P30_SP00257" HPOS="416" VPOS="2888" WIDTH="61"/>
						<String ID="P30_ST00290" HPOS="477" VPOS="2841" WIDTH="74" HEIGHT="44" CONTENT="sa" WC="0.71" CC="50"/>
						<SP ID="P30_SP00258" HPOS="551" VPOS="2888" WIDTH="70"/>
						<String ID="P30_ST00291" HPOS="621" VPOS="2822" WIDTH="376" HEIGHT="61" CONTENT="souffrance" WC="0.99" CC="1507060634"/>
						<SP ID="P30_SP00259" HPOS="997" VPOS="2888" WIDTH="57"/>
						<String ID="P30_ST00292" HPOS="1054" VPOS="2824" WIDTH="63" HEIGHT="58" CONTENT="et" WC="0.58" CC="25"/>
						<SP ID="P30_SP00260" HPOS="1117" VPOS="2888" WIDTH="61"/>
						<String ID="P30_ST00293" HPOS="1178" VPOS="2821" WIDTH="234" HEIGHT="61" CONTENT="mérite" WC="1.00" CC="030000"/>
						<SP ID="P30_SP00261" HPOS="1412" VPOS="2888" WIDTH="42"/>
						<String ID="P30_ST00294" HPOS="1454" VPOS="2821" WIDTH="80" HEIGHT="60" CONTENT="de" WC="0.71" CC="05"/>
						<SP ID="P30_SP00262" HPOS="1534" VPOS="2888" WIDTH="32"/>
						<String ID="P30_ST00295" HPOS="1566" VPOS="2820" WIDTH="278" HEIGHT="61" CONTENT="devenir" WC="1.00" CC="0200000"/>
						<SP ID="P30_SP00263" HPOS="1844" VPOS="2888" WIDTH="26"/>
						<String ID="P30_ST00296" HPOS="1870" VPOS="2838" WIDTH="93" HEIGHT="43" CONTENT="un" WC="0.68" CC="60"/>
						<SP ID="P30_SP00264" HPOS="1963" VPOS="2888" WIDTH="30"/>
						<String ID="P30_ST00297" HPOS="1993" VPOS="2818" WIDTH="181" HEIGHT="63" CONTENT="dieu." WC="0.99" CC="00053"/>
						<SP ID="P30_SP00265" HPOS="2174" VPOS="2888" WIDTH="37"/>
						<String ID="P30_ST00298" HPOS="2211" VPOS="2820" WIDTH="185" HEIGHT="61" CONTENT="Cette" WC="0.98" CC="70006"/>
					</TextLine>
					<TextLine ID="P30_TL00034" HPOS="255" VPOS="2898" WIDTH="2140" HEIGHT="84">
						<String ID="P30_ST00299" HPOS="255" VPOS="2909" WIDTH="202" HEIGHT="59" CONTENT="haute" WC="1.00" CC="00000"/>
						<SP ID="P30_SP00266" HPOS="457" VPOS="2968" WIDTH="32"/>
						<String ID="P30_ST00300" HPOS="489" VPOS="2906" WIDTH="64" HEIGHT="60" CONTENT="et" WC="0.79" CC="40"/>
						<SP ID="P30_SP00267" HPOS="553" VPOS="2968" WIDTH="28"/>
						<String ID="P30_ST00301" HPOS="581" VPOS="2920" WIDTH="164" HEIGHT="62" CONTENT="pure" WC="0.99" CC="0004"/>
						<SP ID="P30_SP00268" HPOS="745" VPOS="2982" WIDTH="27"/>
						<String ID="P30_ST00302" HPOS="772" VPOS="2902" WIDTH="228" HEIGHT="60" CONTENT="notion" WC="0.98" CC="630024"/>
						<SP ID="P30_SP00269" HPOS="1000" VPOS="2982" WIDTH="28"/>
						<String ID="P30_ST00303" HPOS="1028" VPOS="2902" WIDTH="82" HEIGHT="61" CONTENT="de" WC="0.78" CC="04"/>
						<SP ID="P30_SP00270" HPOS="1110" VPOS="2982" WIDTH="29"/>
						<String ID="P30_ST00304" HPOS="1139" VPOS="2901" WIDTH="65" HEIGHT="61" CONTENT="la" WC="1.00" CC="00"/>
						<SP ID="P30_SP00271" HPOS="1204" VPOS="2982" WIDTH="27"/>
						<String ID="P30_ST00305" HPOS="1231" VPOS="2901" WIDTH="234" HEIGHT="61" CONTENT="valeur" WC="0.98" CC="003560"/>
						<SP ID="P30_SP00272" HPOS="1465" VPOS="2982" WIDTH="29"/>
						<String ID="P30_ST00306" HPOS="1494" VPOS="2901" WIDTH="92" HEIGHT="60" CONTENT="du" WC="1.00" CC="00"/>
						<SP ID="P30_SP00273" HPOS="1586" VPOS="2982" WIDTH="24"/>
						<String ID="P30_ST00307" HPOS="1610" VPOS="2900" WIDTH="323" HEIGHT="73" CONTENT="sacrifice," WC="0.99" CC="1000031504"/>
						<SP ID="P30_SP00274" HPOS="1933" VPOS="2982" WIDTH="34"/>
						<String ID="P30_ST00308" HPOS="1967" VPOS="2898" WIDTH="80" HEIGHT="63" CONTENT="de" WC="0.91" CC="01"/>
						<SP ID="P30_SP00275" HPOS="2047" VPOS="2982" WIDTH="30"/>
						<String ID="P30_ST00309" HPOS="2077" VPOS="2898" WIDTH="318" HEIGHT="63" CONTENT="l'homme" WC="0.99" CC="2406006"/>
					</TextLine>
					<TextLine ID="P30_TL00035" HPOS="250" VPOS="2980" WIDTH="2146" HEIGHT="81">
						<String ID="P30_ST00310" HPOS="250" VPOS="3006" WIDTH="79" HEIGHT="45" CONTENT="se" WC="0.57" CC="71"/>
						<SP ID="P30_SP00276" HPOS="329" VPOS="3051" WIDTH="27"/>
						<String ID="P30_ST00311" HPOS="356" VPOS="2986" WIDTH="336" HEIGHT="62" CONTENT="dévouant" WC="0.99" CC="05050070"/>
						<SP ID="P30_SP00277" HPOS="692" VPOS="3051" WIDTH="29"/>
						<String ID="P30_ST00312" HPOS="721" VPOS="3000" WIDTH="170" HEIGHT="61" CONTENT="pour" WC="0.97" CC="0670"/>
						<SP ID="P30_SP00278" HPOS="891" VPOS="3061" WIDTH="29"/>
						<String ID="P30_ST00313" HPOS="920" VPOS="3000" WIDTH="107" HEIGHT="43" CONTENT="ses" WC="0.97" CC="305"/>
						<SP ID="P30_SP00279" HPOS="1027" VPOS="3061" WIDTH="33"/>
						<String ID="P30_ST00314" HPOS="1060" VPOS="2982" WIDTH="437" HEIGHT="73" CONTENT="semblables," WC="0.99" CC="65052064434"/>
						<SP ID="P30_SP00280" HPOS="1497" VPOS="3061" WIDTH="29"/>
						<String ID="P30_ST00315" HPOS="1526" VPOS="2981" WIDTH="147" HEIGHT="61" CONTENT="leur" WC="0.99" CC="4100"/>
						<SP ID="P30_SP00281" HPOS="1673" VPOS="3061" WIDTH="21"/>
						<String ID="P30_ST00316" HPOS="1694" VPOS="2981" WIDTH="299" HEIGHT="61" CONTENT="donnant" WC="0.99" CC="0524040"/>
						<SP ID="P30_SP00282" HPOS="1993" VPOS="3061" WIDTH="32"/>
						<String ID="P30_ST00317" HPOS="2025" VPOS="2998" WIDTH="74" HEIGHT="43" CONTENT="sa" WC="0.86" CC="20"/>
						<SP ID="P30_SP00283" HPOS="2099" VPOS="3061" WIDTH="30"/>
						<String ID="P30_ST00318" HPOS="2129" VPOS="2980" WIDTH="130" HEIGHT="73" CONTENT="vie," WC="1.00" CC="0002"/>
						<SP ID="P30_SP00284" HPOS="2259" VPOS="3061" WIDTH="33"/>
						<String ID="P30_ST00319" HPOS="2292" VPOS="2980" WIDTH="104" HEIGHT="59" CONTENT="est" WC="0.97" CC="600"/>
					</TextLine>
					<TextLine ID="P30_TL00036" HPOS="259" VPOS="3060" WIDTH="2145" HEIGHT="81">
						<String ID="P30_ST00320" HPOS="259" VPOS="3085" WIDTH="132" HEIGHT="45" CONTENT="une" WC="0.95" CC="606"/>
						<SP ID="P30_SP00285" HPOS="391" VPOS="3130" WIDTH="48"/>
						<String ID="P30_ST00321" HPOS="439" VPOS="3066" WIDTH="231" HEIGHT="61" CONTENT="notion" WC="0.99" CC="060020"/>
						<SP ID="P30_SP00286" HPOS="670" VPOS="3130" WIDTH="32"/>
						<String ID="P30_ST00322" HPOS="702" VPOS="3064" WIDTH="354" HEIGHT="77" CONTENT="purement" WC="0.99" CC="06030500"/>
						<SP ID="P30_SP00287" HPOS="1056" VPOS="3141" WIDTH="59"/>
						<String ID="P30_ST00323" HPOS="1115" VPOS="3062" WIDTH="378" HEIGHT="77" CONTENT="sémitique." WC="0.99" CC="9600000604"/>
						<SP ID="P30_SP00288" HPOS="1493" VPOS="3141" WIDTH="47"/>
						<String ID="P30_ST00324" HPOS="1540" VPOS="3060" WIDTH="311" HEIGHT="61" CONTENT="Frédéric" WC="0.98" CC="60703605"/>
						<SP ID="P30_SP00289" HPOS="1851" VPOS="3141" WIDTH="37"/>
						<String ID="P30_ST00325" HPOS="1888" VPOS="3060" WIDTH="316" HEIGHT="61" CONTENT="Nietzche" WC="0.83" CC="40040040"/>
						<SP ID="P30_SP00290" HPOS="2204" VPOS="3141" WIDTH="32"/>
						<String ID="P30_ST00326" HPOS="2236" VPOS="3078" WIDTH="37" HEIGHT="41" CONTENT="a" WC="1.00" CC="0"/>
						<SP ID="P30_SP00291" HPOS="2273" VPOS="3141" WIDTH="39"/>
						<String ID="P30_ST00327" HPOS="2312" VPOS="3075" WIDTH="92" HEIGHT="43" CONTENT="vu" WC="0.63" CC="07"/>
					</TextLine>
					<TextLine ID="P30_TL00037" HPOS="256" VPOS="3140" WIDTH="2146" HEIGHT="79">
						<String ID="P30_ST00328" HPOS="256" VPOS="3149" WIDTH="137" HEIGHT="62" CONTENT="très" WC="0.98" CC="0056"/>
						<SP ID="P30_SP00292" HPOS="393" VPOS="3211" WIDTH="23"/>
						<String ID="P30_ST00329" HPOS="416" VPOS="3147" WIDTH="163" HEIGHT="61" CONTENT="clair" WC="0.99" CC="60000"/>
						<SP ID="P30_SP00293" HPOS="579" VPOS="3211" WIDTH="29"/>
						<String ID="P30_ST00330" HPOS="608" VPOS="3146" WIDTH="168" HEIGHT="60" CONTENT="dans" WC="0.97" CC="0056"/>
						<SP ID="P30_SP00294" HPOS="776" VPOS="3211" WIDTH="44"/>
						<String ID="P30_ST00331" HPOS="820" VPOS="3144" WIDTH="165" HEIGHT="75" CONTENT="cela," WC="0.98" CC="03404"/>
						<SP ID="P30_SP00295" HPOS="985" VPOS="3219" WIDTH="51"/>
						<String ID="P30_ST00332" HPOS="1036" VPOS="3144" WIDTH="51" HEIGHT="61" CONTENT="il" WC="1.00" CC="00"/>
						<SP ID="P30_SP00296" HPOS="1087" VPOS="3219" WIDTH="44"/>
						<String ID="P30_ST00333" HPOS="1131" VPOS="3161" WIDTH="38" HEIGHT="42" CONTENT="a" WC="1.00" CC="0"/>
						<SP ID="P30_SP00297" HPOS="1169" VPOS="3219" WIDTH="49"/>
						<String ID="P30_ST00334" HPOS="1218" VPOS="3145" WIDTH="290" HEIGHT="58" CONTENT="soutenu" WC="0.98" CC="1360505"/>
						<SP ID="P30_SP00298" HPOS="1508" VPOS="3219" WIDTH="51"/>
						<String ID="P30_ST00335" HPOS="1559" VPOS="3141" WIDTH="61" HEIGHT="61" CONTENT="la" WC="0.93" CC="10"/>
						<SP ID="P30_SP00299" HPOS="1620" VPOS="3219" WIDTH="41"/>
						<String ID="P30_ST00336" HPOS="1661" VPOS="3141" WIDTH="178" HEIGHT="62" CONTENT="force" WC="0.98" CC="03056"/>
						<SP ID="P30_SP00300" HPOS="1839" VPOS="3219" WIDTH="48"/>
						<String ID="P30_ST00337" HPOS="1887" VPOS="3158" WIDTH="319" HEIGHT="61" CONTENT="aryenne," WC="0.99" CC="05070430"/>
						<SP ID="P30_SP00301" HPOS="2206" VPOS="3219" WIDTH="34"/>
						<String ID="P30_ST00338" HPOS="2240" VPOS="3140" WIDTH="49" HEIGHT="61" CONTENT="il" WC="1.00" CC="00"/>
						<SP ID="P30_SP00302" HPOS="2289" VPOS="3219" WIDTH="27"/>
						<String ID="P30_ST00339" HPOS="2316" VPOS="3140" WIDTH="86" HEIGHT="59" CONTENT="l'a" WC="0.97" CC="501"/>
					</TextLine>
					<TextLine ID="P30_TL00038" HPOS="254" VPOS="3221" WIDTH="2142" HEIGHT="80">
						<String ID="P30_ST00340" HPOS="254" VPOS="3227" WIDTH="221" HEIGHT="73" CONTENT="louée," WC="0.98" CC="326004"/>
						<SP ID="P30_SP00303" HPOS="475" VPOS="3300" WIDTH="31"/>
						<String ID="P30_ST00341" HPOS="506" VPOS="3227" WIDTH="64" HEIGHT="60" CONTENT="et" WC="0.79" CC="40"/>
						<SP ID="P30_SP00304" HPOS="570" VPOS="3300" WIDTH="29"/>
						<String ID="P30_ST00342" HPOS="599" VPOS="3243" WIDTH="38" HEIGHT="43" CONTENT="a" WC="1.00" CC="0"/>
						<SP ID="P30_SP00305" HPOS="637" VPOS="3300" WIDTH="29"/>
						<String ID="P30_ST00343" HPOS="666" VPOS="3240" WIDTH="292" HEIGHT="46" CONTENT="reconnu" WC="0.99" CC="3333430"/>
						<SP ID="P30_SP00306" HPOS="958" VPOS="3300" WIDTH="22"/>
						<String ID="P30_ST00344" HPOS="980" VPOS="3240" WIDTH="131" HEIGHT="61" CONTENT="que" WC="0.98" CC="005"/>
						<SP ID="P30_SP00307" HPOS="1111" VPOS="3301" WIDTH="29"/>
						<String ID="P30_ST00345" HPOS="1140" VPOS="3222" WIDTH="66" HEIGHT="61" CONTENT="la" WC="0.82" CC="30"/>
						<SP ID="P30_SP00308" HPOS="1206" VPOS="3301" WIDTH="19"/>
						<String ID="P30_ST00346" HPOS="1225" VPOS="3224" WIDTH="90" HEIGHT="59" CONTENT="loi" WC="0.99" CC="020"/>
						<SP ID="P30_SP00309" HPOS="1315" VPOS="3301" WIDTH="27"/>
						<String ID="P30_ST00347" HPOS="1342" VPOS="3222" WIDTH="302" HEIGHT="60" CONTENT="d'amour" WC="1.00" CC="0000400"/>
						<SP ID="P30_SP00310" HPOS="1644" VPOS="3301" WIDTH="29"/>
						<String ID="P30_ST00348" HPOS="1673" VPOS="3221" WIDTH="164" HEIGHT="61" CONTENT="était" WC="0.99" CC="40000"/>
						<SP ID="P30_SP00311" HPOS="1837" VPOS="3301" WIDTH="21"/>
						<String ID="P30_ST00349" HPOS="1858" VPOS="3239" WIDTH="176" HEIGHT="43" CONTENT="venu" WC="0.98" CC="0404"/>
						<SP ID="P30_SP00312" HPOS="2034" VPOS="3301" WIDTH="19"/>
						<String ID="P30_ST00350" HPOS="2053" VPOS="3221" WIDTH="304" HEIGHT="62" CONTENT="d'Orient" WC="1.00" CC="04400020"/>
						<SP ID="P30_SP00313" HPOS="2357" VPOS="3301" WIDTH="26"/>
						<String ID="P30_ST00351" HPOS="2383" VPOS="3235" WIDTH="13" HEIGHT="43" CONTENT=":" WC="0.63" CC="3"/>
					</TextLine>
					<TextLine ID="P30_TL00039" HPOS="255" VPOS="3301" WIDTH="2151" HEIGHT="80">
						<String ID="P30_ST00352" HPOS="255" VPOS="3311" WIDTH="126" HEIGHT="60" CONTENT="des" WC="0.94" CC="906"/>
						<SP ID="P30_SP00314" HPOS="381" VPOS="3371" WIDTH="21"/>
						<String ID="P30_ST00353" HPOS="402" VPOS="3307" WIDTH="308" HEIGHT="63" CONTENT="Sémites." WC="0.99" CC="65000233"/>
						<SP ID="P30_SP00315" HPOS="710" VPOS="3371" WIDTH="24"/>
						<String ID="P30_ST00354" HPOS="734" VPOS="3306" WIDTH="144" HEIGHT="60" CONTENT="Elle" WC="0.98" CC="0223"/>
						<SP ID="P30_SP00316" HPOS="878" VPOS="3371" WIDTH="32"/>
						<String ID="P30_ST00355" HPOS="910" VPOS="3310" WIDTH="103" HEIGHT="56" CONTENT="est" WC="0.96" CC="054"/>
						<SP ID="P30_SP00317" HPOS="1013" VPOS="3371" WIDTH="23"/>
						<String ID="P30_ST00356" HPOS="1036" VPOS="3321" WIDTH="218" HEIGHT="44" CONTENT="venue" WC="0.99" CC="01043"/>
						<SP ID="P30_SP00318" HPOS="1254" VPOS="3371" WIDTH="18"/>
						<String ID="P30_ST00357" HPOS="1272" VPOS="3321" WIDTH="116" HEIGHT="60" CONTENT="par" WC="1.00" CC="000"/>
						<SP ID="P30_SP00319" HPOS="1388" VPOS="3381" WIDTH="17"/>
						<String ID="P30_ST00358" HPOS="1405" VPOS="3304" WIDTH="180" HEIGHT="59" CONTENT="deux" WC="0.97" CC="0560"/>
						<SP ID="P30_SP00320" HPOS="1585" VPOS="3381" WIDTH="20"/>
						<String ID="P30_ST00359" HPOS="1605" VPOS="3301" WIDTH="154" HEIGHT="62" CONTENT="fois." WC="0.99" CC="33030"/>
						<SP ID="P30_SP00321" HPOS="1759" VPOS="3381" WIDTH="24"/>
						<String ID="P30_ST00360" HPOS="1783" VPOS="3302" WIDTH="132" HEIGHT="61" CONTENT="Par" WC="0.98" CC="600"/>
						<SP ID="P30_SP00322" HPOS="1915" VPOS="3381" WIDTH="25"/>
						<String ID="P30_ST00361" HPOS="1940" VPOS="3302" WIDTH="179" HEIGHT="61" CONTENT="deux" WC="0.99" CC="0040"/>
						<SP ID="P30_SP00323" HPOS="2119" VPOS="3381" WIDTH="21"/>
						<String ID="P30_ST00362" HPOS="2140" VPOS="3301" WIDTH="266" HEIGHT="74" CONTENT="fois,les" WC="0.99" CC="03041024"/>
					</TextLine>
					<TextLine ID="P30_TL00040" HPOS="264" VPOS="3382" WIDTH="2142" HEIGHT="85">
						<String ID="P30_ST00363" HPOS="264" VPOS="3391" WIDTH="264" HEIGHT="76" CONTENT="Aryens" WC="0.99" CC="000425"/>
						<SP ID="P30_SP00324" HPOS="528" VPOS="3467" WIDTH="32"/>
						<String ID="P30_ST00364" HPOS="560" VPOS="3389" WIDTH="114" HEIGHT="59" CONTENT="ont" WC="0.98" CC="400"/>
						<SP ID="P30_SP00325" HPOS="674" VPOS="3467" WIDTH="32"/>
						<String ID="P30_ST00365" HPOS="706" VPOS="3386" WIDTH="90" HEIGHT="60" CONTENT="dù" WC="0.81" CC="03"/>
						<SP ID="P30_SP00326" HPOS="796" VPOS="3467" WIDTH="29"/>
						<String ID="P30_ST00366" HPOS="825" VPOS="3386" WIDTH="184" HEIGHT="60" CONTENT="leurs" WC="0.97" CC="60743"/>
						<SP ID="P30_SP00327" HPOS="1009" VPOS="3467" WIDTH="31"/>
						<String ID="P30_ST00367" HPOS="1040" VPOS="3385" WIDTH="204" HEIGHT="60" CONTENT="dieux" WC="0.99" CC="00060"/>
						<SP ID="P30_SP00328" HPOS="1244" VPOS="3467" WIDTH="31"/>
						<String ID="P30_ST00368" HPOS="1275" VPOS="3401" WIDTH="134" HEIGHT="44" CONTENT="aux" WC="1.00" CC="000"/>
						<SP ID="P30_SP00329" HPOS="1409" VPOS="3467" WIDTH="38"/>
						<String ID="P30_ST00369" HPOS="1447" VPOS="3400" WIDTH="183" HEIGHT="43" CONTENT="races" WC="0.99" CC="00024"/>
						<SP ID="P30_SP00330" HPOS="1630" VPOS="3467" WIDTH="40"/>
						<String ID="P30_ST00370" HPOS="1670" VPOS="3382" WIDTH="424" HEIGHT="78" CONTENT="sémitiques," WC="0.99" CC="50900007253"/>
						<SP ID="P30_SP00331" HPOS="2094" VPOS="3467" WIDTH="51"/>
						<String ID="P30_ST00371" HPOS="2145" VPOS="3384" WIDTH="64" HEIGHT="59" CONTENT="et" WC="1.00" CC="00"/>
						<SP ID="P30_SP00332" HPOS="2209" VPOS="3467" WIDTH="46"/>
						<String ID="P30_ST00372" HPOS="2255" VPOS="3398" WIDTH="114" HEIGHT="44" CONTENT="sou" SUBS_TYPE="HypPart1" SUBS_CONTENT="souvent" WC="0.98" CC="300"/>
						<HYP HPOS="2369" VPOS="3398" WIDTH="37" CONTENT="-"/>
					</TextLine>
					<TextLine ID="P30_TL00041" HPOS="264" VPOS="3461" WIDTH="2142" HEIGHT="84">
						<String ID="P30_ST00373" HPOS="264" VPOS="3470" WIDTH="161" HEIGHT="61" CONTENT="vent" SUBS_TYPE="HypPart2" SUBS_CONTENT="souvent" WC="0.98" CC="0070"/>
						<SP ID="P30_SP00333" HPOS="425" VPOS="3531" WIDTH="29"/>
						<String ID="P30_ST00374" HPOS="454" VPOS="3467" WIDTH="49" HEIGHT="61" CONTENT="il" WC="0.84" CC="03"/>
						<SP ID="P30_SP00334" HPOS="503" VPOS="3531" WIDTH="57"/>
						<String ID="P30_ST00375" HPOS="560" VPOS="3466" WIDTH="184" HEIGHT="61" CONTENT="n'ont" WC="0.98" CC="34400"/>
						<SP ID="P30_SP00335" HPOS="744" VPOS="3531" WIDTH="51"/>
						<String ID="P30_ST00376" HPOS="795" VPOS="3483" WIDTH="120" HEIGHT="62" CONTENT="pas" WC="0.98" CC="005"/>
						<SP ID="P30_SP00336" HPOS="915" VPOS="3545" WIDTH="52"/>
						<String ID="P30_ST00377" HPOS="967" VPOS="3483" WIDTH="83" HEIGHT="43" CONTENT="su" WC="0.60" CC="16"/>
						<SP ID="P30_SP00337" HPOS="1050" VPOS="3545" WIDTH="58"/>
						<String ID="P30_ST00378" HPOS="1108" VPOS="3465" WIDTH="360" HEIGHT="72" CONTENT="discerner," WC="0.99" CC="0504407597"/>
						<SP ID="P30_SP00338" HPOS="1468" VPOS="3545" WIDTH="58"/>
						<String ID="P30_ST00379" HPOS="1526" VPOS="3480" WIDTH="109" HEIGHT="45" CONTENT="car" WC="1.00" CC="000"/>
						<SP ID="P30_SP00339" HPOS="1635" VPOS="3545" WIDTH="41"/>
						<String ID="P30_ST00380" HPOS="1676" VPOS="3464" WIDTH="50" HEIGHT="59" CONTENT="il" WC="1.00" CC="00"/>
						<SP ID="P30_SP00340" HPOS="1726" VPOS="3545" WIDTH="31"/>
						<String ID="P30_ST00381" HPOS="1757" VPOS="3480" WIDTH="38" HEIGHT="43" CONTENT="a" WC="0.64" CC="3"/>
						<SP ID="P30_SP00341" HPOS="1795" VPOS="3545" WIDTH="44"/>
						<String ID="P30_ST00382" HPOS="1839" VPOS="3462" WIDTH="212" HEIGHT="61" CONTENT="existé" WC="0.98" CC="090407"/>
						<SP ID="P30_SP00342" HPOS="2051" VPOS="3545" WIDTH="52"/>
						<String ID="P30_ST00383" HPOS="2103" VPOS="3462" WIDTH="157" HEIGHT="63" CONTENT="chez" WC="0.98" CC="0341"/>
						<SP ID="P30_SP00343" HPOS="2260" VPOS="3545" WIDTH="47"/>
						<String ID="P30_ST00384" HPOS="2307" VPOS="3461" WIDTH="99" HEIGHT="61" CONTENT="les" WC="0.96" CC="037"/>
					</TextLine>
				</TextBlock>
			</PrintSpace>
		</Page>
	</Layout>
</alto>
