2607 3866
1191 263 118 60 273

196 415 135 59 cier
360 416 141 59 »de
531 416 286 77 premier
848 417 189 61 ordre
1165 416 88 58 M.
1282 416 202 62 Yeats
1508 419 121 70 est,
1659 418 282 72 dit-elle,
1965 436 93 42 un
2088 418 209 78 poète.

201 494 222 70 Quant
453 512 128 42 aux
613 499 246 69 autres,
892 496 125 59 elle
1043 496 98 59 les
1174 496 255 77 néglige
1464 517 30 36 «
1525 498 527 78 indulgemment
2085 518 56 40 ».

279 574 128 59 Les
434 591 148 43 vers
613 576 80 59 de
722 576 88 58 M.
830 574 325 77 Rudyard
1177 574 274 78 Kipling
1480 578 62 57 et
1574 577 78 58 de
1677 577 89 60 M.
1793 577 223 61 W.-E.
2041 574 261 77 Henley

199 652 332 59 semblent
557 652 129 61 fort
718 653 253 76 goûtés,
1005 670 81 43 en
1117 670 70 43 ce
1221 657 315 68 moment,
1572 654 77 60 de
1680 654 228 61 l'autre
1947 654 139 61 côté
2129 656 79 58 de
2238 653 65 58 la

200 729 298 62 Manche.
651 732 434 72 Maintenant,
1118 733 59 58 si
1216 732 60 59 le
1305 733 381 60 traducteur
1728 734 228 60 n'était
1981 736 87 58 M.
2097 734 82 60 R.
2223 733 84 58 de

205 808 396 75 Gourmont,
628 827 170 43 nous
829 811 96 59 lui
954 812 370 75 parlerions
1358 812 79 58 de
1469 828 72 42 sa
1579 812 264 59 version
1874 813 115 60 des
2030 816 232 57 Carmé-

204 891 118 57 lite,
553 894 40 55 Nuns
594 936 81 26 ,
676 891 78 58 de
784 891 88 58 M.
918 889 327 74 Dowson;
1302 906 108 43 car
1459 889 302 78 l'anglais
1809 893 99 57 est
1958 891 179 77 parlé
2190 906 118 61 par

203 967 119 59 200
347 967 300 59 millions
688 969 391 73 d'hommes,
1111 971 158 58 dont
1297 969 365 76 plusieurs,
1693 969 49 59 il
1774 969 140 60 faut
1951 969 157 60 bien
2138 986 70 43 se
2247 969 64 57 le

204 1045 269 78 figurer,
496 1045 255 79 parlent
771 1047 60 61 le
854 1047 361 72 français...
1241 1065 82 44 ne
1347 1048 383 61 seraient-ce
1752 1065 127 60 que
1902 1048 98 60 les
2029 1048 278 61 Russes.

286 1294 92 58 Le
390 1293 252 69 prince
1142 1289 370 63 d'Aurec
996 1308 126 60 que
1141 1293 89 59 M.
1255 1293 310 61 Lavedan
1586 1293 181 60 vient
1799 1293 80 60 de
1909 1292 164 61 faire
2102 1289 202 80 représenter

207 1289 166 61 tend
414 1289 42 61 à
497 1289 291 61 prouver
829 1289 125 61 que
995 1289 83 61 la
1119 1289 208 61 haute
1368 1289 332 61 juiverie
1741 1289 83 61 et
1866 1289 83 61 la
1990 1289 332 61 noblesse

210 1449 151 60 sont
390 1448 366 78 également
784 1448 168 60 viles
984 1452 63 57 et
1072 1451 296 76 cupides.
1404 1451 85 59 Ce
1530 1451 122 59 fait
1686 1451 100 59 est
1829 1449 488 79 généralement

209 1527 244 72 admis,
498 1528 64 59 et
614 1543 74 44 sa
733 1528 437 60 constatation
1229 1531 100 57 est
1379 1528 349 61 demeurée
1779 1528 195 60 d'une
2026 1527 291 61 banalité

209 1603 329 62 fâcheuse.
576 1606 169 59 Mais
785 1623 80 44 en
911 1623 172 44 nous
1113 1608 335 59 montrant
1495 1608 65 59 la
1589 1608 286 60 hauteur
1904 1607 210 60 d'âme
2146 1607 78 60 de
2255 1608 65 57 la

209 1684 223 61 vieille
463 1684 348 74 duchesse,
841 1686 176 59 mère
1039 1686 79 59 de
1141 1686 305 73 d'Aurec,
1473 1687 87 60 M.
1591 1687 308 60 Lavedan
1930 1703 38 42 a
1994 1686 323 77 prétendu

211 1763 300 62 soutenir
540 1781 127 60 que
689 1764 63 60 la
773 1764 415 77 bourgeoisie
1217 1766 418 59 industrielle
1772 1767 62 58 et
1860 1764 455 60 industrieuse

213 1861 157 43 sans
415 1844 196 59 doute
763 1844 151 59 d'où
939 1846 252 58 sortent
1217 1844 98 60 les
1347 1844 300 60 millions
1693 1846 79 58 de
1814 1844 65 59 la
1926 1843 390 71 douairière,

213 1924 100 59 est
342 1922 384 77 supérieure
756 1923 38 58 à
824 1923 64 58 la
909 1922 308 61 noblesse
1248 1924 64 59 et
1343 1923 37 60 à
1406 1923 65 60 la
1497 1923 308 79 juiverie.
1833 1923 181 61 Cette
2041 1922 279 61 seconde

209 2002 209 76 partie
450 2002 79 58 de
558 2001 65 59 la
646 2001 188 59 thèse
865 2003 100 57 est
989 2002 146 58 tout
1165 2001 249 60 entière
1446 2002 37 59 à
1514 2002 400 72 démontrer,
1949 2017 106 43 car
2092 2002 98 59 les
2221 2017 66 43 ca-

209 2079 343 61 lembours
582 2081 64 59 et
676 2081 173 59 mots
879 2079 272 78 d'esprit
1182 2081 78 59 de
1286 2079 87 61 M.
1406 2081 313 60 Lavedan
1765 2082 114 59 ont
1918 2079 99 61 été
2062 2078 228 62 insuffi-

211 2162 207 58 sants.

289 2340 93 57 Le
396 2340 348 57 chevalier
759 2340 92 54 du
855 2334 206 79 passé,
1095 2334 69 79 la
1183 2335 305 60 nouvelle
1504 2334 291 79 tragédie
1809 2335 79 59 de
1901 2335 87 59 M.
2014 2335 309 59 Edouard

209 2415 334 77 Dujardin
575 2415 115 77 qui
714 2431 148 43 sera
891 2413 411 78 représentée
1332 2415 61 59 le
1424 2415 97 71 17,
1546 2413 210 61 forme
1785 2413 65 60 la
1881 2415 280 59 seconde
2182 2431 106 60 par-

208 2495 91 61 tie
317 2495 157 59 d'un
505 2493 206 78 cycle,
740 2496 362 72 lalégende
1132 2493 375 63 d'Antonia
1517 2539 16 27 ,
1558 2493 162 63 dont
1739 2492 371 71 l'Awfoma,
2125 2493 200 79 jouée

211 2573 257 61 l'année
500 2573 320 73 dernière,
853 2573 157 60 était
1052 2572 65 60 la
1145 2572 341 77 première.

295 2793 90 61 M.
420 2791 287 78 Ledrain
744 2810 36 43 a
818 2792 340 62 vivement
1191 2792 219 61 blâmé
1439 2791 310 62 Flaubert
1781 2792 80 61 de
1893 2808 121 45 son
2043 2808 288 61 manque

223 2872 79 61 de
332 2873 230 61 notion
587 2873 371 76 historique
990 2872 166 61 dans
1958 2872 374 61 Salammbô
1638 2872 102 61 On
1760 2873 156 76 peut
1945 2870 320 79 répondre
2295 2872 37 59 â

214 2950 345 64 Féminent
589 2952 323 61 historien
944 2950 161 78 qu'il
1136 2968 169 43 nous
1326 2952 101 59 est
1455 2950 466 78 parfaitement
1949 2949 381 62 indifférent

218 3050 129 61 que
375 3032 65 61 la
467 3033 318 76 Cartilage
810 3032 78 61 de
909 3032 316 59 Flaubert
1241 3048 82 43 ne
1346 3030 128 61 soit
1495 3047 120 61 pas
1636 3030 202 61 vraie.
1854 3030 105 60 Au
1981 3030 349 74 contraire,

216 3128 111 43 car
356 3112 59 59 si
445 3113 165 60 cette
641 3111 320 77 Carthage
990 3112 100 59 est
1119 3111 440 77 uniquement
1607 3109 200 61 sortie
1838 3111 78 58 de
1964 3109 332 78 l'imagina-

214 3192 143 62 tion
389 3192 80 59 de
497 3191 341 72 Flaubert,
867 3191 123 60 elle
1033 3192 258 59 montre
1321 3207 75 43 sa
1437 3189 352 80 puissance
1824 3189 80 61 de
1930 3189 190 78 poète
2151 3192 62 58 et
2246 3191 84 60 de

224 3271 320 74 créateur,
578 3273 63 58 et
672 3288 84 43 on
787 3287 82 44 ne
895 3269 100 61 lui
1028 3269 321 62 demande
1393 3287 119 61 pas
1539 3272 185 58 autre
1756 3269 216 61 chose.

299 3503 188 61 Dans
516 3502 61 62 le
608 3505 330 59 Mercure
967 3504 79 57 de
1076 3500 285 74 France,
1385 3518 131 45 une
1547 3500 280 79 critique
1861 3500 79 61 de
1973 3500 75 61 F.
2090 3500 247 61 Herold
