3208 4483
201 4120 46 23 100

209 263 49 29 ihn
289 263 103 34 sehen,
421 266 76 28 aber
526 270 80 27 mein
635 269 51 28 Eis
718 270 50 29 hat
802 271 52 30 der
887 271 115 30 Frosch
1033 281 51 21 zer-

211 311 153 35 schlagen.

265 362 40 27 Es
326 363 151 30 brummte
500 367 67 27 dem
592 367 111 31 letzten
728 369 161 28 schweren
913 370 98 32 Krach
1034 372 65 27 eine

209 410 154 30 neidische
388 412 127 32 Stimme
541 416 87 29 nach.

265 459 95 33 „Dem
390 461 115 30 Frosch
538 466 104 27 seinen
674 464 75 30 Neid
777 467 119 29 merkte
927 468 47 28 ich
1005 468 94 29 schon

207 509 80 29 beim

265 558 141 33 „Hättest
431 563 37 27 du
492 564 72 27 mirs
590 567 117 30 gesagt,
730 566 79 28 dann
837 567 85 29 wäre
949 568 46 27 ich
1022 568 76 29 nach

207 607 104 30 Hause
338 617 160 26 gegangen
531 612 59 28 und
621 614 37 26 du
687 614 114 30 hättest
832 616 68 28 dein
929 616 49 28 Eis
1011 617 86 28 noch,

210 656 23 29 's
254 657 41 28 ist
319 659 76 28 doch

263 706 68 32 „Ich
353 708 79 30 habe
453 712 29 29 ja
506 711 106 28 darum
634 710 97 33 gleich
754 714 97 27 meine
873 713 224 31 Schlittschuhe

207 763 193 28 ausgezogen
425 761 60 27 und
512 759 76 32 habe
611 762 43 27 sie
680 761 238 35 heimgetragen,
945 765 92 29 damit
1065 774 32 20 er

207 806 80 27 mein
325 805 50 29 Eis
411 806 107 30 stehen
553 808 103 29 lassen
691 810 65 33 soll,
793 814 189 31 wenigstens
1018 815 78 29 noch

205 854 87 28 einen
313 855 74 34 Tag.
419 856 93 29 Sonst
534 858 125 29 rechnet
682 868 32 20 er
739 863 71 28 mirs
834 863 107 29 immer

260 903 114 33 „Weils
396 906 224 34 meinetwegen
643 910 48 30 ist,
715 911 65 28 sein

262 952 93 33 „Was
386 956 94 28 wirds
513 955 213 36 deinetwegen
757 961 80 28 sein!
863 983 5 6 .
894 983 6 6 .
926 963 73 27 aber
1032 964 63 28 eins

203 1002 79 28 weiß
301 1002 56 33 ich,
379 1004 53 29 das
450 1004 154 31 letztemal
622 1016 92 24 wars,
733 1009 56 29 daß
808 1011 47 27 ich
873 1012 79 28 mich
972 1020 49 20 um
1040 1013 56 28 den

205 1052 121 28 wüsten
350 1052 80 30 alten
456 1054 151 35 Dickkopf

259 1100 65 33 „Du
345 1101 110 31 kennst
480 1103 47 29 die
550 1105 183 31 Geschichte
756 1108 90 33 nicht,
868 1110 48 28 ich
940 1110 83 30 hätte
1047 1112 50 28 auf

202 1149 69 29 dem
291 1150 198 31 Froschteich
507 1154 120 30 bleiben
645 1159 133 31 müssen,
799 1165 32 23 er
851 1159 51 28 hat
922 1161 56 29 mir
998 1163 98 27 meine

205 1198 225 32 Schlittschuhe
454 1204 87 28 extra
568 1204 168 33 deswegen
760 1207 178 35 geschenkt,
963 1210 59 29 daß
1049 1211 47 29 ich

200 1248 49 29 ihn
272 1250 92 30 damit

258 1299 83 32 „So?
364 1322 7 5 .
393 1322 7 6 .
424 1301 55 28 das
500 1306 40 27 ist
561 1303 83 29 wohl
665 1312 67 26 neu,
757 1306 57 30 daß
840 1309 98 28 einem
961 1308 134 30 Frösche

200 1346 225 32 Schlittschuhe
477 1352 164 29 schenken.
701 1355 96 33 Sagte
847 1365 33 21 es
930 1358 52 29 der
1035 1359 59 29 alte

200 1395 200 37 Schwindler,
437 1400 56 30 daß
526 1403 45 28 sie
605 1411 62 22 von
700 1404 61 30 ihm
957 1408 136 29 kicherte

199 1446 55 29 das
276 1447 154 31 Mädchen
450 1450 62 30 laut
534 1460 58 20 vor
613 1453 193 35 Vergnügen.

255 1495 76 31 Dem
352 1498 127 33 Knaben
501 1501 72 29 kam
599 1503 53 29 das
677 1503 130 33 Kichern
832 1506 170 32 sonderbar
1027 1517 66 20 vor.

200 1545 75 29 W'ar
300 1549 76 29 denn
402 1550 54 30 mit
481 1551 53 28 der
558 1551 184 37 Schenkung
766 1557 101 27 etwas
894 1556 82 29 nicht
1001 1557 93 30 echt?

200 1593 110 31 Schick
334 1606 68 22 war
425 1599 29 31 ja
480 1600 44 31 als
549 1600 155 32 Zauberer
732 1604 142 29 bekannt.

255 1644 81 35 „Das
373 1649 86 29 wäre
496 1651 77 29 auch
607 1652 46 28 ein
694 1652 164 32 Geschenk
892 1663 63 21 von
995 1658 98 28 einem

197 1693 129 31 Frosch!
348 1718 6 6 .
376 1719 6 5 .
402 1698 65 28 die
490 1697 93 36 Qual!
606 1701 50 28 auf
679 1704 97 29 einem
796 1703 112 31 Teiche
927 1705 108 29 fahren
1054 1715 38 21 zu

197 1745 134 36 müssen,
362 1747 54 27 der
446 1748 82 30 nicht
559 1750 111 33 größer
701 1752 40 29 ist
771 1752 44 29 als
846 1755 46 28 ein
922 1755 152 30 Seerosen-

252 1844 68 32 „Ich
341 1845 78 31 habs
441 1847 73 30 aber
666 1874 6 5 .
693 1874 7 6 .
722 1873 7 6 .
752 1852 85 32 „eine
861 1851 77 36 Qual
959 1862 83 22 wars
1063 1856 30 31 ja

196 1891 48 31 für
421 1895 55 31 das
514 1897 162 32 Geschenk
709 1900 72 31 kam
813 1901 61 30 ihm
907 1905 74 30 jetzt
1015 1905 77 28 auch

197 1942 186 31 zweifelhaft
401 1954 57 20 vor
478 1969 6 6 .
506 1971 6 5 .
533 1970 7 6 .
558 1948 93 33 „aber
668 1951 52 28 auf
736 1950 62 30 den
816 1952 59 29 See
897 1954 50 28 bin
965 1954 48 29 ich
1032 1964 60 19 nun

199 1993 42 28 nit

255 2050 76 33 „Für
353 2051 58 30 den
427 2052 69 36 See,
513 2054 41 28 ha
575 2054 47 35 ha,
643 2056 84 30 dafür
745 2060 56 28 ists
823 2061 47 27 ein
889 2068 78 24 ganz
989 2064 101 27 nettes

407 2124 8 7 .
444 2124 7 7 .
484 2103 64 33 „für
590 2107 89 29 einen
717 2107 204 35 schmierigen
960 2110 113 31 Frosch-

198 2148 79 29 teich
299 2150 67 30 sind
385 2152 46 29 die
450 2153 100 29 feinen
569 2154 152 32 Schienen
740 2159 100 31 gewiß
983 2186 6 5 .
1011 2185 5 6 .
1038 2162 53 29 der

194 2197 107 32 Knabe
322 2201 162 32 schüttelte
506 2205 44 28 sie
573 2213 63 21 von
654 2206 63 30 den
738 2207 111 30 Füßen.

251 2249 41 28 Es
317 2259 68 21 war
408 2260 38 21 an
468 2253 95 36 Land,
588 2263 35 21 so
646 2256 113 32 konnte
785 2266 33 20 er
842 2259 96 29 schon
961 2262 47 27 ein
1032 2262 45 28 bis-

197 2296 75 32 chen
301 2300 61 29 den
392 2302 81 29 alten
502 2303 111 30 Schick
639 2306 167 31 auslachen
834 2308 108 30 helfen.
980 2310 112 30 Schick

192 2345 88 31 hätte
296 2349 83 29 sichs
397 2351 78 29 eben
489 2353 108 30 besser
616 2355 165 35 überlegen
800 2357 104 35 sollen,
922 2359 38 29 eh
980 2368 32 21 er
1030 2361 61 28 ihm

195 2399 99 30 etwas
321 2400 158 37 schenkte,
508 2411 33 23 er
566 2412 69 22 war
658 2405 82 29 .doch
766 2407 81 30 nicht
875 2417 35 21 so
940 2409 71 29 sehr
1041 2410 51 29 auf

194 2446 59 30 den
275 2448 183 36 Hinterkopf
477 2451 145 33 gefallen!
646 2476 7 6 .
675 2477 7 7 .
703 2464 36 21 es
757 2455 100 31 freute
875 2458 61 33 ihn,
959 2460 57 28 daß
1042 2467 49 21 ers

193 2494 113 32 Schick
329 2498 205 35 heimgezahlt
555 2502 84 31 hatte
661 2526 7 6 .
690 2529 6 6 .
718 2527 6 6 .
749 2505 88 34 „Wie
858 2507 95 30 schön
976 2510 39 28 ist
1035 2509 38 28 da-

192 2554 99 27 gegen
310 2549 71 29 dein
517 2551 57 30 rief
597 2561 33 21 er
651 2555 78 28 noch
754 2556 77 29 dazu
855 2564 64 22 aus.

249 2596 122 34 Hierfür
397 2601 179 35 umschlang
598 2602 49 30 ihn
670 2604 59 29 das
752 2604 163 32 Mädchen.

250 2646 93 31 Wars
364 2651 48 28 ein
433 2649 79 31 Blitz
533 2654 60 28 und
613 2653 124 30 Donner
759 2656 105 28 mitten
884 2660 40 26 im
947 2656 142 30 Winter?

193 2717 9 6 .
221 2719 6 5 .
243 2696 112 31 Schick
373 2699 151 32 brummte
543 2702 93 33 ferne,
654 2712 73 22 vom
746 2704 94 31 Dorfe
860 2705 64 33 her,
944 2715 55 21 aus
1021 2707 68 29 dem

193 2745 200 31 Froschteich
416 2771 7 5 .
446 2771 6 6 .
473 2758 73 21 man
569 2753 71 34 ging
661 2761 38 21 zu
724 2756 73 27 weit
820 2756 29 28 in
877 2756 52 29 der
952 2756 118 30 Verhöh-

195 2803 80 26 nung
311 2796 122 31 Seiner!

251 2846 60 33 „Ist
328 2847 53 29 der
399 2846 79 33 Blitz
495 2850 82 31 nicht
595 2853 40 27 im
651 2851 60 30 See
1020 2856 69 34 frug

193 2894 76 30 leise
292 2895 56 29 der
374 2896 115 33 Knabe.

252 2952 120 34 „Wenn
402 2956 58 28 dus
494 2957 136 32 gesehen
654 2958 69 30 hast
751 2984 6 6 .
844 2961 54 29 das
934 2961 154 31 Mädchen

194 3001 51 35 lag
269 3010 37 22 an
329 3006 58 27 des
413 3005 127 33 Knaben
562 3007 94 32 Brust
679 3011 62 28 und
766 3029 38 3 —
830 3011 123 34 weinte,
980 3013 109 29 vorhin

192 3051 86 30 hatte
301 3054 44 27 sie
367 3055 79 29 noch
468 3055 131 35 gelacht.

250 3101 147 33 „Warum
418 3106 110 28 weinst
653 3107 70 35 frug
741 3111 54 29 der
814 3110 114 34 Knabe,
948 3111 56 29 der
1025 3111 64 30 sich

193 3151 51 27 auf
266 3152 108 29 einmal
395 3156 59 26 wie
479 3158 46 28 ein
548 3157 108 28 derber
679 3157 94 30 Mann
794 3159 139 30 vorkam.

250 3201 116 32 „Wirst
398 3204 38 28 du
468 3205 77 29 auch
580 3206 78 29 ohne
691 3206 49 31 Eis
770 3227 37 3 —
841 3217 38 21 zu
912 3211 57 27 mir
1002 3211 65 29 kom-

251 3300 116 32 „Wenn
392 3304 41 27 du
457 3312 36 20 so
517 3305 95 32 große
635 3305 267 32 Seerosenblätter
927 3309 77 34 hast,
1028 3311 60 27 wie

197 3349 128 29 Schicks
350 3359 113 24 ganzer
490 3353 107 30 Teich!
626 3379 6 6 .
660 3378 6 6 .
694 3357 97 28 denke
818 3358 78 28 doch
921 3381 6 6 .
953 3381 6 6 .
988 3361 100 27 weine

195 3399 89 29 nicht.
319 3401 49 29 Ich
394 3402 89 29 käme
510 3404 73 29 aber
609 3408 76 27 auch
714 3406 78 29 ohne
820 3408 45 29 die
894 3417 37 21 zu
959 3409 54 32 dir,
1042 3409 46 30 ich

193 3450 79 30 liebe
299 3450 67 29 dich

251 3498 54 32 Die
325 3500 168 37 Erklärung
512 3512 66 20 war
598 3505 156 30 bestimmt
774 3508 60 28 und
852 3507 137 31 trocken.
1010 3509 78 28 Dem

193 3547 152 31 Mädchen
366 3550 87 30 kams
474 3560 66 25 vor,
561 3552 45 30 als
624 3556 41 28 ob
688 3556 53 29 der
760 3556 106 31 Knabe
886 3557 122 30 wahrer
1028 3558 60 29 und

192 3598 181 29 liebreicher
393 3603 96 31 wäre,
513 3610 92 21 wenn
632 3612 32 20 er
689 3605 137 34 schwieg
853 3628 6 6 .
885 3629 6 6 .
919 3606 102 33 „Oder
1049 3608 38 28 du

194 3646 133 32 kommst
345 3649 81 30 nicht
444 3652 125 33 wieder,
585 3653 48 28 dir
653 3654 50 28 bin
720 3655 49 28 ich
788 3655 68 29 bloß
877 3664 68 21 zum
965 3656 107 30 Schlitt-

194 3696 199 30 schuhlaufen
416 3701 54 32 gut

251 3746 78 33 „Du!
357 3749 53 31 gut
436 3749 121 33 genug?
587 3752 39 28 du
651 3752 129 30 schönes

251 3795 66 33 „Du
335 3798 67 29 hast
419 3798 80 29 mich
519 3800 48 28 bei
583 3799 66 35 Tag
670 3803 78 28 noch
767 3803 82 29 nicht
870 3804 77 28 ohne
968 3806 120 28 meinen

194 3844 136 33 Schleier

251 3894 65 33 „Du
338 3896 59 29 bist
421 3898 103 33 schön,
548 3899 49 29 ich
618 3899 78 31 habe
719 3902 172 30 manchmal
912 3903 93 30 durch
1030 3904 58 28 den

193 3941 138 32 Schleier
378 3946 291 37 hindurchgesehen,
720 3950 39 28 du
808 3951 116 31 hattest
973 3953 114 29 schöne

194 3992 116 33 Augen.
340 3994 69 30 Und
433 3995 67 34 dein
522 3997 96 30 Mund
642 4006 66 21 war
733 4007 34 20 so
790 4009 99 22 warm
910 4023 7 6 .
942 4024 7 6 .
973 4024 7 7 .
1004 4002 83 29 Höre

196 4041 50 30 auf
270 4052 40 20 zu
331 4045 133 28 weinen!
490 4046 49 28 ich
563 4048 122 30 komme

1232 272 182 33 „Versprich
1436 273 55 28 mir
1509 280 64 24 nur,
1594 271 77 32 gehe
1692 270 83 31 nicht
1794 271 85 28 mehr
1898 279 38 20 zu
1957 271 109 29 Schick

1176 344 7 6 .
1208 344 6 6 .
1240 323 79 28 dann
1353 324 87 27 wirst
1475 322 37 29 du
1549 321 153 30 vielleicht
1735 322 89 29 Wort
2024 323 42 28 sie

1172 372 71 33 ging
1265 370 115 30 schnell
1401 379 70 26 weg
1494 372 62 29 und
1576 372 58 28 ließ
1657 372 57 28 den
1735 372 125 32 Knaben
1884 372 117 31 stehen,
2023 373 43 27 sie

1173 419 102 31 mußte
1295 430 36 19 zu
1351 421 71 28 sehr
1441 423 128 31 weinen,
1590 424 44 27 sie
1651 422 84 30 hatte
1757 423 73 31 jetzt
1850 422 93 30 schon
1964 423 82 28 Heim-

1173 470 69 28 weh
1266 470 76 28 nach
1366 470 70 29 ihm.

1228 518 51 29 Sie
1297 520 206 30 verschwand
1522 524 39 26 im
1577 522 60 29 See
1655 544 7 7 .
1678 544 6 6 .
1701 545 5 6 .
1725 524 69 28 dort
1809 524 124 28 wohnte
1950 525 44 27 sie
2010 546 7 5 .
2036 546 6 5 .
2060 545 6 6 .

1173 567 54 32 das
1248 576 83 22 arme
1348 569 152 29 Mädchen
1522 571 125 29 wohnte
1666 573 28 27 in
1713 574 71 28 dem
1806 581 111 20 nassen
1937 581 129 24 grossen

1172 616 98 29 See?!
1304 617 39 29 Es
1369 626 66 20 war
1461 628 34 21 so
1521 619 70 30 mild
1615 623 61 28 und
1702 621 186 30 bescheiden
1912 623 62 28 und
2000 630 66 21 war

1174 667 76 29 doch
1275 666 184 35 Eiskönigin,
1484 670 44 28 sie
1555 670 84 29 hatte
1667 670 64 29 ihre
1756 670 115 31 Pracht
1898 672 59 28 und
1982 671 84 30 ihren

1173 714 95 30 Glanz
1291 725 78 25 ganz
1394 717 57 31 still
1475 719 141 32 abgelegt
1641 719 60 28 und
1722 727 67 21 war
1808 722 57 26 mit
1885 720 119 30 Trauer
2025 722 41 27 im

1170 764 121 30 Herzen
1322 767 30 27 in
1382 767 57 28 den
1474 768 59 30 See
1564 767 260 35 hinabgestiegen.
1865 769 62 29 Der
1959 770 107 32 Knabe

1171 814 104 30 wollte
1303 823 32 21 es
1363 816 103 36 sehen,
1493 817 104 30 wollte
1625 825 33 20 es
1686 818 103 33 hören,
1816 826 55 21 nur
1902 820 48 27 ein
1974 819 91 29 leises

1171 863 290 34 Wasserplatschen
1479 875 67 19 war
1564 868 38 26 da
1620 866 60 29 und
1697 866 71 30 hielt
1785 875 47 21 an.
1859 867 40 30 Es
1914 877 67 20 war
1996 868 70 33 ihm,

1171 913 44 28 als
1241 913 83 32 hätte
1352 917 44 28 sie
1423 915 57 28 den
1506 915 163 33 Reichtum
1693 917 100 30 seiner
1820 917 89 29 Seele
1938 927 39 19 an
2002 917 64 30 sich

1169 971 182 23 genommen
1370 964 59 28 und
1445 965 107 29 würde
1573 966 48 29 ihn
1641 965 227 34 aufbewahren,
1888 967 58 28 daß
1966 967 98 30 nichts

1170 1013 100 28 davon
1298 1012 143 30 verloren
1469 1015 79 32 ging.
1585 1014 64 29 Das
1675 1014 162 35 Mädchen,
1865 1016 117 30 wenn's
2010 1025 55 20 nur

1169 1061 94 30 schon
1280 1072 51 19 am
1349 1062 130 34 Morgen
1499 1065 101 28 wäre!
1620 1065 148 30 besuchte
1791 1073 32 21 er
1844 1065 120 34 täglich,
1982 1066 83 29 dann

1172 1110 55 29 sah
1245 1119 32 20 er
1292 1111 77 29 auch
1387 1112 57 28 den
1463 1112 60 29 See
1540 1114 60 28 und
1617 1113 102 30 erfuhr
1738 1115 54 28 das
1810 1115 185 33 Geheimnis,
2013 1124 51 21 wo

1170 1161 43 27 sie
1241 1160 124 30 wohnte
1395 1164 61 28 und
1484 1162 108 30 woher
1620 1165 43 27 sie
1693 1164 45 29 ihr
1765 1164 156 31 liebliches
1947 1165 117 30 Wesen

1169 1211 92 28 hatte.
1293 1209 50 32 Sie
1368 1212 103 30 webte
1494 1212 64 29 sich
1580 1212 63 30 ihre
1664 1212 199 32 Lieblichkeit
1886 1215 101 34 gewiß
2010 1223 55 21 aus

1170 1260 56 28 den
1250 1260 191 33 gebleichten
1468 1261 180 30 Lichtfaden
1674 1265 53 27 des
1751 1262 132 30 Mondes
1910 1266 63 28 und
1997 1273 67 21 war

1168 1317 48 20 am
1235 1309 84 34 Tage
1338 1312 52 27 mit
1408 1310 116 29 diesem
1540 1310 137 31 Schleier
1695 1313 141 30 verhüllt.
1853 1313 63 30 Das
1933 1315 129 28 wissen!

1168 1360 59 27 und
1245 1359 126 31 niemals
1388 1360 86 28 mehr
1491 1362 71 34 ging
1576 1370 34 22 er
1629 1371 38 19 zu
1681 1362 120 33 Schick,
1816 1362 72 30 weil
1907 1365 61 28 sies
1982 1364 83 29 nicht

1168 1407 98 30 haben
1290 1409 114 28 wollte.
1438 1409 48 30 Ihr
1512 1409 75 30 alles
1611 1419 38 20 zu
1674 1411 71 29 lieb!

1223 1465 120 34 Schick,
1373 1467 55 30 der
1458 1468 211 34 eigennützige
1697 1468 167 36 Schenker,
1895 1470 85 30 hatte
2010 1478 54 21 aus

1168 1514 73 31 Wut
1263 1515 61 30 ihm
1348 1519 60 27 und
1430 1517 72 31 dem
1522 1517 153 31 Mädchen
1698 1519 59 29 das
1780 1519 50 29 Eis
1854 1520 210 32 zerschlagen.

1167 1564 150 30 Benutzte
1359 1566 79 29 denn
1478 1567 84 32 jener
1604 1570 84 27 seine
1727 1568 95 32 grelle
1864 1569 128 30 Stimme
2036 1570 26 27 in

1167 1614 135 30 schönen
1336 1616 274 30 Sommernächten
1644 1618 139 30 wirklich
1819 1618 70 29 bloß
1921 1618 48 29 für
2006 1619 58 28 den

1166 1663 198 31 Froschteich
1385 1687 6 7 .
1409 1687 6 7 .
1436 1668 108 28 raubte
1566 1675 32 21 er
1618 1667 82 29 nicht
1721 1669 54 29 mit
1792 1668 45 30 ihr
1857 1669 69 28 dem
1945 1676 118 25 ganzen

1166 1713 94 30 Dorfe
1286 1714 57 29 den
1367 1715 112 33 Schlaf,
1505 1717 86 28 weils
1615 1717 62 29 ihm
1702 1717 114 33 gefiel?

1222 1763 103 31 Damit
1345 1764 84 31 hatte
1453 1773 31 22 er
1508 1766 57 29 den
1588 1767 174 33 passenden
1785 1766 162 34 Vergleich
1971 1776 74 26 ange-

1166 1821 96 25 zogen
1290 1815 60 28 und
1376 1814 113 32 konnte
1514 1816 161 33 befriedigt
1705 1818 58 28 den
1787 1816 108 35 Regen
1923 1819 50 28 auf
1998 1818 64 29 sich

1164 1863 266 32 niederklatschen
1459 1863 112 30 lassen.
1607 1865 31 29 In
1665 1865 218 37 Zornwallung
1910 1867 91 31 nahm
2029 1876 33 20 er

1165 1912 80 32 sichs
1267 1921 65 27 vor,
1354 1912 120 35 Schiclk,
1496 1922 91 21 wenn
1608 1924 33 20 er
1661 1915 150 30 nächsten
1834 1915 143 30 Sommer
1997 1918 65 28 sein

1164 1963 340 30 markerschütterndes
1524 1965 144 29 Gerätter
1682 1964 115 35 losließ,
1815 1968 29 27 in
1863 1968 82 27 einer
1963 1966 99 29 hellen

1166 2011 235 30 Sommernacht
1429 2013 198 33 aufzulauern
1655 2014 61 30 und
1740 2014 63 30 ihm
1833 2017 64 29 eins
1924 2017 54 28 mit
2010 2017 52 29 der

1165 2060 151 35 Peitsche,
1340 2063 53 28 mit
1415 2063 106 32 langer
1545 2063 153 33 Schmitze
1722 2065 246 34 überzuzünden,
1992 2065 71 30 weil

1166 2119 32 21 er
1217 2129 37 4 —
1272 2114 29 26 in
1319 2113 61 28 den
1395 2112 200 30 Froschteich
1614 2114 137 33 gehörte.
1781 2115 89 29 Dann
1887 2123 84 22 wars
1991 2124 54 21 ver-

1166 2160 113 34 golten.
1318 2161 76 29 Fürs
1429 2162 198 30 Eisbrechen!
1671 2163 39 29 Er
1745 2164 170 34 empfands,
1950 2164 112 30 Schick

1164 2218 67 22 war
1254 2213 47 29 ein
1322 2212 231 34 rachsüchtiger
1577 2213 129 29 Mensch
1731 2237 7 7 .
1762 2236 6 6 .
1794 2214 196 34 rachsüchtig
2013 2215 48 29 für

1164 2260 56 29 das
1237 2261 229 34 unschuldigste
1486 2262 194 35 Vergnügen.
1709 2263 40 29 Er
1770 2263 114 34 stapfte
1902 2265 30 28 in
1951 2264 92 30 Stock-

1162 2309 155 32 finsternis
1343 2312 68 28 dem
1435 2311 93 32 Dorfe
1551 2321 46 20 zu.

1382 2369 32 20 er
1432 2369 66 21 war
1517 2362 51 28 auf
1586 2364 47 28 die
1652 2362 124 30 Strasse
1797 2363 183 34 gekommen
2001 2364 61 29 und

1164 2411 212 33 ausgeglitten.

1381 2459 100 33 lachte
1503 2470 35 21 es
1562 2462 102 29 hinten
1689 2462 86 30 nach.

1218 2509 149 33 „Elender
1392 2509 124 30 Schick!
1545 2510 51 30 auf
1620 2512 52 29 der
1698 2510 124 32 Strasse
1850 2513 133 30 brauche
2011 2512 49 31 ich

1162 2559 69 30 kein
1254 2559 60 34 Eis,
1340 2560 38 30 da
1400 2561 119 33 ärgerts

1221 2608 52 35 So,
1307 2609 53 30 der
1392 2610 104 32 Knabe
1528 2610 55 29 sah
1615 2610 48 30 ihn
1691 2620 100 24 genau
1824 2611 152 34 sprechen
2006 2613 54 29 mit

1162 2659 129 29 breitem
1312 2660 139 33 Grinsen,
1472 2661 48 29 ich
1542 2660 119 35 dachte,
1684 2662 39 29 du
1742 2663 117 28 wärest
1881 2662 132 30 verliebt
2031 2664 29 27 in

1161 2709 49 30 die
1244 2709 184 33 Eiskönigin,
1462 2710 109 28 habest
1606 2712 136 29 dadurch
1773 2712 67 29 eine
1870 2710 190 30 freundliche

1162 2756 188 38 Erinnerung
1380 2768 40 20 an
1448 2761 54 33 sie,
1530 2760 95 29 durch
1652 2763 89 32 gutes
1768 2761 130 29 Glatteis
1927 2763 51 28 auf
2006 2763 52 28 der

1162 2807 119 30 Straße.
1314 2809 83 28 Aber
1422 2809 38 30 da
1484 2810 134 33 täppelst
1642 2811 39 29 du
1704 2813 59 28 wie
1787 2813 66 27 eine
1876 2810 166 34 vollgefres-

1162 2865 73 23 sene
1255 2858 77 32 Ente
1355 2862 51 28 auf
1425 2858 145 35 Parquet.
1601 2855 179 39 Überhaupt
1799 2860 108 30 woher
1929 2860 69 31 hast
2020 2862 39 28 du

1164 2907 51 28 auf
1237 2908 110 29 einmal
1370 2917 35 21 so
1427 2909 61 28 viel
1507 2909 239 33 Temperament
1767 2917 98 26 gegen
1888 2912 80 28 mich
1988 2911 53 29 her-

1159 2957 208 33 genommen?
1394 2966 61 21 von
1479 2961 73 28 dem
1575 2959 175 30 Mädchen?
1783 2959 124 34 Patsch,
1931 2960 127 34 klatsch,

1160 3008 57 28 wir
1244 3007 111 29 wollen
1377 3008 71 29 dich
1477 3011 48 28 ein
1550 3008 126 30 bischen
1702 3009 205 34 hinschlagen,
1934 3011 57 28 daß
2019 3011 39 28 du

1162 3057 117 28 wieder
1296 3059 82 27 mein
1396 3057 170 30 ordentlich
1584 3060 133 33 demütig
1733 3058 128 30 Büblein
1879 3062 96 26 wirst.
1994 3060 63 30 Das

1160 3105 153 31 Mädchen
1333 3107 148 31 verderbt
1500 3109 112 29 deinen
1632 3109 87 35 Kopf,
1737 3108 157 32 Knäblein.
1923 3109 134 34 Klatsch,

1161 3156 118 33 patsch,
1300 3157 78 28 noch
1398 3159 112 29 einmal
1531 3158 59 29 hin.

1219 3210 55 32 Au,
1300 3218 46 23 au,
1374 3211 68 27 dem
1469 3211 127 32 Knaben
1624 3211 193 28 schmerzten
1844 3211 47 28 die
1921 3211 73 33 Knie
2022 3220 35 21 so

1162 3258 103 30 schon.
1492 3260 56 29 rief
1575 3269 33 21 er
1635 3260 213 33 freundlicher,
1878 3260 111 30 kannst
2019 3262 39 27 du

1159 3309 80 29 denn
1259 3317 55 25 gar
1333 3309 81 29 nicht
1434 3318 99 27 genug
1554 3309 216 33 bekommen?,
1787 3310 75 29 höre
1883 3311 77 28 doch

1162 3358 110 29 Schick
1300 3358 94 29 brach
1424 3361 53 28 mit
1508 3361 115 28 seinem
1651 3359 96 33 Kopfe
1776 3359 47 29 die
1852 3359 105 29 Decke
1984 3370 74 19 vom

1161 3407 217 31 Froschteiche
1402 3408 57 33 auf,
1486 3420 32 19 er
1541 3410 87 28 hörte
1652 3409 80 30 nicht
1757 3408 58 33 auf,
1842 3417 32 20 er
1900 3410 83 29 hätte
2009 3418 48 21 am

1162 3456 130 30 liebsten
1312 3459 68 27 dem
1395 3458 127 32 Knaben
1542 3460 46 29 die
1606 3458 189 30 Eisschollen
1813 3459 73 29 über
1905 3459 58 29 den
1980 3459 78 34 Kopf

1160 3507 215 35 geschleudert
1400 3531 6 6 .
1432 3531 5 6 .
1465 3507 86 31 dafür
1578 3518 67 20 war
1670 3516 33 21 er
1729 3508 75 29 aber
1825 3517 40 20 zu
1892 3511 75 28 weit
1992 3511 48 27 ent-

1161 3556 87 29 fernt.
1282 3557 85 28 Noch
1393 3556 95 30 lieber
1512 3560 40 29 im
1577 3558 60 31 See
1664 3557 151 29 ertränkt!
1849 3558 68 30 Und
1945 3558 112 30 Schick

1160 3606 84 31 hatte
1265 3606 54 30 das
1337 3606 109 30 Heer
1463 3607 98 29 hinter
1578 3608 65 28 sich
1662 3610 27 27 in
1707 3608 104 28 seinen
1828 3607 178 34 Gedanken,
2024 3617 32 20 er

1162 3656 80 32 legte
1280 3664 32 21 es
1351 3658 29 27 in
1416 3658 87 30 einen
1539 3655 271 34 Hinterhalt,
1849 3655 70 33 Blut
1954 3656 103 30 mußte

1159 3704 124 30 fließen!
1319 3705 78 29 Weh
1421 3707 77 34 dem,
1523 3708 53 27 der
1601 3705 115 30 treulos
1738 3714 77 25 war,
1837 3707 61 28 und
1924 3709 51 28 auf
1996 3707 61 28 den

1160 3753 145 32 Stadtsee
1327 3756 82 33 ging!

1215 3805 56 29 Die
1300 3807 102 27 ersten
1430 3805 235 31 Lichtscheiben
1690 3805 145 29 tauchten
1862 3813 74 21 vom
1961 3806 94 29 Dorfe

1161 3853 57 33 auf,
1239 3854 73 29 dem
1334 3855 126 32 Knaben
1481 3855 117 33 klopfte
1620 3857 54 28 das
1697 3854 91 33 Herz,
1810 3855 70 29 weil
1904 3864 33 19 er
1961 3855 76 30 heim-

1161 3904 79 31 kam,
1269 3905 63 28 und
1362 3906 104 27 seinen
1496 3904 100 33 Ruhm
1625 3904 210 32 verkündigen
1869 3905 121 34 konnte,
2024 3913 32 20 er

1161 3952 99 29 zählte
1289 3954 46 28 die
1362 3953 207 34 Steinhaufen,
1596 3963 32 21 es
1653 3961 107 22 waren
1785 3954 78 28 noch
1892 3955 91 32 dreie,
2007 3955 49 30 ein

1161 4002 181 30 schwacher
1366 4003 170 28 Schimmer
1562 4001 129 35 pinselte
1717 4003 53 32 sie,
1797 4003 80 30 dann
1904 4004 71 29 kam
1997 4003 58 29 das

1161 4053 81 28 erste
1261 4051 93 33 Haus,
1375 4052 79 28 dann
1474 4052 109 29 kamen
1604 4052 47 30 die
1673 4052 109 28 beiden
1803 4052 115 32 großen
1939 4052 96 29 Scheu-

2140 278 66 28 nen,
2239 282 32 19 er
2302 271 111 33 wußte,
2446 272 111 35 schräg
2583 274 126 31 hinüber
2739 275 51 35 lag
2819 276 53 28 der
2901 277 112 29 Frosch-

2142 320 89 33 teich,
2250 329 31 21 er
2297 322 143 28 wendete
2459 322 58 28 den
2534 322 78 34 Kopf
2628 324 73 29 aber
2715 325 83 30 nicht
2815 325 127 35 dorthin,
2961 335 53 20 son-

2140 370 73 28 dern
2230 372 81 29 starr
2328 372 173 32 geradeaus
2518 372 50 28 auf
2587 374 46 28 die
2647 374 89 30 Mitte
2757 376 54 28 der
2828 375 135 34 Strasse,
2982 376 51 29 auf

2140 418 57 29 den
2221 419 180 30 schwarzen
2425 420 118 32 Haufen
2565 423 30 27 in
2622 423 52 29 der
2698 423 98 33 Mitte,
2821 423 72 31 hielt
2915 432 34 21 er
2972 426 59 28 den

2139 467 85 32 Kopf.

2195 517 39 28 Er
2255 520 61 27 trat
2339 519 83 29 kurz.

2194 566 39 30 Er
2253 568 61 29 trat
2335 568 83 34 kurz,
2441 571 53 29 das
2516 577 66 21 war
2603 570 54 28 das
2679 570 91 30 Heer.

2195 616 63 30 Ihm
2283 620 116 30 graute.
2432 617 73 29 Sein
2526 618 82 30 Herz
2634 619 177 34 hämmerte,
2834 621 59 29 daß
2919 630 34 21 es
2979 623 54 27 das

2138 664 82 29 Heer
2244 666 86 31 hörte
2354 670 62 27 und)
2439 670 90 26 unter
2554 668 64 28 sich
2796 670 131 31 machte.
2960 671 49 28 Um-

2139 715 131 32 biegen?
2296 717 196 28 Ausweichen
2516 719 78 27 nach
2620 717 69 30 dem
2714 717 218 31 Froschteich?
2960 720 49 29 Um-

2139 763 137 29 kehren?

2194 812 54 30 Ein
2272 814 266 30 sdaitzflehender
2568 816 148 28 Gedanke
2745 817 78 28 nach
2849 818 69 28 dem
2944 819 67 28 Mäd-

2138 861 77 29 chen
2232 863 81 31 band
2330 866 47 28 ein
2391 864 174 31 Eisenband
2582 867 50 28 auf
2648 868 84 26 seine
2749 866 112 35 Stirne,
2876 875 35 22 es
2929 868 103 30 wallte

2138 912 64 27 sein
2227 911 72 30 Blut
2322 921 57 21 vor
2407 912 86 30 Stolz
2519 915 61 28 und
2604 914 251 31 Heldenerlebnis
2884 917 51 28 auf
2963 917 69 29 dem

2138 960 115 33 großen
2276 962 68 33 See,
2372 972 32 20 er
2427 965 98 28 setzte
2548 963 121 29 Hörner
2695 973 38 20 an
2760 966 46 27 die
2829 965 106 30 Ecken
2960 974 73 21 vom

2138 1009 86 34 Kopf,
2241 1014 157 28 worunter
2419 1013 47 31 die
2486 1012 144 30 Schläfen
2647 1014 116 30 zucken
2784 1015 61 29 und
2864 1015 88 30 schuf
2969 1015 64 29 sich

2138 1060 89 29 einen
2263 1059 154 36 Hammer,
2455 1063 61 29 wie
2553 1062 72 32 Karl
2662 1062 132 36 Martell,
2834 1066 54 28 mit
2928 1067 105 27 seinen

2137 1108 254 32 Schlittschuhen.
2444 1112 52 30 Sie
2537 1112 128 29 mußten
2707 1115 32 26 in
2781 1113 164 35 Schwung,
2988 1117 45 27 sie

2137 1160 125 29 sausten
2290 1161 59 29 wie
2379 1162 66 28 eine
2473 1161 162 33 klingende
2667 1162 164 35 Kreissäge
2860 1164 94 29 durch
2982 1165 49 28 die

2136 1207 79 30 Luft.

2193 1266 173 30 Vorwärts!
2396 1276 33 21 er
2459 1268 93 30 fühlte
2584 1269 64 29 sich
2676 1278 54 20 nur
2761 1270 44 28 als
2826 1270 207 30 mitsausende

2136 1315 110 33 Achse,
2267 1324 34 22 so
2321 1317 109 29 duckte
2452 1327 32 20 er
2504 1319 65 27 sich
2587 1320 30 27 in
2638 1320 56 29 den
2714 1319 82 31 Kern
2815 1319 53 29 der
2886 1320 131 33 lossprin-

2136 1365 120 33 genden
2281 1364 90 35 Säge,
2395 1368 84 29 seine
2504 1367 103 29 Faust.

2192 1414 62 29 Der
2275 1415 185 31 Heerführer
2481 1418 77 29 sank
2581 1425 39 21 zu
2640 1417 109 30 Boden
2770 1421 60 27 und
2853 1419 60 32 den
2934 1419 98 33 Hagel

2137 1473 60 20 von
2230 1465 117 29 Hieben
2381 1466 211 30 durchschnitt
2625 1467 47 29 die
2710 1467 82 33 Säge
2826 1469 61 28 wie
2919 1476 95 26 vorge-

2135 1513 139 30 worfene
2294 1515 120 33 Prügel.

2191 1564 212 32 Leichenstille
2568 1569 47 28 ein
2637 1569 148 29 stummes
2807 1567 92 29 Heer.

2194 1613 62 29 Der
2298 1614 105 32 Knabe
2443 1618 70 30 trug
2552 1618 84 27 seine
2676 1625 139 21 warmen
2860 1617 171 29 rieselnde»

2135 1663 212 33 Kopfwunden
2371 1674 37 20 zu
2432 1667 115 28 seinem
2572 1667 95 29 Vater
2693 1667 62 29 und
2779 1668 167 28 erwartete
2969 1675 64 21 von

2136 1715 101 28 seiner
2265 1715 152 33 gnädigen
2445 1715 89 32 Hand
2561 1717 61 28 den
2650 1717 244 29 Lorbeerkranz.

2460 1779 13 14 *
2689 1781 14 14 *

2575 1800 13 14 *

2194 1846 55 29 Die
2283 1846 98 31 Nacht
2418 1856 66 21 war
2519 1847 73 34 lang
2629 1849 59 28 und
2723 1848 55 29 das
2813 1848 130 29 Sickern
2975 1849 57 29 der

2135 1896 216 30 Wasserrinne
2385 1906 49 20 am
2467 1897 104 31 Hause
2605 1907 67 20 war
2708 1900 62 27 wie
2805 1900 48 27 ein
2891 1898 142 29 endloser

2136 1946 112 35 Faden,
2271 1947 52 28 der
2345 1946 49 30 ihn
2412 1948 74 29 wirr
2506 1949 55 28 mit
2578 1949 72 28 dem
2669 1947 163 35 Mädchen,
2852 1948 47 29 für
2920 1948 55 30 das
2998 1956 33 20 er

2135 1997 31 27 in
2183 1996 60 29 den
2259 1995 174 30 Heldentod
2447 2005 163 25 gegangen
2628 2006 76 27 war,
2721 1999 149 28 verband.
2888 1997 40 30 Er
2943 1997 88 30 hörte

2135 2046 57 29 das
2210 2046 184 31 Plätschern
2414 2069 7 6 .
2441 2070 7 7 .
2469 2055 61 21 von
2554 2049 99 28 einem
2673 2048 154 33 Brunnen,
2851 2048 54 29 der
2926 2049 32 28 in
2975 2048 57 29 der

2133 2095 99 30 Nacht
2254 2104 63 21 von
2338 2096 113 30 Schick
2475 2105 74 21 vors
2572 2096 85 30 Haus
2679 2097 125 34 gestellt
2826 2098 109 31 wurde
2958 2119 73 9 ...

2134 2145 61 28 und
2220 2145 146 32 seltsame
2394 2146 97 34 Dinge
2515 2146 177 35 geschahen
2717 2156 51 20 um
2795 2148 58 29 den
2878 2146 153 34 Brunnen,

2134 2196 66 28 sein
2219 2194 125 31 Becken
2363 2205 69 22 war
2450 2199 78 31 grün
2547 2198 60 28 wie
2625 2197 56 29 der
2699 2196 200 31 Froschteich
2919 2198 61 29 und
2996 2206 35 21 er

2133 2246 91 29 stand
2246 2253 49 23 am
2318 2246 88 33 Rand
2429 2246 62 29 und
2512 2248 115 28 weinte
2652 2247 139 34 darüber,
2815 2247 59 30 daß
2898 2248 63 29 ihm
2979 2248 52 29 die

2132 2294 69 30 Eier
2226 2295 177 30 auswichen
2425 2296 64 30 und
2511 2296 206 30 untersanken
2742 2299 61 28 und
2825 2297 54 29 das
2905 2296 126 33 Becken

2133 2345 65 30 sich
2225 2346 54 28 mit
2305 2346 120 29 trübem
2452 2345 130 30 Wasser
2610 2346 92 29 füllte.
2739 2347 71 30 Und
2833 2346 113 31 Schick
2974 2347 55 29 saß

2133 2394 185 32 bescheiden
2339 2398 33 27 in
2395 2397 46 30 die
2465 2396 84 29 Ecke
2573 2397 52 30 der
2648 2405 56 22 aus
2729 2396 53 31 der
2805 2396 90 30 Mitte
2920 2405 93 26 ragen-

2133 2445 59 29 den
2209 2444 232 31 Brunnensäule
2458 2446 159 35 gedrückt,
2634 2448 62 28 und
2714 2446 57 30 sah
2788 2448 169 31 wehmütig
2974 2455 56 21 aus

2133 2496 61 28 und
2215 2495 123 31 machte
2359 2503 80 26 ganz
2458 2496 143 34 zaghafte
2620 2496 192 30 Nickerchen
2832 2505 39 21 zu
2889 2496 71 34 ihm,
2984 2497 45 29 als

2133 2546 99 30 traute
2250 2553 33 21 er
2299 2546 65 29 sich
2378 2545 91 34 nicht,
2486 2546 51 32 ihn
2555 2547 185 33 einzuladen,
2756 2547 73 29 weil
2845 2556 33 20 er
2895 2555 62 21 nun
2975 2547 54 29 der

2134 2594 95 32 große
2262 2594 80 30 Herr
2371 2595 147 34 Eiskönig
2546 2597 54 28 sei.
2639 2596 40 29 Er
2709 2596 85 30 hatte
2826 2596 121 31 Mitleid
2975 2599 54 27 mit

2133 2644 70 30 dem
2221 2644 81 30 alten
2319 2644 204 32 verlassenen
2539 2646 128 35 Freund,
2688 2655 93 21 wenn
2797 2648 56 28 der
2869 2646 94 30 Wind
2982 2648 47 29 die

2131 2693 144 30 Strahlen
2293 2694 54 30 der
2366 2695 103 33 Rohre
2488 2695 164 33 schüttelte
2671 2698 60 28 und
2747 2696 114 30 Schick
2881 2697 47 29 die
2946 2697 83 29 Haut

2130 2752 249 26 zusammenzog.

2190 2802 62 28 Der
2278 2802 98 29 Nacht
2400 2803 94 33 folgte
2518 2805 48 27 ein
2591 2804 105 29 trüber
2721 2804 77 33 Tag.
2834 2805 62 29 Der
2921 2805 106 32 Knabe

2131 2851 54 30 saß
2208 2851 114 35 herum,
2345 2855 150 28 mürrisch
2517 2855 63 29 und
2601 2853 173 35 wehleidig.
2804 2855 41 29 Es
2868 2863 67 21 war
2956 2855 71 33 ihm,

2133 2901 45 29 als
2199 2900 85 30 hätte
2303 2902 63 29 ihm
2386 2903 129 29 Jemand
2537 2904 54 29 das
2612 2903 155 30 Mädchen
2786 2904 163 33 gestohleuu
2965 2906 62 28 und

2130 2950 49 30 ihn
2197 2950 131 32 Jemand
2345 2955 53 29 mit
2417 2953 109 29 Schick
2545 2956 154 28 entzweit.
2727 2954 56 31 Die
2803 2954 224 31 Freundschaft

2131 3008 38 21 zu
2194 3003 73 27 dem
2291 3002 155 30 Mädchen
2471 3012 52 20 am
2549 3003 116 34 großen
2693 3003 61 30 See
2782 3013 67 21 war
2879 3006 61 28 wie
2969 3006 57 32 nie,

2130 3051 75 29 oder
2229 3051 95 30 schon
2347 3060 58 22 vor
2425 3053 107 33 langer
2552 3053 65 30 Zeit
2639 3062 157 26 gewesen,
2815 3063 37 21 so
2872 3055 60 30 daß
2955 3064 71 21 man

2130 3103 45 28 sie
2206 3104 82 28 nicht
2316 3102 84 30 mehr
2430 3112 149 21 erneuern
2608 3105 125 33 konnte,
2764 3106 78 29 ohne
2872 3107 58 28 den
2958 3105 52 30 Ein-

2131 3152 96 30 druck
2253 3155 85 30 jenes
2363 3153 101 34 Tages
2490 3163 36 21 zu
2552 3157 162 28 zerstören
2738 3157 61 28 und
2826 3156 47 30 die
2901 3156 108 29 Erinne-

2131 3210 76 28 rung
2237 3211 37 21 an
2302 3204 48 27 ein
2377 3204 191 29 bestimmtes
2598 3204 156 30 liebliches
2782 3205 162 30 Aussehen
2970 3206 57 28 der

2130 3251 160 31 Geliebten
2314 3262 36 20 zu
2375 3254 204 32 verwischen,
2603 3255 77 28 oder
2704 3264 78 24 ganz
2804 3264 37 20 zu
2864 3255 161 30 verlieren.

2129 3302 68 28 Und
2224 3304 53 28 mit
2304 3303 111 29 Schick
2445 3303 113 31 konnte
2587 3312 33 21 es
2650 3305 80 28 nicht
2759 3305 86 29 mehr
2874 3305 53 29 das
2955 3304 68 29 Alte

2130 3352 136 33 werden,
2286 3361 69 21 man
2373 3353 83 30 hatte
2472 3355 63 28 sich
2554 3356 191 33 gegenseitig
2763 3354 183 33 beschimpft
2964 3354 62 28 und

2131 3402 201 30 verleumdet.
2366 3402 40 29 Er
2431 3404 106 32 preßte
2560 3406 50 29 die
2636 3403 80 29 Nase
2744 3413 36 19 an
2807 3404 48 28 die
2881 3403 127 30 Fenster-

2130 3451 144 32 scheiben
2295 3455 61 28 und
2375 3453 54 28 sah
2453 3453 203 35 stundenlang
2679 3455 46 27 die
2747 3453 277 30 Schmiedknechte

2131 3509 39 21 an
2194 3500 169 32 Bindfaden
2390 3511 74 21 vom
2491 3502 131 30 Himmel
2652 3502 50 29 auf
2729 3504 46 27 die
2804 3503 79 30 Erde
2913 3511 112 21 sausen

2128 3552 61 28 und
2216 3552 64 28 ihre
2306 3552 146 31 Hämmer
2481 3552 238 30 durcheinander
2749 3553 52 28 auf
2830 3553 53 29 der
2913 3552 110 30 Straße

2132 3602 180 33 schwingen
2331 3603 49 28 bis
2408 3603 46 29 die
2478 3602 149 30 Schlacke
2653 3603 99 29 abfloß
2779 3605 60 27 und
2867 3603 47 29 die
2937 3603 86 28 harte

2129 3651 96 32 Rinde
2253 3653 138 29 erschien
2417 3674 6 7 .
2446 3676 7 6 .
2479 3677 6 6 .
2512 3653 78 28 dann
2615 3652 110 29 hörten
2749 3654 44 28 sie
2817 3652 61 30 auf.
2911 3652 112 29 Schick

2128 3709 68 21 war
2227 3702 254 30 Geschäftsmann
2511 3704 58 27 und
2598 3702 55 28 sah
2685 3703 47 28 die
2759 3702 100 30 Sache
2886 3704 137 31 weniger

2128 3752 194 28 sentimental
2354 3760 45 20 an.
2435 3751 38 28 Er
2501 3751 147 31 brauchte
2678 3752 178 34 notwendig
2884 3751 138 32 Jemand,

2131 3801 52 28 der
2203 3803 84 29 seine
2307 3801 204 33 Anschauung
2527 3802 42 28 i,m
2586 3800 95 30 Dorfe
2700 3803 129 28 vertrat.
2855 3801 94 30 Hatte
2968 3801 55 28 das

2130 3850 54 29 der
2213 3850 103 31 Knabe
2345 3850 104 28 früher
2477 3852 101 34 getan,
2611 3859 37 22 so
2676 3851 94 29 wirds
2801 3851 76 28 auch
2906 3850 117 29 wieder

2129 3900 135 32 werden,
2293 3899 108 29 dachte
2432 3907 42 21 er.
2511 3900 64 31 Das
2602 3900 82 30 Heer
2714 3900 113 30 konnte
2857 3900 47 28 ein
2931 3900 92 30 böser

2128 3949 257 33 Bundesgenosse
2409 3949 136 33 werden,
2569 3958 107 23 wenns
2699 3949 109 31 einmal
2829 3957 56 22 ans
2907 3949 116 35 Angeln

2130 3999 59 28 und
2215 3997 130 29 Fischen
2370 4000 80 31 ging,
2478 4000 57 28 den
2561 3999 92 28 Erlen
2674 4000 50 28 die
2749 3999 124 32 Zweige
2902 3999 120 32 schnitt,

2128 4046 115 29 Pfeifen
2270 4046 123 34 klopfte,
2422 4050 59 28 und
2511 4049 163 30 Peitschen
2700 4048 153 33 handelte,
2883 4049 54 29 das
2966 4048 56 29 sah
