3218 4325
61 4235 70 36 576

81 58 94 32 losen
216 55 243 33 Blumenbaum
500 53 70 33 und
623 53 86 33 lasse
748 62 35 22 es
833 52 210 32 zwitschern.

81 111 72 32 Wie
177 109 51 33 ich
257 119 40 23 so
321 107 185 40 dahinlebe,
532 106 52 33 ich
608 105 59 35 bin
691 106 90 32 einer
795 105 59 33 der
866 105 181 35 fahrenden

76 164 137 33 Schüler
246 173 61 23 aus
343 163 44 33 St.
424 162 94 32 Peter
553 160 106 33 Hilles
695 159 207 34 Platonikers
937 159 105 33 Sohn.

81 217 47 32 Im
158 214 207 35 Tanzschritt
393 214 115 34 ziehen
537 215 64 32 wir
631 213 104 33 durch
767 213 60 33 das
856 213 99 33 Grün
985 212 58 33 der

76 269 92 35 Stadt
199 267 267 35 hintereinander
497 267 112 33 mitten
641 268 45 32 im
722 265 224 43 Mondpolka.
981 264 63 34 Die

76 323 150 33 Strassen
260 320 70 34 und
364 321 112 33 Plätze
509 319 113 35 duften
655 319 88 34 noch
777 318 85 34 nach
899 318 124 33 Marien-

75 377 128 33 balsam
236 375 59 33 der
328 375 118 34 Dome.
494 374 73 34 Wir
598 373 188 42 schweben,
819 373 66 33 wir
916 372 127 33 kennen

75 429 53 33 die
156 429 112 33 Sünde
296 429 99 41 nicht,
426 438 41 24 an
497 427 59 33 der
583 426 85 34 Welt
696 425 126 42 vorbei,
852 426 59 32 mit
942 425 75 33 Mün-

74 482 82 33 chen
189 481 58 34 der
278 481 158 34 Südstadt
469 479 245 35 Deutschlands
746 480 45 32 im
826 479 112 33 Arme.
988 479 55 33 Ich

72 544 94 25 muss
203 535 171 34 München
408 536 117 32 immer
558 534 131 40 küssen,
725 533 118 40 schon,
878 533 77 33 weil
989 533 52 32 ich

75 589 111 33 Berlin
216 589 108 33 hinter
352 589 64 32 mir
444 587 100 42 habe;
577 588 63 34 wie
670 597 67 24 von
767 587 90 33 einer
885 586 139 42 langwei-

73 643 88 42 ligen
192 642 142 35 Kokotte
361 640 197 43 geschieden
586 639 90 35 fühle
704 640 52 33 ich
785 640 98 33 mich.
930 639 112 34 Meine

74 695 152 33 Freunde
274 694 124 43 spielen
448 693 220 42 Harmonika,
720 693 64 33 wir
833 693 115 33 ziehen
999 703 43 25 an

72 748 254 34 Schaufenstern
355 747 204 43 pietätvoller
591 747 111 33 Läden
731 746 130 43 vorbei;
897 747 141 34 Meister«

72 801 117 41 bilder,
217 802 160 33 frommer
403 802 172 42 Schmuck,
605 801 100 34 wilde
730 801 131 34 Waffen
888 812 61 22 aus
977 801 63 33 den

71 856 154 34 Gräbern
259 856 57 33 der
349 856 219 33 Bibelfürsten
602 855 71 33 und
704 854 128 34 überall
864 855 53 32 die
949 855 73 32 blau-

72 920 39 24 en
145 909 371 44 Königludwigaugen!
553 909 83 33 Eine
666 909 62 33 alte
743 908 300 34 Riesenkommode

74 964 41 32 ist
142 963 170 33 München
337 973 61 23 aus
422 965 105 31 einem
552 962 215 44 bayerischen
783 962 264 43 Alpenknochen

70 1017 161 42 gehauen.
287 1017 83 33 Man
407 1017 88 33 kann
531 1026 41 24 so
608 1016 179 42 andächtig
824 1017 134 32 kramen
1007 1015 35 33 in

74 1069 169 34 München
281 1069 71 34 und
389 1069 167 34 ausruhen
594 1069 56 33 auf
685 1069 223 43 gepolsterten
946 1069 76 33 Erin-

70 1133 182 33 nerungen.
282 1124 81 33 Hier
389 1123 84 34 freut
498 1133 79 24 man
603 1124 70 33 sich
700 1125 108 31 seiner
834 1123 112 40 selbst,
961 1132 79 24 man

70 1177 102 33 findet
210 1177 70 33 sich
320 1178 33 33 in
392 1177 123 33 seinem
553 1177 237 43 glücklichsten
832 1176 210 43 Augenblick

71 1231 87 33 oben
183 1231 56 33 auf
265 1231 74 33 dem
364 1231 105 42 Berge
494 1230 58 34 der
579 1230 100 34 Stadt.
722 1229 47 34 Im
794 1230 228 33 Vorbeischrei-

69 1287 54 31 ten
150 1295 42 23 an
217 1284 64 33 den
295 1285 126 33 Gärten
435 1283 280 42 Obersendlings,
742 1283 133 33 flüchtet
899 1293 63 23 vor
975 1284 65 32 mir

73 1337 60 35 das
185 1337 225 43 prahlerische
461 1337 296 42 Häuserregiment
798 1337 141 33 Berlins.
996 1337 45 33 Es

69 1394 96 40 steigt
196 1393 52 33 die
280 1392 97 42 Erde,
410 1392 52 33 ich
494 1393 80 33 sitze
605 1392 56 34 auf
692 1393 105 33 ihrem
829 1393 132 33 Rücken
1006 1393 34 33 in

69 1448 104 31 einem
205 1446 59 33 der
294 1445 183 35 Schlösser.
525 1447 54 33 Ich
611 1446 108 34 bleibe
749 1446 72 33 hier
850 1447 53 32 für
934 1447 101 41 ewig!

74 1501 84 34 Man
185 1504 74 38 sagt
287 1502 60 33 das
375 1510 40 24 so
441 1501 107 34 leicht.
589 1501 65 33 Ein
681 1500 160 35 Paradies
869 1502 41 32 ist
942 1501 75 33 Mün-

67 1554 94 42 chen,
193 1564 61 24 aus
285 1554 74 34 dem
389 1565 78 23 man
497 1553 90 35 nicht
618 1553 182 35 vertrieben
829 1554 100 42 wird,
960 1554 81 34 aber

69 1608 111 33 Berlin
212 1610 41 31 ist
285 1609 52 32 ein
372 1606 275 37 Kassenschrank
678 1619 61 22 aus
774 1608 158 45 Asphalt;
981 1609 59 33 der

68 1662 69 33 ihm
168 1673 77 22 zum
279 1662 121 33 Labsal
430 1662 145 42 benutzt,
607 1662 104 43 hängt
741 1663 71 32 sein
842 1663 90 33 Herz
961 1673 59 32 eng-

71 1716 115 42 herzig
210 1716 50 33 als
284 1715 137 34 Schloss
450 1715 115 34 davor.
610 1716 55 33 Ich
692 1716 65 33 soll
781 1717 88 32 mich
899 1727 41 22 so
953 1727 89 31 ganz

66 1770 137 33 erholen
238 1772 34 31 in
307 1770 58 33 der
398 1770 215 44 bayerischen
648 1770 213 44 Hauptstadt.
909 1772 131 33 Giebt's

68 1822 85 34 auch
192 1822 97 35 Cafes
327 1822 89 35 hier?
470 1824 53 33 Da
562 1824 103 33 winkt
702 1824 108 33 schon
848 1826 72 31 eins
971 1835 68 23 von

72 1876 114 34 Ferne.
226 1878 50 33 Sei
314 1878 64 33 mir
415 1880 165 40 gegrüsst,
620 1878 83 34 oder
739 1880 65 32 wie
840 1879 59 33 der
936 1880 106 43 Bayer

67 1933 75 40 sagt
170 1932 102 42 „Gott
299 1934 101 40 grüss
428 1932 75 33 dich
532 1932 80 33 Cafe
828 1932 76 35 Von
932 1934 105 33 einem

68 1985 101 34 Altan
200 1986 103 33 herab
336 1986 86 33 ladet
453 1997 35 23 es
521 1986 64 35 den
617 1986 342 35 vorbeiwandelnden
974 1988 49 33 ein-

67 2040 155 40 zutreten,
264 2037 189 35 manchmal
494 2049 104 33 sogar
637 2040 72 33 holt
749 2041 59 32 der
859 2042 163 41 luftschöp-

66 2092 96 34 fende
187 2093 93 33 Ober
307 2094 63 33 den
396 2093 84 34 Gast
505 2095 35 32 in
566 2095 70 34 sein
666 2094 167 34 Cafehaus
860 2096 86 33 nach
960 2097 58 32 süd-

67 2147 101 34 licher
198 2148 87 33 Sitte.
332 2148 54 33 Ich
417 2149 90 33 stelle
536 2150 71 33 eine
636 2151 143 41 gewisse
810 2149 230 35 Aehnlichkeit

67 2200 167 34 zwischen
261 2201 74 34 dem
363 2200 80 35 Cafe
471 2202 109 33 Bauer
605 2203 59 32 mit
692 2212 153 24 unserem
872 2203 80 33 Cafe
979 2205 59 31 des

66 2254 150 34 Westens
243 2255 70 42 fest,
341 2265 137 24 unserer
506 2256 207 34 nächtlichen
739 2257 143 43 Heimat,
913 2258 125 43 (grinst

66 2317 66 24 nur
177 2307 177 34 verfluchte
400 2308 279 43 Somaliphilister
725 2311 71 32 und
843 2311 174 44 Sudanpro-

67 2362 99 41 leten)
193 2372 136 23 unserer
353 2362 100 42 Oase,
483 2372 153 24 unserem
662 2363 299 44 Zigeunerwagen,
978 2376 39 23 un-

65 2426 105 23 serem
204 2416 81 42 Zelt,
321 2416 97 34 darin
450 2419 66 33 wir
548 2419 170 33 ausruhen
752 2420 85 33 nach
872 2421 76 33 dem
982 2421 42 33 all-

64 2470 165 42 täglichen
265 2470 261 35 schmerzvollen
565 2472 134 43 Kampf.
750 2473 62 33 Die
849 2474 89 34 Frau
953 2475 64 34 Wir-

64 2524 48 33 tin
144 2525 40 32 ist
215 2524 96 42 sanft,
344 2525 47 32 sie
422 2524 103 46 pflegt
556 2534 119 24 unsere
709 2526 147 43 Launen,
890 2529 52 32 die
974 2539 64 24 uns

68 2577 59 33 der
166 2577 131 42 Bürger
335 2577 128 42 schlug.
519 2578 86 34 Vom
646 2579 179 33 Oberober
866 2582 52 32 bis
958 2592 78 23 zum

66 2631 203 33 Unterunter
304 2641 122 32 passen
462 2632 52 33 die
550 2633 70 33 sich
657 2633 75 34 dem
770 2635 162 43 Rhytmus
980 2638 58 33 der

65 2686 103 33 Gäste
206 2696 51 22 an.
312 2685 88 33 Herr
439 2686 112 34 Rattke
588 2687 57 33 hat
683 2688 124 34 wieder
844 2690 53 33 ein
936 2701 101 24 neues

66 2738 94 34 Buch
200 2739 215 42 geschrieben
455 2739 34 33 in
531 2739 161 35 Kochäen
732 2743 83 32 über
855 2744 180 44 Servieren,

66 2795 106 31 verrät
206 2794 65 31 mir
307 2790 155 45 Richard,
500 2792 58 34 der
594 2793 334 46 Zeitungsverweser,
979 2800 59 33 der

1133 52 323 42 Journaltruchsess.
1501 52 46 33 Er
1576 52 71 32 liest
1677 52 65 33 mir
1771 52 59 32 mit
1860 52 128 33 Pathos
2018 53 88 32 mein

1131 106 142 34 Gedicht
1306 107 46 32 im
1384 106 112 33 Sturm
1529 115 62 23 vor
1623 105 84 33 über
1743 105 185 41 München;
1965 105 53 32 ich
2051 105 35 33 be-

1131 160 102 42 ginne
1262 169 43 22 zu
1334 158 144 34 seufzen.
1522 157 81 33 Was
1632 157 122 43 fangen
1783 167 71 24 nun
1884 158 53 33 die
1965 158 121 42 spielen-

1132 213 64 33 den
1226 212 150 33 Strassen
1406 211 76 34 dort
1512 211 89 34 ohne
1629 211 88 33 mich
1747 221 43 24 an
1819 211 71 34 und
1919 212 54 33 die
2001 212 104 36 vielen

1131 265 210 42 gaukelnden
1377 265 151 33 Herzen?
1580 265 89 33 Dass
1705 263 53 34 die
1794 265 131 42 gesund
1962 265 142 42 bleiben,

1131 319 98 33 dafür
1260 328 125 32 sorgen
1418 317 52 34 die
1504 318 128 41 Aerzte,
1666 319 200 33 namentlich
1899 319 58 33 der
1988 329 97 24 unver-

1129 371 194 43 gleichliche
1359 371 133 34 Doktor
1529 371 129 34 Arthur
1697 371 156 43 Ludwig.
1905 372 75 33 Alle
2016 373 89 32 seine

1132 426 169 33 Patienten
1336 426 165 42 kommen,
1538 426 76 34 weil
1649 436 35 23 er
1719 425 59 34 der
1813 426 274 42 unvergleichlich-

1132 482 49 30 ste
1217 479 142 33 Mensch
1392 479 89 33 noch
1517 479 88 33 dazu
1640 479 51 40 ist,
1727 479 54 32 nie
1816 488 61 23 zur
1912 480 172 40 angeschla-

1129 543 107 33 genen
1268 533 72 33 Zeit
1369 532 36 34 In
1437 531 54 35 die
1522 531 258 44 Sprechstunde,
1812 543 118 32 wegen
1962 534 59 32 der
2052 535 35 31 sü-

1131 596 76 23 ssen
1248 586 137 42 Speisen
1425 586 71 32 und
1537 585 59 33 der
1639 586 241 40 Marmeladen,
1935 587 53 31 die
2027 595 79 23 zum

1133 640 121 43 Mittag
1287 641 216 41 aufgetragen
1535 640 136 34 werden
1704 651 68 24 von
1805 642 108 33 seiner
1945 642 160 44 emsigen,

1131 694 106 33 lieben
1265 694 250 33 Haushälterin.
1556 694 81 33 Und
1664 693 53 33 die
1743 693 164 34 bettlosen
1935 694 169 33 Patienten

1131 748 71 33 und
1239 747 153 34 Freunde
1427 748 111 33 nahen
1574 748 215 42 gewöhnlich
1825 750 58 31 mit
1919 748 75 33 dem
2031 749 57 33 Die-

1131 800 82 34 trich
1253 800 72 34 und
1373 799 58 35 der
1470 800 214 34 Zahnbürste
1733 801 45 32 im
1818 801 185 41 Gewände,
2058 803 47 31 sie

1130 856 156 33 kommen
1314 866 79 23 vom
1423 855 115 34 Rande
1566 855 90 34 ihres
1687 854 128 35 Lebens
1843 856 71 33 und
1942 856 59 33 der
2016 856 68 34 Dok-

1131 910 63 40 tor,
1232 910 52 32 ein
1320 908 138 43 heiliger
1492 909 96 42 Wirt,
1626 910 64 33 wie
1726 910 55 32 auf
1818 909 75 34 dem
1929 910 95 33 Bilde
2072 911 34 34 in

1130 964 124 32 seinem
1293 963 274 42 Sprechzimmer,
1608 973 43 23 zu
1689 963 101 33 sehen
1828 964 54 32 ist:
1928 964 178 42 „Fräulein

1130 1016 250 43 Haushälterin,
1418 1018 144 42 besorge
1598 1018 54 33 für
1688 1018 64 34 den
1792 1018 196 43 Fremdling
2035 1029 71 24 nun

1129 1072 71 33 eine
1495 1071 46 34 Er
1573 1072 41 33 ist
1647 1072 104 33 direkt
1783 1073 52 33 ein
1868 1072 117 43 Engel.
2022 1072 84 43 „Ein

1132 1125 276 42 starkfühlender,
1449 1125 219 42 intelligenter
1888 1126 114 33 betont
2054 1127 52 32 ein

1131 1180 141 41 Kollege
1307 1189 67 24 von
1410 1180 79 41 ihm,
1528 1180 132 34 Doktor
1698 1180 81 33 Max
1815 1181 182 42 Nassauer,
2047 1181 59 34 der

1129 1232 175 35 dichtende
1334 1234 83 33 Arzt
1446 1235 34 33 in
1514 1234 182 34 München.

1217 1288 70 32 Wir
1320 1288 108 41 gehen
1465 1288 62 33 alle
1562 1289 34 33 in
1632 1288 64 34 den
1733 1289 289 43 Simplizissimus,
2072 1290 34 33 in

1132 1340 74 35 Kati
1225 1340 122 35 Kobus
1373 1340 88 33 ihrer
1486 1340 197 34 berühmten
1701 1340 287 45 Künstlerkneipe.
2016 1343 66 32 Heu-

1129 1396 30 31 te
1196 1394 156 34 kommen
1390 1394 52 33 die
1482 1394 135 43 Kegler!
1675 1395 55 33 Ich
1768 1396 107 32 meine
1912 1397 54 32 die
2006 1397 99 33 Leute

1129 1458 79 24 vom
1260 1448 226 43 Kegelabend.
1544 1448 145 43 Ludwig
1741 1450 117 33 Scharf
1908 1451 88 42 trägt
2048 1451 58 33 mit

1129 1503 141 34 starkem
1298 1504 76 34 Ton
1402 1505 91 33 seine
1520 1505 101 33 Verse
1647 1514 73 33 vor,
1750 1505 89 43 jedes
1868 1505 97 34 Wort
1992 1507 42 32 ist
2062 1516 43 23 an

1129 1558 62 33 das
1228 1557 122 35 andere
1386 1558 231 43 geschmiedet.
1669 1559 77 33 Sein
1783 1559 139 34 Gesicht
1957 1560 42 32 ist
2035 1560 71 33 eine

1129 1611 208 35 diabolische
1369 1612 181 34 Arabeske.
1597 1613 224 35 Dazwischen
1851 1616 73 31 tönt
1955 1614 53 34 die
2037 1615 52 33 fah-

1128 1665 101 35 rende
1260 1667 136 33 Stimme
1427 1666 58 34 des
1517 1667 322 43 Guitarrenspielers
1882 1667 72 33 und
1985 1667 54 33 die
2052 1667 41 33 lie-

1127 1720 275 43 benswürdigen,
1438 1719 168 45 drolligen
1641 1722 253 42 Bemerkungen
1932 1722 81 34 Max
2027 1722 60 34 Hal-

1130 1775 70 41 bes;
1240 1784 35 24 er
1310 1775 112 42 gefällt
1457 1776 65 32 mir
1557 1776 87 33 sehr.
1693 1775 82 34 Und
1811 1776 43 32 all
1889 1776 53 33 die
1977 1776 129 33 kleinen

1128 1829 219 33 summenden
1380 1829 168 34 Mädchen
1576 1830 59 33 mit
1664 1830 64 33 den
1757 1830 151 34 braunen
1924 1830 71 34 und
2010 1830 77 33 blon-

1129 1883 64 33 den
1234 1883 149 34 Liedern.
1437 1883 82 34 Und
1557 1883 52 34 die
1647 1884 216 44 Hauptsache
1901 1885 103 33 bleibt
2054 1885 52 34 die

1130 1938 77 35 Kati
1246 1937 132 43 Kobus,
1416 1938 54 33 die
1507 1938 492 43 Simplizissimusherrscherin
2048 1940 58 33 mit

1130 1991 74 34 dem
1242 1991 166 35 Kronmal
1443 1992 57 33 auf
1533 1992 59 33 der
1627 1992 99 34 Stirn.
1775 1992 53 34 Sie
1863 1994 40 32 ist
1938 1992 53 34 die
2025 1993 61 33 Her-

1127 2045 104 42 zogin
1259 2045 58 33 des
1345 2045 179 42 Rausches,
1554 2047 47 32 sie
1628 2048 41 32 ist
1696 2046 72 33 eine
1796 2045 213 44 Regierende.
2025 2048 80 33 Wer

1127 2109 42 23 so
1200 2109 43 23 zu
1275 2099 253 34 unterscheiden
1561 2110 135 33 vermag
1729 2102 64 33 wie
1824 2101 60 33 sie!
1935 2101 82 34 Eine
2049 2102 38 41 Ju-

1129 2153 159 42 welierin,
1322 2163 70 24 wer
1423 2164 42 23 so
1496 2154 62 33 das
1592 2154 184 43 Angesicht
1808 2156 56 33 auf
1895 2156 72 33 sein
1999 2156 89 34 Geist-

1129 2206 91 33 karat
1245 2217 42 22 zu
1312 2209 124 31 werten
1462 2217 146 33 vermag.
1649 2207 72 34 Das
1745 2207 162 34 Scheiden
1922 2218 61 23 aus
1998 2209 106 34 ihrem

1127 2259 237 43 Nachtgarten,
1407 2270 58 23 wo
1506 2260 61 33 das
1610 2260 130 34 Lachen
1792 2262 96 33 blüht
1936 2263 170 33 zwischen

1130 2314 247 42 Bilderhecken,
1418 2316 49 31 tut
1506 2316 65 31 mir
1611 2314 186 35 besonders
1849 2317 87 32 weh.
1992 2317 112 42 „Frau

1128 2369 135 41 Helene,
1289 2380 82 32 sage
1395 2370 53 34 ich
1474 2371 88 32 mich
1588 2372 206 32 ermannend
1818 2372 90 32 eines
1937 2373 168 40 Morgens

1129 2433 42 23 zu
1200 2425 125 33 meiner
1352 2424 132 41 Wirtin,
1513 2435 35 23 es
1576 2435 96 24 muss
1698 2426 201 42 geschieden
1927 2427 84 33 sein!
2049 2428 7 32 !
2095 2428 6 32 !

1129 2478 125 33 Berlin!
1291 2479 87 33 Vom
1410 2479 161 43 Waggon
1602 2490 62 24 aus
1696 2482 102 41 steige
1828 2481 53 33 ich
1912 2481 109 34 sofort
2053 2482 53 34 die

1128 2532 112 34 Stufen
1272 2533 58 33 des
1362 2533 139 35 Kleinen
1531 2533 160 34 Theaters
1721 2535 104 33 hinan
1856 2546 61 22 zur
1947 2536 139 34 General-

1127 2586 108 42 probe
1273 2586 60 34 der
1371 2587 77 33 Vier
1487 2587 107 35 Toten
1633 2588 58 33 der
1731 2588 169 35 Fiametta.
1957 2591 148 42 Morgen

1127 2651 61 23 zur
1221 2641 149 42 selbigen
1405 2641 126 35 Stunde
1563 2643 112 33 werde
1709 2643 53 33 ich
1797 2644 199 41 Jacobsohn
2029 2646 57 33 wie-

1126 2695 161 33 dersehen
1320 2714 42 4 —
1395 2695 52 33 ich
1481 2696 113 34 werde
1627 2697 198 41 Jacobsohn
1859 2698 241 34 wiedersehen!

1214 2750 151 34 Direkter
1395 2751 124 33 Wauer
1548 2751 145 34 fundiert
1722 2751 90 35 noch
1842 2754 114 33 seinen
1988 2754 116 34 letzten

1127 2803 209 42 Fusstapfen,
1371 2814 35 23 er
1437 2805 42 32 ist
1510 2806 52 32 ein
1595 2805 207 33 Baumeister
1833 2806 71 33 und
1948 2808 156 33 umreisst

2193 54 53 33 die
2279 53 182 34 Gebärden
2496 52 58 34 der
2587 52 209 44 Spielenden.
2846 53 76 34 Fest
2956 55 69 33 und
3058 58 102 36 sicher

2196 106 130 42 bewegt
2366 106 70 33 sich
2476 116 71 24 nun
2587 106 62 33 das
2690 106 191 42 ungeheure
2921 107 218 39 Pantomimen-

2194 159 117 34 drama
2347 158 70 35 und
2453 160 80 33 ballt
2568 159 71 34 sich
2674 159 125 34 wieder
2834 171 61 22 zur
2931 160 139 34 Einheit.
3119 165 42 34 So

2194 213 240 43 wohlgeformt
2460 213 71 33 und
2558 212 90 33 nicht
2674 212 52 33 ein
2755 212 216 41 Abweichen,
2998 213 89 34 nicht
3112 218 48 34 ein

2193 266 243 42 überflüssiges
2468 265 195 34 Zureichen.
2713 265 134 33 Allerlei
2880 266 138 33 Grauen
3050 267 113 38 führen

2194 320 58 33 des
2292 318 198 35 Schneiders
2531 318 164 42 (William
2735 318 140 42 Wauer)
2932 318 130 35 Klauen
3113 323 50 32 die

2195 372 279 35 Schneidernadel
2509 375 201 39 unentwegt.
2745 372 176 35 Grandios
2954 374 41 31 ist
3027 373 52 33 die
3112 376 36 33 Be-

2194 437 149 33 wegung
2376 427 108 33 seines
2521 426 159 42 Mundes,
2716 426 53 34 die
2802 427 90 33 nicht
2926 428 52 31 ein
3012 429 153 34 stummes

2195 479 122 38 Reden,
2357 480 80 33 aber
2473 480 53 33 ein
2564 479 193 34 drohendes
2796 479 68 34 Auf
2865 482 59 31 tun
2963 480 106 32 seines
3105 482 39 33 Ge-

2194 534 120 33 sichtes
2347 534 160 33 bedeutet.
2557 534 37 32 In
2626 543 144 32 grossen
2802 533 192 34 teuflischen
3028 534 137 37 Zeichen

2193 586 91 36 nicht
2313 587 142 42 minder,
2487 587 65 34 wie
2581 588 53 32 ihr
2664 587 167 43 Direktor,
2863 588 96 42 spielt
2990 588 89 33 Rosa
3109 589 38 34 Va-

2197 641 77 41 letti,
2316 640 53 33 die
2409 639 286 42 Schneidersfrau,
2738 640 70 32 und
2848 640 227 41 rotangefüllt,
3116 642 48 33 ein

2199 694 260 41 Blutbezechter,
2486 694 52 34 ein
2563 694 202 33 wankender
2791 694 77 40 Bär,
2894 696 93 41 tappt
3011 694 59 33 der
3087 695 68 35 Last-

2194 750 112 41 träger
2341 748 136 42 (Guido
2511 747 174 43 Herzfeld)
2722 748 56 33 auf
2812 747 65 34 den
2912 748 64 33 Ruf
3011 748 58 33 der
3103 759 48 23 ver-

2195 801 181 34 zweifelten
2409 801 159 34 Fiametta
2599 801 83 33 über
2712 801 53 33 die
2794 802 115 33 Stufen
2940 802 58 33 der
3028 802 138 44 Treppe,

2195 857 34 34 in
2264 856 61 34 das
2359 856 224 42 Trauerspiel.
2633 856 72 33 Das
2738 856 238 33 Harlekintrio.
3011 856 64 33 Ein
3109 857 40 33 Ge-

2195 910 120 40 mälde,
2350 910 61 33 das
2444 911 45 32 im
2524 908 186 34 Anschaun
2742 910 59 31 mit
2834 909 75 32 dem
2945 909 135 43 Körper
3113 911 55 34 des

2194 964 226 33 Bewunderes
2450 965 195 34 verwächst.
2690 964 81 33 Und
2803 964 53 33 die
2886 964 192 42 ungeheure
3095 964 75 35 Last

2196 1017 222 43 Trauerspiel,
2459 1018 78 34 rollt
2576 1019 71 32 sich
2686 1018 57 33 auf
2780 1020 91 32 einer
2914 1018 114 33 Musik
3067 1019 77 32 auf-

2194 1074 153 30 wärts
2387 1072 198 42 hochmütig
2624 1072 84 32 über
2747 1072 53 32 die
2842 1072 116 33 Leiche
2997 1072 171 34 verdutzer

2194 1126 200 33 höhnender
2429 1126 116 35 Kritik.
2593 1127 180 33 Herwarth
2806 1126 153 41 Waiden,
2994 1127 52 33 ein
3078 1126 69 34 Hod-

2194 1180 48 33 ler
2276 1180 59 33 der
2373 1179 124 42 Musik,
2534 1180 59 33 der
2627 1180 80 33 alles
2742 1180 163 33 süssliche
2940 1181 152 33 zerreisst
3127 1182 43 32 im

2196 1233 246 42 Siegeskrampf
2473 1232 70 34 und
2577 1233 133 42 Kampf.
2761 1234 148 41 Morgen
2941 1234 41 33 ist
3012 1234 53 33 die
3097 1234 55 33 Pre-

2194 1288 101 33 miere
2329 1288 59 33 der
2422 1288 76 33 Vier
2532 1287 107 34 Toten
2674 1287 59 33 der
2769 1287 169 42 Fiametta,
2975 1288 52 33 ich
3061 1289 110 33 werde

2195 1341 200 42 Jacobsohn
2428 1340 227 35 wiedersehen
2688 1361 52 21 —,
2775 1341 52 34 ich
2859 1341 112 34 werde
3004 1342 63 33 den
3100 1343 57 33 klei-

2194 1406 64 23 nen
2291 1395 199 42 Jacobsohn
2523 1395 240 34 wiedersehen!
2815 1396 97 43 „Wer
2944 1397 126 33 kommt
3085 1399 86 32 noch

2194 1451 60 33 mit
2279 1453 52 31 ins

2722 1504 89 36 Else
2838 1504 334 36 Lasker-Schüler

2197 1665 241 64 Notiz

2283 1769 63 33 Die
2378 1769 165 34 Nummer
2573 1771 38 31 71
2648 1770 108 33 dieser
2787 1770 269 34 Wochenschrift
3086 1781 65 23 wur-

2197 1822 40 34 de
2267 1823 126 33 wieder
2422 1834 79 22 vom
2531 1823 143 34 Verkauf
2705 1824 56 34 auf
2791 1824 64 34 den
2886 1824 202 34 Bahnhöfen
3102 1834 54 24 aus-

2190 1876 232 43 geschlossen.
2486 1877 180 34 Trotzdem
2707 1879 59 32 der
2803 1879 208 33 Holzschnitt
3047 1879 126 33 Variete

2196 1941 67 23 von
2294 1931 39 33 E.
2368 1931 36 33 L.
2439 1931 165 36 Kirchner
2635 1931 89 35 doch
2753 1933 109 33 schon
2893 1933 61 33 das
2984 1934 168 33 menschen-

2194 1985 200 42 möglichste
2424 1996 43 23 an
2499 1985 208 44 Bekleidung
2737 1987 112 33 leistet.
2897 1987 68 33 Für
2997 1987 53 33 die
3079 1997 75 33 preu-

2194 2039 127 34 ssische
2352 2037 409 47 Eisenbahnverwaltung
2792 2041 87 34 kann
2912 2052 79 24 man
3023 2041 151 35 offenbar

2194 2093 80 33 aber
2301 2094 154 42 garnicht
2482 2094 206 43 zugeknöpft
2714 2104 117 34 genug
2857 2096 81 33 sein.
2980 2096 103 34 Sollte
3097 2096 56 34 wie-

2196 2147 60 33 der
2295 2148 121 33 einmal
2457 2148 72 32 eine
2570 2148 165 33 Nummer
2774 2149 57 32 auf
2869 2149 65 33 den
2975 2150 198 33 Bahnhöfen

2189 2201 121 40 fehlen,
2349 2210 39 24 so
2423 2204 122 40 mögen
2577 2211 121 23 unsere
2730 2203 101 32 Leser
2861 2203 90 33 nicht
2975 2203 198 34 allzukühne

2195 2254 223 43 Hoffnungen
2459 2255 56 33 auf
2567 2255 164 33 erotische
2780 2255 220 34 Sensationen
3051 2258 120 32 setzen.

2197 2310 63 33 Die
2291 2309 131 34 Grösse
2452 2309 58 33 des
2541 2309 307 35 Halsausschnittes
2879 2310 41 34 ist
2949 2322 68 23 von
3048 2312 59 33 der
3121 2323 36 23 zu-

2196 2364 177 42 ständigen
2409 2364 156 33 Behörde
2600 2364 55 33 für
2690 2365 219 34 Beamtinnen
2945 2366 70 33 und
3064 2367 91 34 Zeich-

2194 2429 137 32 nungen
2359 2418 195 42 festgesetzt.
2596 2417 109 34 Wenn
2733 2428 78 23 man
2839 2419 124 33 wissen
2991 2420 81 41 will,
3102 2431 69 23 was

2191 2472 72 33 sich
2300 2473 107 39 ziemt,
2445 2481 39 24 so
2520 2472 93 44 frage
2650 2482 76 23 man
2763 2474 33 31 in
2832 2473 146 34 Zukunft
3013 2476 73 32 dort
3123 2486 49 23 an.

2858 2528 70 33 Die
2955 2529 216 37 Redaktion

2190 2678 249 31 Verantwortlich
2459 2681 48 28 für
2526 2680 47 29 die
2594 2681 221 36 Schriftleitung

2190 2733 221 32 HERWARTH
2432 2734 167 30 WALDEN
2618 2737 11 34 /
2651 2735 360 31 BERLIN-HALENSEE

2225 2798 246 29 Verantwortlich
2501 2799 47 28 für
2577 2799 46 28 die
2657 2799 222 37 Schriftleitung
2908 2801 27 28 in
2963 2801 193 30 Oesterreich

2225 2843 118 35 Ungarn
2365 2846 10 32 /
2396 2843 19 29 I.
2436 2843 44 29 V.:
2502 2845 102 28 Oskar
2626 2845 187 29 Kokoschka

115 3058 132 109 Die
310 3055 287 112 Fnckel

216 3234 285 32 HERAUSGEBER

219 3307 111 34 Karl
356 3309 148 35 Kraus

155 3405 153 29 Erscheint
328 3407 27 27 in
376 3408 186 35 zwangloser

311 3452 91 35 Folge

140 3515 170 41 Summer
339 3516 237 52 326/327/328

202 3605 115 28 soeben
340 3607 176 28 erschienen

170 3696 110 34 Preis
306 3708 47 31 75
380 3698 167 44 Pfennig

278 3768 36 28 80
334 3768 99 30 Seiten

180 3808 51 28 Mit
256 3809 81 29 einer
357 3810 190 30 Illustration:

263 3850 60 28 Der
347 3852 102 35 Sieger

143 3905 174 37 OBERALL
338 3915 241 30 ERHALTLICH

148 4023 203 27 Werbeband
372 4025 58 27 der
450 4026 115 28 Fackel

263 4076 39 24 50
322 4069 136 35 Pfennig

757 3093 130 112 Les
933 3096 284 124 Marges

745 3300 21 31 5
795 3300 68 25 rue
888 3292 167 43 Chaptal
1079 3293 15 44 /
1119 3295 113 33 Paris

746 3407 91 29 Diese
858 3408 183 30 literarische
1062 3410 171 30 Zeitschrift

746 3453 237 29 veroffentlichte
1023 3456 53 27 das
1114 3457 119 29 franzo-

745 3498 99 29 sische
865 3499 132 36 Original
1035 3501 53 28 der
1120 3502 113 36 Tage-

745 3542 136 30 biicher
906 3544 205 37 Flauberts,
1142 3548 90 27 deren

746 3587 225 39 Uebertragung
985 3590 27 29 in
1029 3591 205 30 Deutschland

745 3634 143 28 verboten
908 3636 109 28 wurde.

747 3723 55 29 Die
835 3725 101 35 Hefte,
975 3727 46 27 die
1060 3727 46 29 die
1139 3728 95 36 Tage-

747 3769 112 29 biicher
884 3771 156 30 Flauberts
1071 3774 163 34 enthalten,

746 3815 92 28 sowie
872 3816 46 28 die
952 3817 122 36 iibrigen
1107 3819 126 29 seitdem

747 3860 215 30 erschienenen
983 3862 164 31 Nummern
1168 3865 66 28 sind

745 3911 70 22 vom
845 3906 107 36 Verlag
984 3908 53 28 der
1065 3909 169 29 Zeitschrift

747 3950 57 29 Les
832 3951 118 36 Marges
980 3960 95 29 gegen
1110 3955 124 29 Einsen-

745 3996 80 35 dung
838 4004 58 21 von
912 3998 89 28 sechs
1016 3998 110 30 Francs
1140 4000 95 29 direkt

745 4049 37 20 zu
803 4041 153 30 beziehen.

1394 3077 50 68 L
1514 3077 317 70 Effort

1409 3194 402 40 Halbmonatsschrift

1396 3284 45 26 fiir
1453 3286 134 26 moderne
1597 3285 105 28 Kultur
1717 3295 27 17 u.
1755 3286 75 26 fran-

1396 3339 125 27 zosische
1550 3339 147 28 Sezession
1722 3340 28 27 in
1776 3341 55 26 den

1396 3393 127 28 Ktinsten
1531 3395 56 26 und
1594 3395 29 27 in
1630 3396 50 26 der
1686 3395 146 27 Literatur

1473 3486 199 35 Herausgeber
1692 3486 57 27 und

1469 3550 15 18 ::
1514 3541 193 29 Schriftleiter
1737 3552 15 16 ::

1390 3614 146 53 JEAN
1563 3614 267 44 RICHARD

1450 3724 197 35 Jahresbezug
1667 3724 45 27 fiir
1731 3726 51 26 das

1450 3779 140 27 Ausland:
1618 3779 82 27 Mark
1720 3780 63 28 4.50

1469 3869 121 28 Zweiter
1609 3871 149 34 Jahrgang

1423 3961 108 34 Yerlag
1551 3963 59 25 und
1630 3962 178 30 Redaktion:

1451 4015 167 28 POITIERS
1639 4017 135 36 (Yienne)

1522 4071 174 28 Frankreich

1951 3034 70 77 In
2462 3052 70 59 PI

1944 3149 189 70 Yerlag
2167 3151 127 66 ~Der

1944 3246 36 53 (r
2502 3247 40 52 \

2030 3327 225 47 Herwarth
2290 3327 172 47 Walden

2068 3403 352 47 DAFNISLIEDER

1999 3476 489 37 FiirGesangu.Klavier/52Seiten

2093 3587 120 38 DREI
2240 3588 148 38 MARK

1997 3994 101 28 Durch
2119 3995 57 27 alle
2198 3995 97 28 Buch-
2316 3996 59 28 und
2395 3996 91 28 Musi-

1996 4030 293 37 kalienhandlungen
2306 4033 75 27 oder
2392 4032 95 29 direkt

1996 4067 91 28 durch
2095 4067 168 36 denVerlag
2271 4068 78 30 DER
2355 4068 131 31 STURM

1996 4103 462 36 Halensee/Katharinenstrasse
2467 4106 18 28 5

1941 4137 37 37 vv
2506 4137 32 39 J)

2629 3063 325 71 LesCahiersdu
2963 3064 156 70 Centre

2627 3161 227 29 Monatsschrift
2880 3162 47 29 fiir
2947 3163 173 36 Soziologie

2723 3207 195 36 Geschichte,
2942 3208 96 28 Kunst

2763 3254 61 27 und
2845 3253 144 28 Literatur

2629 3306 176 36 Gegriindet
2831 3315 58 21 von
2921 3308 71 28 Paul
3019 3307 101 30 Cornu

2693 3362 160 25 Herausgeber
2867 3368 23 16 u.
2907 3362 150 22 Schriftleiter

2702 3397 150 31 HENRY
2878 3398 169 30 BURIOT

2630 3534 30 27 In
2682 3535 57 27 den
2766 3536 137 26 Cahiers
2930 3537 40 26 du
2997 3538 122 25 Centre

2630 3570 176 29 erschienen
2828 3571 107 29 Werke
2956 3579 58 21 von
3035 3572 84 33 Jules

2630 3607 126 34 Renard,
2787 3607 245 29 Charles-Louis
3054 3608 64 28 Phi-

2629 3643 91 36 lippe,
2759 3643 178 37 Marguerite
2981 3645 137 33 Audoux,

2631 3680 92 28 Emile
2759 3680 197 35 Guillaumin,
2993 3681 123 29 Romain

2630 3716 135 35 Rolland,
2786 3717 99 28 Andre
2907 3717 93 36 Spire,
3027 3717 90 28 Henri

2630 3753 156 35 Bachelin,
2826 3753 109 36 Valery
2973 3754 143 33 Larbaud,

2629 3789 136 35 Raymon
2796 3789 134 29 Darsiles
2966 3798 27 20 u.
3024 3798 25 20 a.
3080 3798 36 20 m.

2702 3845 155 26 Jahresbezug
2871 3845 48 21 furs
2935 3844 111 22 Ausland:

2626 3880 64 35 4,80
2710 3880 38 28 M.
2770 3880 197 36 (Luxusausg.
2988 3880 63 34 9,60
3064 3880 50 36 M.)

2693 3934 163 29 Probeheft
2875 3941 96 29 gegen
2994 3935 67 28 Ein-

2690 3972 140 34 sendung
2854 3979 59 21 von
2939 3972 35 28 50
3001 3972 59 35 Pfg.

2625 4025 156 29 VERLAG
2815 4033 26 20 u.
2873 4024 240 31 REDAKTION:

2627 4070 41 34 16,
2695 4070 169 29 Boulevard
2895 4070 217 33 Chambonnet,

2624 4106 175 29 MOULINS
2812 4107 114 36 (Allier)
2936 4106 175 29 Frankreich
