3482 4402
356 176 1442 214 XNcrrlitiiiisrlie
1946 171 1168 249 lliisik-Zeiimig

716 458 191 87 für
958 458 863 87 Kunstfreunde
1875 453 238 86 und
2167 445 581 89 Künstler.

168 656 444 84 Herausgegeben
653 672 102 38 von
803 651 269 59 Professor
1115 654 59 53 L.
1207 651 244 76 Bischof
1621 646 195 87 Verlag
1857 646 94 59 der
1986 646 69 56 11.
2086 639 574 76 DuMont-Sehauberg'
2665 639 160 58 sehen
2863 636 434 86 Buchhandlung.

511 1045 271 37 Aesthetik
821 1044 83 36 der
940 1042 182 40 Musik.
1150 1042 86 37 Von
1263 1042 67 38 Dr.
1360 1040 149 40 Friedr.
1537 1039 146 38 Theod.
1712 1039 173 38 Vischer.
1918 1037 30 38 I.
2055 1036 108 37 Joh.
2195 1035 100 38 Seb.
2324 1033 177 37 Bach's
2531 1033 168 37 Sonaten
2728 1032 62 36 für
2820 1030 59 38 die
2911 1030 164 39 Violine.
3104 1031 85 37 Von
3215 1030 45 38 L.
3287 1030 44 37 B.

240 1049 214 36 Inhalt.

207 1112 188 46 Tages-
438 1107 99 37 und
579 1106 563 48 Unterhaltungsblatt
1179 1105 136 44 (Köln,
1343 1103 39 38 J.
1411 1102 156 47 Derffel,
1597 1102 165 37 Coneert
1790 1102 66 36 des
1885 1100 501 48 Männergesang-Vereins,
2417 1097 260 38 Geschwister
2705 1094 192 44 Raczeck,
2936 1092 44 37 F.
3009 1092 126 37 Hiller
3237 1092 97 35 Karl

127 1173 144 37 Wauer
376 1169 142 45 Berlin,
548 1169 222 47 königliche
798 1169 103 47 Oper
1007 1169 73 35 Die
1108 1166 43 38 C.
1181 1166 52 38 M.
1261 1177 76 24 ron
1365 1164 276 37 Weber'schen
1668 1163 484 48 Clavier-Compcsitionen
2258 1160 90 36 Feri
2371 1159 159 37 Kletzer
2547 1178 47 7 —
2623 1157 293 48 Capellmeister
2945 1153 174 37 Taubert
3206 1153 124 46 Wien,

127 1246 100 25 neue
255 1232 130 48 Opern
492 1230 198 37 Deutsche
719 1228 218 49 Tonhalle.)

599 1465 262 60 Aesthetik
900 1464 85 60 der
1021 1463 178 61 Musik.

449 1601 85 36 Von
576 1601 67 35 Dr.
688 1599 186 36 Friedr.
918 1599 178 36 Theod.
1143 1597 226 37 Vischer.

889 1710 33 49 I.

257 1813 106 50 Von
413 1811 102 51 dem
569 1809 202 51 Werke:
827 1808 352 60 „Aesthetik
1227 1808 143 50 oder
1417 1806 228 52 Wissen-

132 1898 196 51 schaft
357 1896 100 49 des
489 1896 286 49 Schönen.
805 1895 116 49 Zum
954 1892 269 52 Gebrauche
1255 1893 69 47 für
1355 1891 324 65 Vorlesungen

134 2000 85 32 von
252 1981 77 48 Dr.
365 1977 311 51 Friedrich
706 1977 278 50 Theodor
1026 1975 264 55 Vischer,
1334 1973 237 50 Professor
1603 1973 80 50 der

132 2063 239 54 Aesthetik
407 2062 91 51 und
531 2061 249 49 deutschen
813 2061 230 49 Literatur
1083 2076 55 33 an
1181 2060 80 48 der
1288 2057 273 50 Universität
1593 2057 90 50 und

132 2149 102 50 dem
252 2146 369 69 Polytechnicum
647 2145 42 49 in
912 2143 264 68 (Stuttgart,
1194 2140 488 68 Verlags-Expedition

132 2232 82 51 der
243 2229 580 68 Verlags-Buchhandlung
852 2245 88 33 von
964 2227 108 50 Karl
1097 2226 191 51 Mäcken
1320 2226 40 48 in
1391 2225 291 66 Reutlingen)

230 2314 173 53 enthält
445 2312 80 50 der
567 2311 135 51 dritte
733 2311 127 50 Theil
902 2311 104 59 „die
1036 2307 464 69 subjectiv-objective
1525 2307 126 52 Wirk-

132 2397 181 51 lichkeit
328 2396 77 51 des
423 2396 211 50 Schönen
654 2395 112 51 oder
795 2395 109 49 die
1221 2392 89 50 und
1326 2392 159 49 dessen
1501 2391 183 51 zweiter

132 2481 268 54 Abschnitt:
442 2481 137 56 „Die
920 2479 81 48 Die
1021 2476 158 51 zweite
1197 2477 204 65 Galtung
1419 2474 264 50 derselben:

142 2565 136 56 »Die
330 2561 341 68 subjective
715 2561 346 50 Kunstform
1113 2560 142 50 oder
1301 2559 89 49 die

135 2648 137 50 bildet
316 2646 85 51 den
435 2646 146 50 Inhalt
624 2645 78 50 des
748 2645 167 50 zuletzt
959 2644 320 49 erschienenen
1326 2644 166 47 vierten
1525 2641 159 50 Heftes

134 2733 78 51 des
244 2740 257 59 genannten
532 2730 165 50 dritten
729 2729 182 49 Theiles
956 2729 91 49 und
1089 2728 106 66 liegt
1237 2728 41 49 in
1322 2726 142 49 einem
1497 2725 186 51 starken

135 2815 297 51 Octavbande
465 2832 84 32 von
583 2811 114 51 383
734 2813 153 49 Seiten
918 2829 80 33 vor
1030 2829 98 32 uns.

261 2900 93 47 Der
388 2898 170 49 Werth
589 2916 86 30 von
709 2897 223 49 Vischer's
964 2894 238 51 Aesthetik
1235 2894 55 48 ist
1324 2892 168 50 bereits
1525 2909 50 32 so
1605 2892 59 49 all-

136 2982 179 66 gemein
360 2980 265 56 anerkannt,
669 2979 103 50 dass
819 2979 79 48 der
943 2978 227 67 gebildete
1221 2975 200 51 Musiker
1467 2974 90 51 und
1602 2974 81 50 der

134 3065 335 58 Kunstfreund,
517 3065 79 49 der
640 3064 111 48 nach
793 3062 452 50 wissenschaftlicher
1275 3059 286 66 Aulklärung
1591 3058 91 49 und

136 3148 311 67 Begründung
479 3147 176 57 dessen,
700 3165 94 33 was
840 3147 122 49 seine
992 3146 132 49 Seele
1167 3144 188 56 erfreut,
1401 3140 160 59 strebt,
1607 3142 77 48 mit

137 3232 80 49 der
248 3238 355 61 gespanntesten
635 3232 281 65 Erwartung
946 3229 101 50 dem
1080 3227 277 49 Erscheinen
1390 3227 144 48 dieses
1569 3227 85 47 Ban-

139 3316 78 49 des
248 3322 225 60 entgegen
506 3313 151 50 sahen.
692 3314 104 50 Wir
821 3313 180 50 können
1017 3312 273 56 versichern,
1320 3311 103 48 dass
1456 3309 119 50 diese
1600 3309 56 47 Er-

139 3406 212 58 wartung
382 3397 91 49 sich
501 3396 120 50 nicht
644 3397 241 66 getäuscht
915 3396 157 56 findet,
1104 3393 91 51 und
1226 3393 162 50 wollen
1421 3392 144 66 gleich
1598 3408 85 32 von

137 3499 111 33 vorn
281 3481 155 49 herein
479 3481 100 48 dem
621 3480 222 64 etwaigen
874 3478 292 50 Vorurtheile
1199 3476 252 67 begegnen,
1482 3474 102 51 dass
1616 3474 68 50 die

140 3565 344 67 Schwierigkeit
542 3562 80 51 des
678 3562 272 65 Verfolgens
1010 3560 449 52 wissenschaftlicher
1519 3558 138 50 Unter-

140 3648 281 66 suchungen,
446 3647 60 66 ja,
537 3647 139 50 schon
696 3647 76 48 des
794 3645 373 50 Verständnisses
1191 3645 80 49 der
1290 3642 394 70 philosophischen

141 3732 215 69 Sprache,
401 3731 68 48 lür
511 3731 87 48 den
640 3734 211 62 grössten
897 3728 124 49 Theil
1071 3728 80 49 der
1191 3727 229 50 Lesewelt
1459 3727 99 48 eine
1600 3744 56 31 un-

140 3815 353 52 überwindliche
523 3814 77 49 sei.
652 3814 108 48 Dies
794 3814 56 48 ist
880 3811 69 50 bei
979 3810 191 52 Vischer
1197 3811 227 50 durchaus
1456 3808 122 53 nicht
1607 3808 81 51 der

140 3899 109 50 Fall.
305 3900 62 48 Er
398 3899 54 49 ist
483 3914 49 33 so
565 3896 94 50 klar
691 3896 91 48 und
817 3895 152 51 scharf
1005 3895 57 48 im
1096 3894 243 49 Ausdruck
1372 3892 77 50 des
1482 3892 174 50 Gedach-

142 3991 91 50 ten,
277 3982 85 51 wie
394 3982 56 50 im
485 3980 187 51 Denken
704 3979 156 54 selbst,
904 3979 92 50 und
1035 3976 186 56 überall,
1266 3994 74 32 wo
1382 3975 81 49 der
1494 3976 124 50 Stoff
1640 3991 49 35 es

142 4074 233 58 gestattet,
517 4064 91 51 und
640 4062 84 51 wie
756 4062 156 66 häufig
951 4062 60 50 ist
1052 4061 145 50 dieses
1227 4059 41 50 in
1301 4060 81 48 der
1412 4059 278 49 Kunstlehre

141 4148 81 50 der
245 4150 123 50 Fall!
476 4146 281 54 durchwirkt
786 4145 115 52 auch
931 4146 100 50 eine
1061 4144 148 52 reiche
1236 4141 237 52 Phantasie
1499 4142 79 51 das
1602 4142 59 50 Ge-

1774 1385 131 50 wand
1942 1384 80 50 der
2054 1383 293 66 Darstellung
2390 1383 80 48 mit
2513 1379 305 52 anziehenden
2864 1376 91 51 und
3001 1375 79 51 das
3123 1374 202 52 Gemüth

1776 1468 290 66 anregenden
2098 1465 196 52 Bildern.
2342 1464 188 51 Freilich
2558 1464 150 48 macht
2738 1461 69 50 ein
2839 1460 174 51 solches
3042 1459 128 51 Buch
3203 1459 126 51 seine

1777 1552 331 64 Forderungen
2140 1567 55 32 an
2226 1549 86 48 den
2345 1549 155 55 Leser,
2541 1547 94 49 und
2667 1562 94 32 wer
2790 1545 42 49 in
2864 1544 100 50 dem
2999 1543 199 49 seichten
3230 1543 94 51 und

1778 1634 186 50 frivolen
1993 1632 430 67 Kunstgeschwätz,
2469 1630 84 50 wie
2599 1646 47 33 es
2691 1628 70 51 die
2806 1627 190 49 meisten
3039 1625 290 51 öffentlichen

1778 1719 174 50 Blätter
1976 1718 116 66 jetzt
2122 1717 267 56 auftischen,
2420 1713 322 66 Befriedigung
2775 1710 156 59 findet,
2963 1709 80 50 der
3074 1709 148 51 bleibe
3253 1709 51 51 da-

1777 1821 110 41 von;
1919 1802 116 51 denn
2063 1801 122 49 nicht
2210 1801 132 48 allein
2370 1817 76 32 um
2474 1799 70 50 die
2566 1797 262 65 Belehrung
2859 1811 80 33 aus
2971 1793 144 51 einem
3147 1792 183 52 solchen

1778 1886 192 57 Werke,
2013 1883 198 51 sondern
2253 1882 116 51 auch
2411 1900 76 31 um
2525 1881 88 50 den
2643 1881 179 49 Genuss
2865 1878 80 48 des
2977 1877 173 49 Inhalts
3182 1876 57 50 ist
3268 1893 63 43 es,

1778 1971 84 48 wie
1905 1987 76 32 um
2026 1968 71 51 die
2136 1968 155 50 wahre
2323 1966 182 50 Freude
2547 1982 53 33 an
2647 1964 145 50 einem
2823 1961 313 50 Kunstwerke
3166 1959 158 61 selbst,

1776 2053 99 50 eine
1905 2052 104 51 sehr
2041 2058 152 44 ernste
2225 2051 150 49 Sache.
2445 2051 94 48 Das
2571 2048 125 51 Buch
2732 2047 204 65 verlangt
2966 2044 132 50 einen
3129 2044 173 51 denken-

1777 2137 86 50 den
1892 2138 158 54 Leser,
2096 2135 80 50 der
2219 2151 157 33 ausser
2421 2132 103 51 dem
2571 2130 235 68 gesunden
2837 2127 492 52 Menschenverstände

1777 2221 143 49 festen
1956 2218 184 58 Willen,
2182 2217 241 50 Ausdauer
2463 2215 94 50 und
2587 2213 239 66 allerdings
2858 2212 114 50 auch
3004 2211 128 49 einen
3162 2210 139 67 gewis-

1776 2321 78 33 sen
1886 2303 121 50 Grad
2037 2320 87 33 von
2152 2300 450 52 wissenschaftlicher
2643 2298 90 50 und
2766 2296 336 51 musicalischer
3131 2295 199 67 Bildung

1776 2386 257 66 mitbringt;
2077 2385 128 49 allein
2238 2385 79 49 der
2343 2382 285 51 besonderen
2657 2377 475 70 Fachgelehrsamkeit
3171 2377 163 51 bedarf

1777 2488 49 31 er
1856 2470 227 51 durchaus
2115 2467 136 51 nicht.
2308 2467 155 51 Wenn
2505 2466 158 66 irgend
2708 2464 68 49 ein
2823 2462 150 51 Werk
3015 2461 214 67 geeignet
3258 2461 71 58 ist,

1778 2554 141 50 durch
1953 2554 72 49 die
2056 2554 107 48 reife
2195 2551 174 51 Frucht
2398 2551 79 50 des
2505 2550 214 49 Denkens
2755 2546 86 51 den
2870 2546 168 50 wilden
3071 2545 258 51 Aufschuss

1779 2638 78 49 des
1886 2638 277 57 Unkrautes,
2209 2636 77 48 das
2319 2635 69 49 die
2418 2632 305 52 ästhetischen
2759 2630 282 51 Halbwisser
3085 2629 80 49 auf
3203 2629 127 50 ihren

1778 2721 306 68 gemietheten
2129 2720 185 48 Plätzen
2359 2720 69 47 lür
2474 2714 530 70 kunstphilosophisches
3052 2712 276 66 Erzeugniss

1778 2804 258 57 verkaufen,
2066 2820 87 32 von
2186 2803 100 48 dem
2313 2800 178 51 Markte
2522 2818 54 32 zu
2607 2799 284 65 verdrängen
2921 2795 92 50 und
3044 2795 101 50 dem
3174 2794 154 51 Geiste

1778 2888 80 49 des
1889 2886 277 51 strebenden
2196 2884 335 51 Tonkünstlers
2572 2881 168 51 wieder
2770 2881 99 49 edle
2898 2879 217 65 Nahrung
3147 2897 54 30 zu
3232 2876 71 52 bie-

1778 2980 93 47 ten,
1913 2989 51 32 so
1994 2970 57 50 ist
2082 2988 47 32 es
2162 2969 144 51 dieses
2338 2969 144 56 Buch,
2529 2965 192 51 welches
2760 2964 68 49 die
2860 2961 292 51 räthselhafte
3178 2963 148 49 Natur

1778 3055 81 50 der
1891 3055 245 50 schönsten
2169 3053 107 49 aller
2306 3054 177 47 Künste
2525 3068 53 32 zu
2621 3048 262 51 erforschen
2916 3046 92 50 und
3038 3045 69 50 die
3138 3045 155 51 Grund-

1777 3143 124 46 sätze
1948 3139 80 48 der
2059 3137 148 49 Lehre
2253 3153 102 33 vom
2388 3134 212 51 Schönen
2640 3149 81 33 aus
2752 3132 141 48 ihrem
2931 3130 176 51 Wesen
3137 3147 56 32 zu
3225 3135 75 44 ent-

1778 3222 188 49 wickeln
1997 3220 91 50 und
2120 3220 80 49 auf
2224 3220 94 47 ihre
2351 3217 302 67 Erzeugnisse
2685 3213 306 52 anzuwenden
3023 3212 162 50 strebt.

1903 3306 61 49 Es
1995 3303 172 51 zerlällt
2197 3303 41 50 in
2273 3303 94 48 drei
2400 3298 475 70 Haupt-Abschnitte;
2920 3295 62 50 sie
3010 3294 254 52 behandeln
3291 3298 34 49 I.

1778 3388 79 51 das
1890 3388 174 51 Wesen
2096 3387 81 48 der
2205 3386 166 55 Musik,
2417 3386 56 48 11.
2506 3384 70 50 die
2599 3382 182 63 Zweige
2812 3379 80 50 der
2931 3378 167 58 Musik,
3143 3380 79 50 111.
3256 3379 73 51 die

1779 3471 268 52 Geschichte
2078 3471 80 48 der
2187 3469 164 50 Musik.
2412 3468 82 48 Die
2525 3471 185 45 äussere
2740 3466 135 47 Form
2916 3462 80 49 der
3027 3462 303 68 Behandlung

1779 3556 79 49 des
1890 3554 169 50 Stoffes
2088 3554 57 49 ist
2176 3553 82 50 der
2287 3553 103 55 Art,
2435 3551 100 49 dass
2581 3548 98 50 eine
2721 3546 300 50 fortlaufende
3052 3546 145 50 Reihe
3241 3565 88 33 von

1779 3638 319 68 Paragraphen
2131 3637 69 50 die
2232 3633 425 70 Haupt-Lehrsätze
2687 3631 190 57 enthält,
2924 3629 92 51 und
3039 3628 155 67 jedem
3227 3629 76 51 der-

1781 3722 155 50 selben
1983 3722 96 48 eine
2124 3721 322 62 Erläuterung,
2489 3716 134 49 theils
2668 3713 331 66 Begründung,
3044 3713 132 50 theils
3209 3713 90 52 Aus-

1779 3806 200 66 führung
2008 3805 79 49 des
2119 3805 58 48 im
2207 3800 319 68 Paragraphen
2558 3798 323 59 Enthaltenen,
2912 3796 271 68 zugegeben
3212 3797 69 51 ist.

1904 3890 95 48 Der
2042 3890 33 48 I.
2120 3886 242 51 Abschnitt
2404 3883 256 51 betrachtet
2704 3888 154 44 zuerst
2901 3881 80 51 das
3028 3881 175 52 Wesen
3246 3882 79 50 der

1781 3972 147 51 Musik
1959 3971 270 67 überhaupt,
2259 3968 117 51 dann
2395 3967 70 50 die
2492 3966 232 51 einzelnen
2747 3967 250 56 Momente,
3027 3963 188 52 nämlich
3245 3963 76 51 das

1782 4054 329 52 Ton-Material
2155 4054 92 49 und
2289 4052 122 50 seine
2441 4051 293 66 Gliederung,
2779 4050 72 49 die
2881 4047 307 69 Composilion
3229 4047 92 50 und

1785 4140 95 49 ihre
1910 4137 322 54 wesentlichen
2254 4137 216 61 Formen,
2502 4135 86 52 den
2621 4132 337 54 musicalischen
2985 4131 80 50 Stil
3095 4130 81 66 (§§.
3206 4127 115 54 746

2724 4215 64 52 33

199 862 83 59 Nr.
320 862 79 59 33.

2884 844 57 59 V.
2977 844 277 75 Jahrgang.

1421 842 172 83 KÖLN,
1631 852 74 61 15.
1743 849 198 76 August
1979 847 140 61 1857.
