3119 4437
2913 114 56 45 97

136 231 31 33 a
206 205 293 59 distinctive
537 204 139 59 fame
715 228 186 52 among
950 204 271 59 London's
1283 204 241 67 theatres,

136 280 123 68 and,
303 280 105 58 like
468 282 61 54 its
569 279 306 75 neighbour,
920 282 38 57 it
995 280 92 58 has
1148 280 141 58 been
1329 279 199 59 several

137 359 149 55 times
315 355 151 59 burnt
502 369 51 43 to
595 355 86 57 the
723 354 217 76 ground.
1020 355 122 59 The
1183 355 101 59 first
1324 357 207 57 Covent

140 431 221 58 Garden
389 430 231 59 Theatre
648 454 108 35 was
785 430 233 68 erected,
1045 430 131 59 from
1202 431 87 58 the
1317 430 212 76 designs

140 510 53 56 of
234 506 237 60 Edward
515 506 297 74 Shepherd,
854 510 52 56 in
943 509 12 56 1
976 509 105 56 733
1110 508 69 73 by
1213 508 133 72 John
1373 506 156 68 Rich,

139 584 89 58 the
268 584 200 57 famous
527 585 328 74 inaugurator
893 583 53 57 of
1006 586 360 69 pantomimes,
1410 583 122 58 who

141 659 104 58 had
286 658 221 58 hitherto
548 659 138 57 been
725 660 218 74 running
983 652 88 64 the
1117 659 122 73 play
1278 658 162 58 house
1480 660 53 56 in

141 732 264 60 Lincoln's
459 734 91 58 Inn
590 734 194 59 Fields.
866 732 285 77 Hogarth's
1211 735 132 72 print
1396 732 62 73 (if
1496 735 38 56 it

140 811 70 57 be
268 810 304 74 Hogarth's,
633 810 160 57 about
850 810 178 57 which
1086 809 142 58 there
1288 811 42 56 is
1391 833 143 34 some

143 889 262 70 question)
466 885 216 58 entitled
808 884 183 59 Rich's
1053 885 165 74 Glory
1360 884 174 59 shows

141 962 88 58 the
270 985 245 51 manager
572 964 231 73 entering
850 964 105 54 into
1010 964 297 71 possession
1366 960 54 58 of
1457 960 79 58 his

145 1060 121 36 new
305 1036 216 60 theatre.

261 1112 54 57 In
356 1135 183 37 course
579 1111 54 58 of
671 1113 123 56 time
832 1113 39 55 it
910 1135 109 34 was
1059 1110 163 59 found
1261 1135 276 50 necessary

146 1204 52 43 to
238 1187 212 75 enlarge
490 1187 105 59 and
633 1201 317 45 reconstruct
988 1186 87 58 the
1117 1187 236 76 building
1377 1213 13 40 ;
1433 1187 104 57 and

148 1265 99 58 this
306 1287 110 35 was
475 1265 140 57 done
675 1289 59 33 so
791 1263 322 74 thoroughly,
1153 1289 68 33 no
1274 1265 100 57 less
1416 1263 122 57 than

145 1338 52 60 £
236 1341 206 67 30,000
483 1341 159 73 being
684 1355 148 58 spent
871 1364 69 33 on
978 1343 55 63 it,
1065 1341 105 57 that
1209 1342 38 56 it
1287 1338 251 76 emerged

146 1416 355 75 substantially
540 1441 31 32 a
610 1439 122 34 new
789 1414 180 67 house,
1011 1414 104 59 and
1176 1439 108 35 was
1325 1413 213 75 opened

145 1516 57 33 as
243 1491 127 58 such
409 1496 52 54 in
503 1491 315 73 September
854 1491 158 58 1792.
1095 1491 99 57 But
1221 1494 37 54 it
1284 1491 106 58 had
1418 1491 122 72 only

146 1592 32 33 a
225 1568 138 57 short
419 1567 106 67 life,
586 1566 104 57 and
750 1568 53 55 in
864 1566 314 72 September
1226 1568 141 57 1808
1425 1590 109 35 was

148 1643 202 58 burned
390 1657 52 43 to
482 1643 87 57 the
612 1641 221 74 ground,
879 1665 153 50 many
1072 1643 127 56 lives
1241 1642 158 75 being
1439 1643 99 56 lost

146 1721 54 55 in
257 1718 87 58 the
405 1719 106 57 fire.
592 1713 179 62 Three
831 1717 202 57 months
1092 1717 147 67 later,
1302 1718 231 75 George,

146 1794 188 59 Prince
376 1795 54 56 of
469 1793 192 60 Wales
701 1792 107 58 laid
850 1793 86 57 the
977 1792 305 59 foundation
1310 1809 144 42 stone
1485 1793 53 57 of

145 1869 89 59 the
300 1895 123 34 new
502 1869 254 75 building,
822 1869 55 56 of
941 1868 174 58 which
1189 1869 84 57 Sir
1336 1870 202 58 Robert

148 1945 202 60 Smirke
409 1971 109 33 was
577 1947 86 57 the
724 1944 263 67 architect,
1030 1944 104 60 and
1193 1945 175 59 which
1426 1959 114 45 cost

146 2047 68 32 no
254 2022 101 58 less
395 2022 139 57 tham
573 2019 51 60 £
673 2020 235 59 150000.

263 2098 40 57 It
342 2122 109 34 was
492 2122 68 33 on
600 2099 62 56 its
700 2098 227 75 opening
986 2099 52 55 in
1089 2096 157 69 1809,
1288 2096 108 59 that
1452 2095 88 59 the

145 2173 198 58 famous
385 2174 76 58 O.
506 2174 61 57 P.
610 2175 121 56 riots
771 2170 252 60 occurred
1084 2171 175 59 which
1305 2173 236 58 resulted

146 2251 52 55 in
226 2248 88 58 the
353 2273 122 34 new
513 2248 197 58 theatre
750 2248 158 75 being
946 2246 186 59 turned
1172 2250 107 56 into
1319 2274 30 32 a
1390 2248 120 58 bear-

149 2324 199 76 garden
388 2325 76 57 for
504 2324 178 59 weeks
723 2323 145 59 after.

262 2401 150 68 This,
452 2401 88 57 the
579 2399 134 59 third
755 2401 209 57 Covent
1005 2399 239 67 Garden,
1273 2399 268 58 remained

146 2475 77 60 for
262 2500 154 50 many
473 2500 148 50 years
684 2475 144 67 later,
889 2475 461 72 unappropriated,
1413 2476 127 57 until

146 2550 187 74 Jullien
372 2552 211 73 opened
624 2555 37 55 it
700 2551 127 57 with
885 2551 79 57 his
1006 2550 332 58 Promenade
1397 2552 108 58 Con-

146 2644 151 51 certs,
338 2627 186 77 during
563 2629 88 58 the
690 2651 211 36 seasons
960 2627 54 59 of
1075 2629 165 57 1843-
1258 2634 6 49 i
1280 2627 110 57 845
1415 2654 13 41 ;
1489 2643 52 41 to

148 2704 69 57 be
257 2704 249 59 followed
567 2705 71 73 by
677 2704 179 58 Italian
915 2726 175 49 opera,
1146 2705 52 56 in
1247 2704 138 58 1847
1411 2728 13 42 ;
1466 2704 76 57 for

148 2778 176 59 which
363 2778 145 60 latter
546 2804 226 48 purpose
811 2782 39 55 it
888 2778 281 59 continued
1209 2794 52 42 to
1302 2778 67 59 be
1410 2778 131 59 used

148 2855 75 58 till
266 2856 208 67 March,
525 2856 160 66 1856,
727 2881 68 33 on
832 2855 86 58 the
949 2855 89 58 sth
1066 2855 53 57 of
1146 2855 174 58 which
1346 2856 194 66 month,

148 2956 29 32 a
216 2931 88 58 fire
346 2931 165 60 broke
550 2947 90 42 out
678 2935 54 54 in
771 2932 85 57 the
897 2931 142 74 early
1075 2933 249 72 morning,
1354 2931 130 58 after
1513 2956 30 32 a

168 3008 93 56 bal
277 3032 212 46 masque
527 3007 107 58 had
676 3007 152 58 taken
869 3006 151 75 place
1049 3006 139 67 here,
1218 3007 104 57 and
1352 3010 162 55 entire-

149 3085 52 72 ly
240 3083 179 75 gutted
460 3083 88 59 the
601 3083 257 76 building.
940 3083 94 59 On
1092 3086 63 54 its
1208 3086 136 54 ruins
1405 3109 136 43 rose,

148 3163 53 55 in
263 3161 158 66 1858,
483 3161 88 57 the
630 3176 207 58 present
891 3173 247 45 structure
1198 3159 176 59 which
1433 3185 110 34 was

148 3234 257 75 designed
446 3234 71 75 by
579 3236 66 59 E.
689 3236 83 58 M.
837 3236 173 73 Barry,
1052 3259 68 34 on
1160 3260 30 32 a
1242 3236 74 57 far
1378 3233 166 79 larger

148 3311 138 58 scale
327 3312 122 57 than
487 3314 62 55 its
591 3312 340 74 predecessor
955 3337 13 41 ;
1024 3313 62 56 its
1127 3313 138 56 main
1324 3316 219 54 exterior

145 3387 198 58 feature
383 3388 161 75 being
583 3388 88 57 the
713 3387 303 59 Corinthian
1057 3388 217 72 portico,
1310 3387 104 57 and
1456 3387 87 58 the

146 3463 186 75 figures
362 3462 178 75 (relics
567 3464 53 56 of
648 3463 86 58 the
762 3463 186 57 former
985 3462 185 71 house)
1200 3463 68 74 by
1296 3463 247 58 Flaxman

148 3539 104 59 and
294 3540 175 66 Rossi,
512 3540 71 58 let
623 3542 105 54 into
770 3539 179 59 niches
990 3540 53 56 in
1082 3538 87 58 the
1211 3539 138 59 wall.

262 3615 246 59 Another
549 3615 225 59 London
832 3615 197 58 theatre
1089 3614 175 60 which
1321 3617 221 57 remains

146 3690 131 60 from
317 3692 184 58 earlier
559 3690 128 77 days
727 3694 43 56 is
830 3692 87 58 the
965 3692 256 72 Lyceum,
1283 3689 260 78 designed

146 3768 71 75 by
258 3768 57 58 S.
379 3767 245 76 Beazley,
666 3767 103 59 and
828 3768 104 58 first
988 3767 212 73 opened
1259 3768 53 57 in
1383 3768 159 67 1834,

145 3845 128 57 after
311 3868 66 33 an
418 3844 183 60 earlier
640 3844 163 58 house
842 3841 283 61 converted
1155 3845 105 56 into
1288 3868 29 32 a
1344 3844 198 58 theatre

144 3923 53 56 in
248 3921 161 69 1790,
463 3921 106 58 and
628 3919 249 76 enlarged
915 3923 53 54 in
1015 3920 159 67 1809,
1239 3919 105 58 had
1404 3920 139 59 been

145 3996 206 59 burned
391 3996 160 61 down
591 3999 53 56 in
694 3998 158 58 1830.
936 3996 55 58 In
1030 3996 188 59 former
1246 3995 130 75 days
1402 3996 141 59 what

145 4075 42 56 is
228 4097 123 35 now
390 4073 88 59 the
518 4075 75 73 pit
652 4071 131 60 door
821 4074 52 57 in
912 4071 88 59 the
1056 4071 191 59 Strand
1307 4095 108 36 was
1456 4073 86 57 the

145 4150 253 74 principal
438 4164 244 44 entrance
706 4175 12 42 ;
774 4150 92 57 but
906 4148 270 74 Beazley's
1239 4148 303 58 Corinthian

145 4225 234 61 columns
418 4228 53 57 in
511 4225 333 75 Wellington
898 4225 172 58 Street
1108 4225 133 58 have
1301 4224 76 59 for
1416 4249 126 34 over

1574 205 176 73 ninety
1788 228 146 51 years
1994 204 200 60 formed
2255 205 86 59 the
2383 204 340 61 well-known
2782 205 188 72 facade

1576 280 54 58 of
1668 280 86 59 the
1792 282 200 57 famous
2032 280 325 74 play-house.

1692 355 227 75 Beazley
1959 381 109 34 was
2107 355 126 60 fond
2275 357 52 57 of
2366 355 98 60 this
2506 355 184 61 classic
2745 383 195 35 conven-

1576 431 124 67 tion,
1762 431 103 59 and
1927 431 67 59 he
2054 431 281 74 employed
2392 434 39 55 it
2488 437 153 71 again
2700 434 158 58 when
2905 434 67 57 he

1580 506 258 75 designed
1879 506 86 59 the
2008 508 75 58 St.
2126 508 216 72 James's
2369 506 230 60 Theatre
2628 510 76 56 for
2732 510 238 68 Braham,

1579 584 53 55 in
1682 583 156 57 1835.
1919 581 121 59 The
2083 584 219 57 exterior
2340 585 218 56 remains
2587 585 304 74 practically
2917 609 56 33 as

1580 658 67 57 he
1689 658 91 58 left
1819 660 53 65 it,
1914 659 93 57 but
2046 659 85 57 the
2172 661 206 56 interior
2416 683 110 34 was
2568 661 325 58 remodelled
2923 664 52 55 in

1593 734 140 56 1879
1758 759 11 41 ;
1813 732 105 59 and
1960 736 146 55 since
2147 735 121 57 then
2308 734 91 57 has
2427 734 139 58 been
2594 735 293 74 subjected,
2917 760 55 35 as

1581 809 68 57 ha
1658 833 63 34 ve
1760 809 88 58 the
1886 811 233 56 interiors
2159 811 55 57 of
2239 810 68 58 all
2336 810 85 57 the
2449 810 148 58 older
2624 811 347 75 play-houses,

1584 899 52 43 to
1689 885 127 58 such
1875 885 292 58 alterations
2222 910 54 33 as
2336 886 87 57 the
2484 886 225 59 London
2768 890 208 71 County

1584 959 269 58 Council's
1894 960 261 73 bye-laws
2201 960 135 60 have
2394 961 130 59 from
2582 964 122 57 time
2763 978 52 43 to
2854 967 122 55 time

1584 1036 157 58 made
1781 1060 291 51 necessary.

1700 1111 121 58 The
1863 1112 325 74 Haymarket
2227 1111 251 69 Theatre,
2509 1136 58 35 or
2663 1113 121 60 The
2816 1115 159 58 Little

1585 1186 231 60 Theatre
1844 1188 52 56 in
1919 1182 87 64 the
2037 1187 324 74 Haymarket
2473 1187 150 59 stood
2652 1191 292 58 immediate-

1585 1262 52 72 ly
1696 1277 53 43 to
1813 1262 87 58 the
1966 1263 148 59 north
2171 1263 54 57 of
2289 1262 89 58 the
2442 1280 207 57 present
2714 1280 261 44 structure.

1588 1340 40 57 It
1668 1362 108 36 was
1816 1364 32 33 a
1889 1342 176 71 quaint
2117 1340 127 58 little
2304 1340 172 72 place,
2520 1340 128 58 built
2689 1341 70 75 by
2799 1367 30 32 a
2869 1367 82 34 car-

1588 1428 181 59 penter
1828 1414 192 59 named
2086 1414 133 73 John
2284 1409 194 73 Potter,
2542 1416 102 57 and
2710 1441 108 34 was
2877 1417 101 57 first

1588 1489 211 74 opened
1838 1493 53 56 in
1940 1491 157 58 1721.
2180 1491 54 58 In
2275 1515 181 34 course
2496 1492 53 57 of
2576 1494 120 55 time
2724 1494 39 55 it
2789 1493 189 74 passed

1583 1567 218 75 through
1866 1566 86 58 the
2017 1566 165 59 hands
2249 1567 54 57 of
2368 1592 30 32 a
2462 1568 218 57 number
2738 1569 54 59 of
2831 1568 117 59 well-

1583 1644 190 57 known
1843 1657 447 60 actor-managers,
2354 1642 241 59 Macklin
2653 1644 104 59 and
2813 1646 165 58 Foote

1585 1717 104 59 and
1729 1717 258 58 Coleman
2039 1742 186 51 among
2266 1718 138 57 them
2429 1745 12 40 ;
2484 1718 160 58 while
2705 1743 153 51 many
2905 1721 48 57 fa-

1584 1817 145 37 mous
1771 1793 237 58 histrions
2068 1794 134 57 have
2261 1794 156 59 made
2459 1795 130 58 their
2647 1794 102 59 first
2789 1821 160 49 appea-

1584 1893 155 36 rance
1780 1870 53 56 in
1874 1868 226 60 London
2136 1869 143 67 here,
2343 1869 268 75 including
2651 1870 184 59 Cooke
2876 1872 104 58 and

1588 1943 321 61 Henderson
1950 1944 103 58 and
2083 1947 285 64 Bannister,
2399 1945 223 59 Elliston
2647 1947 104 57 and
2780 1948 197 58 Liston.

1702 2022 56 55 In
1806 2022 140 57 1820
1985 2022 87 57 the
2112 2020 129 60 little
2280 2022 162 58 house
2483 2046 109 34 was
2632 2023 200 67 closed,
2877 2024 104 57 and

1585 2100 54 56 in
1696 2096 87 59 the
1842 2096 268 77 following
2168 2122 123 49 year
2349 2098 86 57 the
2495 2114 205 56 present
2764 2099 214 66 theatre,

1588 2171 176 60 which
1806 2197 109 34 was
1956 2171 258 75 designed
2255 2173 72 72 by
2375 2168 169 72 Nash,
2589 2198 109 34 was
2749 2174 228 74 opened.

1589 2249 62 58 Its
1692 2249 189 58 classic
1919 2251 202 72 portico
2161 2251 41 56 is
2243 2249 239 58 effective
2521 2250 130 57 from
2691 2274 99 51 any
2817 2254 160 70 point,

1588 2325 92 57 but
1739 2324 187 73 chiefly
1981 2348 55 33 as
2089 2349 141 42 seen,
2298 2324 216 75 through
2580 2325 86 58 the
2730 2342 134 41 trees
2930 2326 54 57 of

1592 2401 78 59 St.
1714 2401 214 71 James's
1973 2401 219 73 Square,
2233 2401 131 59 from
2406 2403 144 73 King
2594 2403 186 67 Street,
2823 2403 159 57 when

1588 2477 38 56 it
1665 2476 94 57 fills
1802 2500 70 49 up
1912 2476 87 57 the
2039 2477 138 56 view
2218 2479 50 54 in
2309 2500 32 33 a
2379 2493 132 42 most
2552 2477 264 75 satisfying
2844 2502 137 49 way,

1588 2552 286 74 especially
1931 2555 53 55 in
2025 2551 226 59 London
2310 2552 176 59 where
2547 2554 183 75 hardly
2783 2578 100 49 any
2931 2555 54 56 of

1588 2629 86 58 the
1715 2629 106 58 few
1861 2629 153 57 vistas
2074 2651 85 35 we
2220 2627 71 59 do
2351 2653 199 49 posses,
2611 2630 94 58 has
2766 2654 65 34 an
2891 2654 61 50 ap-

1589 2706 259 71 propriate
1891 2709 12 20 '
1933 2702 149 59 finish
2111 2704 33 58 '.

1705 2778 186 60 When
1914 2778 88 59 the
2030 2778 266 59 Bancrofts
2318 2780 123 57 took
2462 2780 86 58 the
2580 2780 326 75 Haymarket
2931 2782 54 56 in

1602 2856 158 66 1879,
1801 2856 123 74 they
1964 2856 217 74 entirely
2206 2856 389 58 reconstructed
2623 2857 85 57 the
2736 2860 208 56 interior
2970 2884 11 41 ;

1589 2955 103 34 one
1734 2932 54 57 of
1827 2931 86 58 the
1952 2946 134 43 most
2124 2931 214 60 marked
2397 2932 226 74 changes
2676 2933 114 72 (not
2829 2933 156 59 made

1590 3007 217 58 without
1846 3007 185 57 hostile
2070 3006 431 73 demonstration)
2543 3010 157 73 being
2738 3008 88 57 the
2862 3032 92 35 con-

1590 3086 209 57 version
1835 3083 54 57 of
1929 3083 88 57 the
2058 3086 73 71 pit
2169 3086 108 56 into
2317 3083 291 60 additional
2648 3085 158 59 stalls.

1711 3159 53 59 In
1805 3158 86 59 the
1933 3158 191 59 Strand
2167 3158 53 59 of
2258 3185 59 32 so
2357 3184 154 50 many
2550 3159 244 68 theatres,
2837 3159 147 60 there

1590 3259 89 34 are
1720 3234 301 75 practically
2060 3260 69 33 no
2168 3234 90 59 old
2300 3260 144 43 ones,
2500 3236 171 59 unless
2710 3238 39 56 it
2788 3236 70 58 be
2898 3236 87 58 the

1592 3312 246 74 Adelphi
1877 3335 135 34 once
2072 3311 174 59 called
2352 3312 121 58 The
2542 3314 133 56 Sans
2730 3313 172 59 Pareil

1592 3383 174 63 which
1816 3412 110 34 was
1985 3388 268 78 originally
2310 3387 212 75 opened
2581 3392 53 56 in
2698 3389 156 66 1806,
2895 3388 94 58 but

1592 3463 175 60 which
1806 3463 93 58 has
1940 3463 138 60 been
2117 3463 155 58 much
2313 3464 201 59 altered
2556 3468 52 56 in
2646 3466 86 57 the
2774 3488 211 50 process

1590 3539 55 59 of
1684 3542 141 64 time,
1867 3539 88 59 the
1998 3539 192 59 Strand
2230 3539 132 59 front
2402 3539 159 78 being
2601 3540 249 60 widened
2881 3540 104 59 and

1590 3615 196 75 wholly
1825 3615 391 60 reconstructed
2256 3618 53 56 in
2360 3618 170 66 1888;
2573 3617 104 58 and
2718 3618 86 57 the
2831 3617 116 58 Vau-

1592 3692 212 67 deville,
1857 3692 175 58 which
2089 3717 111 33 was
2260 3693 212 58 erected
2528 3693 69 74 by
2661 3693 105 58 Mr.
2831 3695 66 56 C.
2940 3693 46 72 J.

1593 3768 236 73 Phillips,
1871 3770 53 56 in
1973 3769 158 58 1870.
2176 3768 157 57 Gone
2373 3793 89 33 are
2502 3769 211 74 Terry's
2754 3768 235 58 Theatre

1592 3845 176 59 which
1835 3843 106 61 Mr.
2011 3844 209 60 Walter
2280 3844 213 60 Emden
2553 3844 276 79 designed,
2884 3845 105 59 and

1592 3920 175 60 which
1825 3944 109 35 was
1974 3946 56 33 as
2069 3920 273 74 fire-proof
2380 3946 56 34 as
2477 3921 189 59 human
2723 3923 267 75 ingenuity

1593 3995 156 60 could
1810 3995 151 59 make
2021 3999 54 65 it,
2128 3995 105 60 and
2293 3996 86 58 the
2440 3996 198 75 Gaiety
2695 3996 55 59 of
2810 3996 180 59 Nellie

1593 4073 190 58 Farren
1830 4071 104 60 and
1995 4071 139 59 Fred
2190 4073 195 67 Leslie,
2429 4073 175 58 which
2661 4071 105 60 had
2827 4073 162 58 dated

1588 4149 131 59 from
1781 4150 157 67 1868,
2002 4149 105 58 and
2168 4173 109 35 was
2338 4149 329 59 demolished
2726 4151 53 56 in
2827 4150 163 58 1903.-

1589 4224 122 59 The
1773 4224 145 59 New
1984 4225 211 74 Gaiety,
2263 4248 121 37 new
2442 4249 69 34 no
2568 4222 193 77 longer,
2817 4224 173 61 which
