3119 4437
2906 126 58 44 93

137 245 35 37 a
217 219 134 82 holy
398 219 152 81 thing
577 247 14 36 :
626 217 244 66 damned
917 219 132 63 then
1095 217 86 65 for
1228 244 127 39 ever
1395 216 133 65 until

136 336 154 38 some
338 337 106 37 one
516 308 198 66 breaks
766 310 97 64 the
925 309 134 82 spell
1108 306 113 65 and
1265 308 84 63 his
1397 334 131 37 own

137 400 145 64 neck
329 400 78 82 by
440 399 221 83 flinging
695 399 94 65 the
821 400 129 65 halo
982 404 116 60 into
1129 399 96 64 the
1256 398 270 65 Thames.

139 490 142 68 And
328 496 43 59 is
417 493 42 62 it
504 508 96 49 not
651 492 346 63 remarkable
1052 490 119 67 that
1232 490 107 64 this
1400 516 129 37 man

137 582 196 66 whose
379 582 158 81 plays
586 610 94 35 are
728 582 131 63 held
901 600 58 45 to
998 582 75 63 be
1122 581 261 81 anything
1430 579 100 64 but

137 673 173 64 moral
358 676 52 61 in
466 673 141 65 their
681 673 258 80 teaching
1009 671 199 65 should
1278 672 74 64 be
1397 670 133 64 held

139 791 75 55 up
263 791 60 36 as
370 762 197 66 sacred
593 771 27 57 ?

276 855 113 65 Mr.
444 855 189 65 Sisson
680 854 132 63 then
844 854 271 81 proceeds
1146 870 61 48 to
1242 852 97 65 ask
1371 851 118 66 whe-

139 945 118 64 ther
304 946 104 63 this
457 946 114 63 free
602 945 324 81 adaptation
958 945 56 64 of
1047 945 95 65 the
1172 944 157 82 plays
1360 946 44 61 is
1435 960 94 46 not

137 1063 72 37 an
256 1052 92 48 act
395 1035 57 64 of
488 1035 306 65 vandalism
808 1062 142 37 —or
996 1062 201 46 worse,
1246 1035 238 81 forgery.

138 1212 110 44 MR.
315 1212 208 44 SISSON
588 1211 351 45 CONTINUES
1010 1210 134 45 AND
1217 1210 314 45 SUPPORTS

386 1288 202 45 THE
666 1287 619 46 PRACTICE.

143 1433 198 127 THE
380 1443 123 34 case
543 1421 43 56 is
625 1443 122 34 now
786 1418 149 75 fairly
974 1433 92 60 put
1104 1418 77 58 for
1221 1443 31 33 a
1292 1418 210 58 conside-

292 1499 165 54 ration
515 1496 54 57 of
607 1495 88 58 the
752 1495 192 74 capital
1002 1498 256 71 question,
1298 1494 235 58 whether

140 1571 98 59 this
277 1570 296 75 popularity
631 1570 55 57 of
727 1570 363 72 Shakespeare
1150 1573 42 54 is
1252 1569 191 76 gained
1485 1584 49 43 at

139 1663 87 43 too
268 1661 141 64 great
450 1673 30 32 a
520 1661 111 45 cost
671 1649 52 56 in
761 1661 197 44 remote
1005 1646 253 74 Bombay,
1301 1645 235 60 whether

139 1727 51 55 in
231 1724 106 57 fact
376 1722 148 59 these
563 1722 223 58 theatres
826 1721 104 59 and
959 1721 146 59 these
1133 1722 285 58 audiences
1446 1745 87 33 are

139 1814 90 43 not
249 1799 193 73 merely
464 1799 256 75 debasing
741 1797 169 59 works
930 1797 55 57 of
1005 1800 179 74 genius
1198 1813 53 43 to
1268 1820 138 51 gross
1421 1821 111 42 use,

137 1875 107 59 and
283 1874 243 77 defacing
565 1874 106 57 and
718 1874 394 74 counterfeiting
1150 1875 207 75 sterling
1397 1875 135 57 coin.

252 1950 87 58 To
379 1950 96 58 this
517 1954 240 71 question
814 1950 145 58 three
1019 1974 228 34 answers
1307 1975 117 48 may
1463 1950 70 57 be

139 2026 176 60 made.
399 2026 149 67 First,
591 2050 86 34 we
725 2050 98 34 can
883 2041 141 43 trace
1082 2027 131 56 from
1261 2027 143 57 1890
1443 2050 60 33 on-

139 2102 190 67 wards,
372 2102 105 57 and
512 2101 255 75 probably
794 2101 122 75 long
944 2101 198 67 before,
1171 2125 31 33 a
1230 2103 304 56 continuous

139 2181 160 57 series
339 2177 54 58 of
432 2178 384 73 performances
855 2178 53 59 of
949 2177 408 74 Shakespeare's
1388 2177 146 74 plays

140 2257 53 55 in
233 2255 301 57 vernacular
574 2252 348 74 adaptations,
963 2253 268 76 including
1272 2252 87 58 the
1392 2277 106 33 com-

140 2331 142 73 plete
343 2329 419 74 Shakespearian
822 2354 184 44 canon,
1048 2345 192 58 except
1297 2329 86 58 the
1425 2329 73 59 En-

140 2407 132 75 glish
300 2406 218 75 History
553 2406 165 75 plays,
747 2406 55 58 of
833 2406 177 58 which
1039 2404 121 77 only
1188 2406 246 57 Richard
1456 2406 86 58 111

137 2507 169 33 seems
348 2497 52 43 to
440 2482 134 58 have
604 2482 138 58 been
770 2481 174 59 acted.
1012 2481 183 58 These
1223 2482 148 74 plays
1400 2482 134 58 have

139 2558 137 57 been
334 2557 268 66 attended,
647 2557 104 58 and
812 2557 324 73 applauded,
1180 2558 71 72 by
1310 2581 119 34 men
1481 2557 53 57 of

139 2633 68 60 ail
248 2648 184 51 castes,
499 2633 320 66 mill-hands,
888 2632 265 58 workmen
1218 2633 106 57 and
1388 2647 145 60 petty

141 2709 395 75 shop-keepers,
587 2733 53 35 as
703 2709 124 59 well
884 2735 57 33 as
1000 2708 364 58 middle-class
1429 2709 105 59 folk

139 2787 104 57 and
285 2785 250 60 students.
615 2785 157 75 They
823 2810 88 33 are
971 2785 271 74 produced
1301 2785 125 59 with
1466 2784 67 59 all

137 2863 89 57 the
267 2862 259 58 available
564 2886 268 34 resources
892 2860 53 59 of
1004 2876 251 53 costume,
1316 2886 218 51 scenery

137 2938 105 58 and
286 2939 231 75 lighting,
559 2938 104 58 and
711 2938 86 57 the
846 2937 288 59 admirable
1194 2939 174 74 acting
1426 2933 107 63 and

140 3014 347 61 declamation
534 3014 53 57 of
645 3013 86 59 the
774 3013 180 58 Indian
1014 3029 162 60 stage.
1256 3013 122 58 The
1420 3014 85 58 fun-

139 3090 263 60 damental
442 3093 174 72 acting
675 3089 198 75 quality
911 3089 53 58 of
1018 3089 365 74 Shakespeare
1442 3090 92 57 has

140 3168 138 57 been
318 3192 56 33 as
414 3168 314 72 triumphant
788 3169 52 55 in
879 3166 239 74 Bombay
1159 3191 55 33 as
1254 3169 38 55 it
1333 3191 109 34 was
1482 3170 52 57 in

139 3243 188 57 Tudor
369 3241 226 59 London
642 3267 56 31 or
737 3265 56 33 as
833 3244 38 54 it
911 3245 43 53 is
995 3258 52 42 at
1084 3241 88 59 the
1232 3241 116 59 Old
1402 3241 130 68 Vic,

139 3319 185 73 to-day
362 3319 128 58 with
530 3331 91 45 not
658 3318 276 58 dissimilar
972 3318 306 58 audiences.

254 3394 291 75 Secondly,
588 3394 88 58 the
734 3394 195 73 history
968 3395 53 57 of
1059 3395 88 57 the
1207 3418 235 51 progress
1481 3394 56 58 of

143 3470 363 75 Shakespeare
573 3470 220 76 through
859 3465 87 63 the
1006 3471 258 57 centuries
1322 3494 68 34 on
1448 3470 86 57 the

140 3563 169 61 stages
350 3547 53 58 of
444 3547 214 71 Europe
696 3545 200 60 forbids
924 3546 148 74 hasty
1098 3546 287 75 judgment,
1415 3570 118 50 nay,

141 3639 234 61 suggests
441 3622 197 74 charity
701 3624 54 55 in
813 3646 125 49 very
1002 3622 370 68 self-defence,
1440 3622 98 57 lest

143 3700 179 73 Sauny
381 3699 88 57 the
530 3700 146 65 Scot,
718 3723 133 33 once
911 3699 216 73 thought
1172 3724 59 33 so
1292 3714 140 58 great
1471 3723 66 34 an

140 3777 377 73 improvement
554 3800 69 33 on
663 3775 239 67 Grumio,
953 3775 272 58 Caliban's
1286 3776 250 74 Sycorax,

140 3876 57 33 or
224 3878 29 31 a
281 3851 240 58 hundred
549 3851 146 58 other
719 3850 174 59 horrid
915 3852 288 67 witnesses,
1226 3851 70 58 be
1317 3847 224 80 brought

140 3928 225 59 forward
404 3944 52 43 to
498 3927 186 76 testify,
727 3927 103 59 and
871 3953 145 34 some
1057 3928 53 59 of
1137 3953 93 34 our
1259 3942 141 61 great
1433 3927 107 60 folk

141 4030 189 52 among
369 4021 167 42 actors
577 4005 104 58 and
722 4005 288 58 dramatists
1051 4005 105 58 end
1194 4007 52 57 in
1287 4005 87 58 the
1402 4005 139 58 dock

143 4081 153 76 along
336 4082 127 57 with
506 4081 106 59 Mr.
656 4081 262 59 Thacker.

258 4157 222 75 Finally,
535 4158 88 57 the
682 4158 192 74 history
936 4157 52 57 of
1053 4156 88 59 the
1197 4156 346 59 Elizabethan

145 4257 99 53 age
287 4248 144 61 stage
471 4232 106 60 and
619 4232 195 70 drama,
858 4259 55 33 as
941 4232 122 76 they
1090 4232 340 76 developped
1457 4247 89 45 out

1574 210 53 60 of
1665 211 88 59 the
1795 210 227 61 Miracle
2075 213 105 58 and
2240 211 251 78 Morality
2549 213 146 76 plays
2748 215 220 78 through

1574 289 191 57 artistic
1805 287 157 59 chaos
2002 290 106 56 into
2148 289 299 73 splendour,
2492 289 147 59 show
2676 290 125 60 how
2846 294 122 73 they

1574 362 157 58 owed
1773 361 131 60 their
1943 379 262 60 greatness
2258 380 89 42 not
2385 364 122 73 only
2547 379 50 43 to
2638 365 88 58 the
2785 371 182 71 genius

1575 439 53 58 of
1668 464 119 32 men
1828 439 103 58 like
1974 440 378 74 Shakespeare,
2395 441 93 59 but
2525 441 110 57 also
2663 456 51 44 to
2742 442 88 60 the
2856 468 74 35 mu-

1576 515 104 57 tual
1722 514 284 59 education
2045 516 53 57 of
2155 516 312 75 playwright
2524 516 104 58 and
2688 519 276 59 audience.

1576 590 121 58 The
1736 590 330 58 foundations
2125 591 135 60 have
2313 592 140 57 been
2492 591 105 58 laid
2638 595 53 56 in
2731 595 236 75 Bombay

1575 665 77 58 for
1689 666 129 58 such
1846 666 369 75 development
2240 667 105 59 and
2371 667 129 59 such
2526 693 250 50 progress.
2845 672 122 57 The

1578 756 106 43 two
1722 742 188 59 factors
1951 766 276 51 necessary
2266 759 51 42 to
2369 768 237 52 progress
2666 769 118 52 may
2842 747 126 59 well

1576 834 306 57 co-operate
1920 818 342 74 increasingly
2301 818 129 59 both
2469 835 51 40 to
2566 820 169 76 purify
2773 823 104 58 and
2917 837 52 44 to

1579 892 138 58 exalt
1745 893 95 57 this
1873 893 469 75 long-established
2371 893 291 76 popularity
2690 896 53 58 of
2769 897 167 60 Shake-

1579 992 203 50 speare,
1824 968 176 59 which
2040 972 42 55 is
2122 994 135 34 even
2296 994 124 34 now
2479 969 99 59 less
2639 973 186 74 simply
2875 973 63 59 ba-

1579 1044 95 59 sed
1716 1069 142 49 upon
1898 1044 77 59 his
2017 1069 207 49 powers
2263 1046 54 57 of
2345 1048 409 66 entertainment,
2781 1072 188 54 among

1579 1119 87 60 the
1707 1121 260 73 populace
2008 1121 53 58 of
2101 1147 32 32 a
2173 1123 104 73 city
2303 1122 54 57 of
2384 1122 212 58 another
2623 1123 347 76 hemisphere,

1579 1196 54 59 of
1672 1221 30 32 a
1741 1196 411 74 fundamentally
2192 1197 239 58 different
2473 1197 324 63 civilization.

1579 1363 288 45 SCHOOL
1932 1363 150 45 AND
2146 1363 329 45 COLLEGE
2545 1363 425 49 AMATEURS.

1584 1504 81 126 IT
1703 1502 43 55 is
1787 1503 300 72 interesting
2127 1516 53 41 to
2220 1500 221 59 observe
2481 1500 86 59 the
2595 1503 378 60 unmistakable

1663 1590 108 44 zest
1810 1575 126 57 with
1976 1575 176 59 which
2191 1575 179 59 school
2411 1577 104 57 and
2569 1577 204 77 college
2832 1604 106 33 ama-

1580 1665 112 44 teur
1730 1651 292 59 theatricals
2082 1651 133 74 busy
2272 1653 311 58 themselves
2643 1653 184 59 almost
2884 1681 60 33 ex-

1580 1725 252 75 clusively
1890 1728 128 58 with
2079 1728 366 73 Shakespeare
2498 1731 54 55 in
2591 1729 236 77 English,
2869 1730 104 59 and

1581 1803 134 57 have
1773 1804 76 57 for
1914 1804 276 57 favourites
2271 1803 259 74 precisely
2602 1804 146 60 those
2827 1806 148 74 plays

1581 1877 176 59 which
1816 1879 135 58 have
2017 1879 140 58 been
2221 1894 134 43 most
2413 1880 283 58 successful
2755 1905 68 35 on
2888 1883 88 58 the

1583 1955 218 72 popular
1840 1970 164 60 stage,
2066 1955 209 57 Romeo
2341 1958 110 55 and
2503 1956 176 69 Juliet,
2740 1956 235 70 Othello,

1590 2030 111 57 The
1759 2030 286 60 Merchant
2083 2032 70 68 of
2193 2030 207 61 Venice.
2481 2031 120 59 The
2646 2032 142 59 New
2828 2034 150 76 High

1585 2106 198 57 School
1823 2109 53 56 in
1915 2107 253 73 Bombay,
2210 2106 166 59 under
2418 2106 106 60 Mr.
2568 2107 280 69 Murzban,
2884 2110 93 58 has

1583 2180 379 78 distinguished
2003 2182 135 59 itself
2177 2182 286 74 especially
2502 2186 52 55 in
2601 2184 98 58 this
2750 2201 225 59 respect.

1583 2257 136 59 And
1778 2258 145 59 there
1989 2283 88 34 are
2136 2261 221 71 positive
2418 2264 341 71 suggestions,
2801 2276 52 43 to
2892 2286 85 50 my

1581 2335 162 67 mind,
1785 2335 107 58 that
1932 2335 87 58 the
2060 2336 219 72 popular
2317 2351 144 61 stage
2489 2360 119 51 may
2634 2352 181 44 attract
2842 2339 101 58 Uni-

1583 2413 190 72 versity
1801 2411 149 58 Wits
1980 2411 126 57 both
2131 2435 56 33 as
2216 2426 165 43 actors
2408 2411 106 58 and
2543 2436 54 33 as
2625 2412 350 76 playwrights,

1581 2486 230 73 inspired
1873 2487 72 75 by
1983 2487 86 57 the
2108 2487 186 59 classic
2355 2487 366 75 Shakespeare
2778 2492 53 56 in
2889 2490 89 58 the

1580 2562 215 77 original
1835 2576 52 44 to
1934 2562 186 60 reform
2172 2563 105 57 and
2317 2580 259 42 re-create
2637 2565 86 58 the
2775 2565 174 77 indige-

1580 2662 130 36 nous
1769 2638 181 60 drama
2009 2642 54 55 in
2116 2642 132 71 spite
2307 2639 54 59 of
2399 2639 88 59 the
2544 2657 207 56 present
2816 2642 162 58 social

1580 2714 315 74 prejudices.
1992 2716 62 57 A
2093 2714 187 59 former
2346 2716 211 58 student
2620 2718 54 57 of
2738 2720 139 55 mine
2925 2721 53 56 in

1583 2791 346 73 Elphinstone
1997 2789 223 77 College
2285 2791 55 58 of
2404 2792 88 57 the
2559 2792 303 75 University
2926 2794 53 58 of

1581 2867 254 75 Bombay,
1879 2892 31 32 a
1948 2866 226 59 brilliant
2214 2869 170 56 comic
2422 2883 159 52 actor,
2611 2868 257 60 informed
2895 2893 83 34 me

1581 2944 108 59 that
1727 2943 68 58 he
1835 2943 254 58 intended
2130 2958 53 43 to
2223 2943 179 60 follow
2461 2944 87 59 the
2590 2961 143 59 stage
2783 2946 168 74 profes-

1581 3018 221 75 sionally
1844 3045 55 33 as
1939 3033 144 45 actor
2121 3018 106 60 and
2267 3019 280 61 dramatist.

1579 3179 159 46 THE
1795 3178 378 44 TROUBLE
2237 3178 216 46 WITH
2516 3179 155 45 THE
2736 3181 240 44 BARD.

1585 3314 247 157 AND
1880 3306 58 64 of
1978 3333 197 37 course
2223 3305 404 84 Shakespeare,
2679 3335 133 38 now
2860 3309 117 64 that

1790 3398 71 63 he
1908 3400 44 61 is
1999 3424 145 56 gone
2191 3398 136 63 aloft
2373 3398 111 64 and
2517 3398 235 66 become
2785 3428 35 36 a
2851 3427 129 38 man

1583 3488 58 63 of
1689 3516 176 45 sense,
1917 3516 273 56 approves
2238 3489 70 65 all
2355 3489 108 65 this
2517 3490 247 83 entirely.

1722 3580 134 65 The
1901 3580 219 64 trouble
2168 3580 139 65 with
2352 3580 94 65 the
2497 3580 151 66 Bard
2721 3610 118 38 was
2887 3582 94 63 the

1584 3671 217 64 trouble
1849 3671 139 64 with
2044 3699 62 36 us
2168 3671 70 64 all
2288 3676 52 59 in
2404 3672 242 82 Europe.
2747 3673 235 81 Suggest

1587 3780 58 47 to
1668 3762 112 66 him
1805 3766 55 61 in
1898 3763 15 64 1
1934 3762 130 66 608
2092 3762 118 66 that
2234 3791 155 37 some
2417 3765 61 63 of
2502 3765 83 63 his
2618 3765 132 64 lines
2783 3765 199 64 should

1588 3852 71 66 be
1706 3871 93 47 cut
1847 3852 112 66 and
2006 3855 72 63 he
2148 3853 192 65 would
2395 3855 145 66 have
2610 3855 153 66 cried
2887 3872 95 49 cut

1587 3973 167 56 away
1969 3946 245 83 Suggest-
2279 3946 122 65 that
2473 3945 185 66 whole
2723 3964 116 47 acts
2910 3946 73 66 be

1588 4035 230 76 altered,
1870 4036 111 65 and
2028 4038 73 63 he
2148 4038 192 66 would
2373 4066 162 53 agree
2567 4055 58 47 to
2657 4039 144 65 have
2831 4038 151 66 them

1589 4129 232 75 altered,
1872 4158 62 36 so
1981 4129 130 83 long
2175 4158 58 36 as
2280 4130 74 65 he
2418 4130 198 66 wasn't
2688 4130 171 65 asked
2924 4148 58 47 to

1593 4238 98 65 put
1736 4224 55 63 in
1838 4222 156 65 three
2041 4248 62 39 or
2149 4220 122 67 four
2327 4240 156 47 extra
2545 4222 207 68 weeks'
2804 4222 176 67 work.
