3119 4511
2813 107 81 43 103

71 198 54 56 of
150 197 103 59 line
282 197 142 57 there
464 198 43 56 is
546 221 172 35 none:
761 197 86 57 the
889 197 176 59 colour
1104 221 108 35 was
1251 197 108 59 that
1410 197 53 59 of

71 297 99 51 any
210 273 147 58 other
395 273 192 68 cellar;
629 273 88 59 the
757 273 318 59 stone-work
1109 297 141 35 more
1277 299 57 33 or
1360 273 102 59 less

70 348 329 75 realistically
438 348 218 59 dabbed
696 351 54 54 in
789 350 71 73 by
898 348 140 76 good
1079 352 383 70 scenepainters

73 424 103 58 and
217 423 153 59 made
413 438 51 44 to
503 423 120 59 look
663 447 123 50 very
825 419 121 64 real.

186 501 120 57 The
353 501 304 73 performers
705 499 310 74 (especially
1062 501 240 57 Fraulein
1354 499 72 75 Ey-

73 574 160 73 soldt)
242 623 11 19 ,
315 600 143 33 were
518 598 141 34 more
699 600 57 33 or
814 574 102 59 less
977 574 223 59 realistic
1240 578 52 55 in
1331 574 132 59 their

71 654 199 56 actions
309 652 105 57 and
455 652 131 57 their
625 651 217 73 speech.
924 652 42 57 If
1004 652 245 75 anything
1277 676 31 33 a
1334 651 127 58 little

71 742 87 42 too
216 725 162 75 jerky,
438 727 93 57 but
591 737 148 55 ernst,
800 751 124 49 very
983 725 290 75 admirably
1311 737 147 48 ernst.

74 803 161 58 Some
257 805 170 55 critics
442 803 112 57 said
571 802 106 57 that
690 802 86 57 the
793 818 213 56 attempt
1019 817 52 43 to
1084 803 68 57 be
1169 802 294 75 downright

71 882 201 54 sincere
299 893 53 42 at
379 879 67 57 all
474 893 127 51 cost,
632 892 111 43 cost
770 903 29 32 a
827 879 140 74 good
996 878 119 58 deal
1156 894 86 42 too
1269 879 155 57 much
1446 903 12 33 :

71 954 88 57 the
186 953 217 73 tragedy
430 977 157 33 never
615 954 215 57 seemed
859 968 52 43 to
940 953 149 58 wake
1118 978 71 48 up
1305 977 157 34 never

71 1029 205 58 thrilled
303 1056 11 40 ;
380 1030 90 57 but
529 1053 259 50 everyone
826 1029 105 57 had
973 1044 52 42 to
1066 1029 161 58 admit
1267 1030 107 57 that
1424 1032 39 54 it

71 1129 110 35 was
221 1104 201 58 treated
464 1104 67 57 all
572 1129 123 49 very
734 1104 155 57 much
936 1128 141 33 more
1137 1103 326 75 realistically

73 1181 123 58 than
235 1181 173 58 Berlin
449 1180 105 59 had
598 1181 138 58 been
776 1180 337 59 accustomed
1153 1197 53 42 to
1260 1206 92 33 see
1399 1184 62 53 its

74 1256 236 59 Elektras
352 1255 219 60 treated.
653 1256 212 59 Elektra
905 1256 191 59 herself
1133 1282 111 33 was
1272 1256 190 74 clearly

75 1333 211 58 defined
315 1357 56 33 as
432 1357 31 33 a
501 1355 174 51 young
720 1357 206 34 woman
985 1336 53 55 in
1089 1333 180 58 revolt.
1353 1333 109 58 She

70 1407 160 60 hated
271 1407 400 67 Klitemnestra;
703 1433 100 33 one
831 1407 157 59 could
1018 1433 88 33 see
1134 1409 107 57 that
1269 1407 194 74 plainly

173 1484 91 57 she
292 1508 108 33 was
428 1482 160 74 really
615 1486 142 70 quite
786 1508 138 33 cross
953 1482 103 59 and
1086 1482 222 60 worried
1338 1484 123 63 and,

75 1561 141 57 what
254 1562 43 55 is
338 1584 158 42 more,
526 1555 93 61 she
647 1559 260 58 launched
934 1560 92 57 her
1052 1562 258 55 invective
1338 1560 127 57 with

71 1636 127 57 such
238 1636 142 57 force
421 1637 37 55 it
498 1636 216 56 seemed
774 1634 175 76 nearly
1015 1650 52 43 to
1128 1636 189 57 shatter
1374 1635 92 57 her

73 1736 157 47 every
271 1714 122 54 time
433 1710 93 57 she
568 1710 93 57 did
703 1714 56 54 it.

186 1787 186 59 When
400 1787 18 56 1
449 1810 109 34 saw
597 1787 87 56 the
715 1788 151 72 piece
897 1787 16 56 I
943 1787 296 57 remember
1263 1786 194 75 feeling

73 1886 138 51 sorry
249 1862 76 57 for
366 1861 97 60 this
502 1886 174 51 young
717 1877 210 42 actress.
1011 1862 18 57 I
1070 1877 133 42 must
1255 1862 210 73 explain

70 1938 108 57 that
217 1938 20 56 I
278 1962 108 33 was
428 1962 245 35 unaware
713 1940 38 55 it
790 1961 109 33 was
940 1937 85 57 the
1067 1954 142 61 great
1241 1937 224 75 Eysoldt

71 2016 122 57 who
233 2039 109 34 was
383 2013 181 59 before
602 2039 84 33 me
727 2013 104 57 and
873 2016 15 53 I
917 2037 109 33 was
1068 2039 139 49 sorry
1235 2015 228 57 because

78 2092 16 55 I
139 2089 247 59 believed
426 2089 106 59 that
572 2114 143 33 some
755 2114 172 50 young
981 2088 321 76 understudy
1359 2089 106 58 had

74 2167 138 57 been
266 2181 90 58 put
408 2190 69 33 on
516 2180 52 43 at
619 2190 30 32 a
696 2164 273 58 moment's
1033 2167 173 56 notice
1265 2181 54 42 to
1357 2163 110 75 pull

73 2236 218 80 through
421 2242 103 57 and
574 2241 18 55 I
651 2239 307 75 applauded
1019 2239 194 75 loudly.
1296 2242 19 57 I
1357 2263 109 36 was

73 2317 221 58 rivetted
353 2342 141 48 upon
554 2317 91 57 her
704 2318 187 74 doings
940 2316 106 58 and
1086 2321 206 72 sayings
1448 2317 18 57 I

73 2418 110 33 was
245 2418 58 33 so
364 2397 231 54 anxious.
678 2393 185 58 When
903 2394 38 55 it
990 2417 110 34 was
1161 2393 67 57 all
1269 2417 125 34 over
1448 2393 19 57 I

74 2468 193 58 looked
309 2484 51 42 at
399 2469 85 57 the
526 2492 323 51 programme
971 2492 110 50 yes,
1112 2469 36 56 it
1176 2493 111 33 was
1387 2469 80 57 die

78 2545 225 70 Eysoldt
323 2550 13 53 !
364 2552 11 52 !
488 2545 17 58 I
546 2544 162 59 asked
748 2570 87 48 my
873 2544 289 74 neighbour
1200 2545 40 59 if
1279 2547 40 54 it
1357 2570 110 33 was

75 2622 90 58 she
192 2647 13 41 ;
247 2620 67 59 he
356 2620 112 60 said
507 2623 37 54 it
585 2644 110 35 was
734 2620 106 57 and
880 2617 115 60 said
1021 2620 69 59 he
1119 2644 111 35 was
1259 2644 57 35 so
1345 2620 122 77 glad

74 2712 52 43 to
168 2699 176 55 notice
384 2697 124 58 how
546 2695 207 59 thrilled
795 2695 18 57 I
855 2695 105 57 had
1004 2695 156 57 been.

190 2773 120 57 The
352 2771 174 60 whole
568 2771 309 73 production
905 2771 53 59 of
983 2771 99 59 this
1110 2770 216 78 tragedy
1353 2797 110 34 was

74 2848 262 75 adequate
466 2863 91 43 not
596 2872 156 33 more.

191 2924 171 60 Much
402 2949 141 33 more
583 2924 122 58 than
746 2923 263 73 adequate
1057 2948 109 33 was
1214 2923 88 58 the
1350 2948 87 50 pro-

78 3000 213 58 duction
332 3001 53 57 of
494 2999 212 58 Kabale
746 2999 104 58 and
883 2999 170 58 Liebe
1146 2999 23 72 (
1367 3000 100 71 16)

83 3075 269 60 Schiller's
393 3075 226 60 brilliant
658 3075 178 58 drama
877 3079 52 54 in
978 3075 158 58 1904.

192 3154 55 57 In
289 3152 96 58 this
427 3151 292 60 Reinhardt
760 3150 174 67 acted,
964 3151 104 57 and
1096 3150 258 58 Valentin
1381 3166 86 42 too

73 3227 105 59 and
221 3230 168 57 Lucie
431 3229 214 58 Hoflich
686 3227 119 59 who
868 3227 125 58 later
1054 3227 219 59 became
1335 3229 132 58 Frau

75 3304 306 59 Reinhardt.
446 3305 257 57 Emanuel
732 3304 230 58 Reicher
988 3304 105 57 and
1122 3304 345 58 Winterstein

73 3404 141 35 were
235 3384 52 55 in
306 3381 88 57 the
417 3396 108 42 cast
546 3380 174 58 which
742 3405 110 33 was
874 3405 56 32 as
952 3379 141 76 good
1120 3405 66 38 an
1204 3380 263 58 all-round

78 3472 109 42 cast
226 3483 56 33 as
310 3459 37 55 it
375 3456 156 58 could
572 3456 232 74 possibly
831 3457 70 57 be
929 3456 219 58 wished.
1217 3456 137 58 And
1382 3456 85 57 the

75 3535 174 56 scenic
277 3532 113 57 side
419 3532 52 57 of
499 3532 87 57 the
615 3531 144 60 work
779 3556 109 33 was
911 3531 303 58 admirable.
1260 3533 84 56 As
1366 3556 101 49 you

74 3633 90 33 see
188 3608 70 75 by
278 3608 88 59 the
389 3611 199 70 picture
606 3608 141 58 here.
781 3607 160 69 Neat,
959 3607 292 73 gemutlich,
1274 3607 189 67 clever,

75 3685 211 73 nothing
309 3685 310 66 over-done,
643 3709 57 33 or
727 3682 362 67 under-done;
1113 3687 38 55 it
1173 3709 109 33 was
1325 3687 142 70 quite

74 3785 99 33 one
191 3761 52 58 of
264 3761 86 57 the
374 3762 114 56 best
508 3761 167 73 things
690 3760 98 58 this
804 3760 234 58 German
1053 3761 107 57 firm
1175 3784 123 33 ever
1316 3785 149 51 gave.

78 3838 86 56 As
204 3840 41 54 is
286 3836 212 59 natural.
581 3838 101 56 For
720 3836 88 57 the
850 3836 259 58 Germans
1151 3861 86 33 are
1278 3836 71 75 by
1376 3861 58 33 na-

75 3927 111 43 ture
245 3913 121 56 able
428 3928 52 42 to
540 3912 121 60 deal
703 3912 127 60 with
883 3912 88 58 the
1010 3911 124 59 kind
1175 3912 53 57 of
1269 3912 194 60 drama.

78 3988 294 60 Reinhardt
430 3989 155 58 acted
645 3988 336 74 splendidly;
1042 3988 194 76 though
1296 4003 89 44 not
1435 4014 30 33 a

141 4081 143 58 great
412 4064 358 75 performance
835 4067 39 54 it
931 4088 111 35 was
1110 4064 168 59 better
1344 4064 122 59 than

144 4158 142 61 great
374 4167 12 34 :
430 4144 36 56 it
506 4166 112 34 was
656 4141 274 59 excellent.

195 4219 175 59 Scene
428 4217 130 59 after
615 4242 157 34 scene
832 4241 109 34 was
982 4231 122 44 neat
1142 4217 104 58 and
1288 4215 137 76 good
1451 4241 11 42 ;

1510 197 69 59 all
1618 211 141 45 went
1797 196 205 75 rapidly
2042 223 68 33 on
2134 224 11 40 ;
2276 197 161 67 there,
2482 197 103 59 and
2613 212 89 45 not
2730 202 160 65 since,

1510 297 87 35 we
1636 272 104 59 had
1781 297 32 34 a
1855 275 222 73 genuine
2117 272 293 60 Reinhardt
2450 275 231 58 German
2728 275 164 59 show.

1623 348 102 59 For
1833 350 212 57 Salome
2147 350 22 71 (
2820 351 88 57 Pla
2378 351 101 70 17)
2506 350 104 58 had
2637 366 89 43 not
2754 352 138 57 been

1510 427 141 71 quite
1675 427 252 71 genuine:
1956 428 37 55 it
2021 449 108 35 was
2157 426 86 57 the
2271 426 281 76 beginning
2578 426 55 57 of
2657 426 87 57 the
2771 427 121 57 end.

1623 499 265 59 Someone
1928 498 106 59 had
2074 501 109 58 told
2222 499 86 59 the
2349 499 257 74 producer
2646 501 106 58 that
2804 502 89 74 big

1508 574 123 59 blue
1672 574 183 66 cloths,
1885 576 264 58 unnatural
2177 577 187 72 acting,
2394 576 197 72 plainer
2611 579 285 74 costuming

1509 649 104 59 and
1654 649 302 59 decorative
1995 652 180 57 effects
2220 675 144 34 were
2410 653 157 75 being
2613 652 132 58 used
2789 667 107 43 two

1508 750 147 49 years
1697 727 293 73 previously
2018 729 51 55 in
2100 727 241 66 London,
2374 725 103 59 and
2507 727 106 57 that
2703 728 128 75 style

1507 804 53 55 in
1588 812 141 47 mise-
1739 827 234 33 en-scene
1998 827 109 33 was
2134 826 121 34 now
2275 818 51 45 to
2347 802 210 73 replace
2641 802 259 58 historical

1508 902 255 50 accuracy
2017 878 283 58 actualities
2425 878 134 58 And
2611 878 290 58 Reinhardt

1509 953 113 57 said
1664 957 142 69 quite
1847 953 184 73 simply
2140 953 101 75 My
2281 953 126 57 dear
2436 953 267 67 Edmund,
2745 954 38 59 if
2811 955 90 58 der

1505 1030 97 57 stil
1648 1030 41 56 is
1757 1054 34 32 a
1843 1030 52 56 la
1938 1032 150 55 mode
2126 1033 54 54 in
2220 1029 85 57 the
2365 1030 231 57 Theatre
2643 1054 87 33 we
2769 1046 131 43 must

1508 1104 70 58 be
1618 1106 52 56 in
1730 1104 88 57 der
1866 1105 86 57 stil
2110 1105 133 57 And
2283 1105 67 57 he
2390 1120 78 42 set
2507 1104 78 58 his
2624 1120 179 60 agents
2849 1120 52 42 at

1508 1180 146 60 work
1692 1195 52 42 to
1785 1181 181 58 search
2004 1180 78 59 for
2120 1183 37 56 it
2196 1180 69 59 all
2304 1180 198 59 around
2557 1181 265 70 Germany
2837 1185 40 36 (l)
2886 1230 10 10 .

1508 1255 99 58 All
1634 1255 86 58 the
1759 1255 104 58 talk
1903 1272 52 43 at
1992 1256 106 59 that
2138 1259 122 56 time
2302 1280 109 33 was
2450 1258 159 57 about
2634 1258 97 57 this
2759 1258 142 58 thine

2872 1310 30 22 O

1509 1355 122 36 new
1670 1345 54 43 to
1762 1333 256 57 Theatres
2175 1334 87 56 der
2319 1333 124 66 still,
2503 1333 103 57 and
2666 1334 86 57 the
2799 1336 102 56 aim

1509 1432 111 34 was
1660 1421 51 44 to
1750 1409 263 57 stilisieren
2042 1409 49 39 (2)
2133 1409 298 73 everything
2472 1433 66 33 on
2591 1409 86 57 the
2737 1424 161 60 stage.

1626 1482 82 58 It's
1750 1507 31 33 a
1819 1508 163 49 queer
2021 1482 143 75 thing
2202 1498 54 43 to
2281 1484 203 66 realise,
2514 1484 108 57 that
2648 1484 129 72 style
2804 1509 97 33 can

1510 1574 91 43 not
1640 1559 70 57 be
1752 1559 161 58 found
1956 1560 70 74 by
2065 1560 268 75 searching
2374 1560 77 57 for
2477 1562 39 55 it
2553 1562 53 55 in
2633 1560 108 57 that
2766 1584 132 51 way.

1628 1635 134 67 Still,
1804 1635 123 73 they
1966 1635 215 58 worked
2222 1634 129 59 hard
2379 1634 104 59 and
2511 1635 221 58 became
2760 1661 142 33 more

1512 1710 105 58 and
1645 1734 141 33 more
1814 1710 300 58 decorative
2135 1711 107 57 and
2270 1710 100 58 less
2398 1711 105 57 and
2531 1710 102 58 less
2660 1711 240 60 realistic.

1627 1786 339 58 Innerlich....
2004 1787 281 57 ausserlich
2323 1811 111 33 was
2473 1786 67 57 all
2580 1811 123 50 very
2760 1787 140 68 well,

1514 1861 216 74 thought
1771 1861 87 58 the
1899 1861 152 67 Firm,
2095 1862 94 59 but
2230 1886 86 35 v/e
2355 1877 135 44 must
2529 1861 101 60 first
2670 1877 89 61 get
2784 1865 38 56 it
2848 1866 53 55 in

1513 1937 180 58 before
1734 1940 38 54 it
1811 1962 98 32 can
1950 1962 150 33 come
2140 1952 106 45 out.

1627 2013 135 57 And
1804 2013 123 59 then
1955 2015 171 73 began
2153 2015 86 57 the
2267 2013 259 74 complete
2556 2016 349 75 Craigization

1513 2088 54 57 of
1604 2088 88 57 the
1734 2105 142 57 great
1915 2089 136 58 Firm
2088 2089 55 59 of
2182 2089 291 59 Reinhardt
2501 2091 46 40 (3)
2553 2136 11 12 .

1627 2164 144 60 That
1810 2190 109 33 was
1947 2167 159 57 about
2133 2166 86 58 the
2247 2190 123 51 year
2406 2166 222 58 1901-5.
2672 2166 41 57 It
2738 2164 106 59 had
2873 2191 31 32 a

1514 2239 159 60 while
1688 2241 184 57 earlier
1886 2242 137 57 been
2045 2244 164 73 trying
2225 2257 52 42 to
2294 2242 141 57 learn
2446 2243 47 40 (4)
2515 2242 128 58 from
2660 2242 246 58 Moscow

1518 2316 293 59 Moscow's
1841 2316 288 74 speciality,
2159 2327 61 57 ie,
2249 2316 122 59 how
2397 2332 52 43 to
2477 2317 71 57 do
2571 2318 85 57 the
2684 2317 223 58 realistic

1515 2393 166 75 plays.
1761 2393 85 57 To
1900 2418 29 32 a
1985 2396 195 55 certain
2238 2408 175 43 extent
2470 2396 39 55 it
2556 2393 154 58 made
2768 2394 139 75 good

1515 2469 124 56 here
1667 2487 10 43 ;
1788 2468 277 58 Nachtazil
2159 2470 47 40 (5)
2248 2493 112 35 was
2399 2483 91 42 not
2549 2468 216 75 entirely
2817 2469 88 57 the

1517 2544 115 57 best
1674 2543 249 60 Moscow
1962 2544 105 59 Art
2105 2544 232 59 Theatre
2378 2544 166 59 brand
2582 2544 95 60 but
2714 2547 37 56 it
2797 2568 109 35 was

1515 2644 66 35 an
1639 2619 184 58 honest
1881 2636 219 58 attempt
2139 2637 52 40 to
2230 2622 70 57 be
2429 2622 104 57 and
2573 2623 37 56 it
2648 2620 259 60 achieved

1514 2721 32 33 a
1587 2694 209 60 distinct
1837 2719 209 35 success
2088 2697 104 58 and
2232 2721 90 34 ran
2360 2699 108 55 into
2507 2697 99 57 five
2667 2697 240 58 hundred

1515 2773 400 73 performances.

1630 2848 157 57 Then
1894 2848 123 58 The
2077 2846 259 60 Winter's
2378 2846 136 60 Tale
2601 2874 13 33 :
2784 2848 124 58 here

1515 2923 88 59 the
1645 2924 316 58 Reinhardts
2004 2924 247 58 believed
2293 2924 122 75 they
2454 2924 105 58 had
2587 2940 88 60 got
2702 2924 124 60 hold
2854 2924 54 58 of

1517 3000 87 57 the
1645 3003 161 71 Craig
1848 3003 178 55 notion
2049 3027 13 40 ;
2103 3000 93 58 but
2248 3000 159 58 while
2448 3000 87 57 the
2595 3001 312 71 production

1517 3075 155 58 made
1711 3079 145 70 quite
1898 3100 30 33 a
1969 3079 86 54 stir
2095 3075 104 58 and
2239 3100 31 33 a
2317 3099 226 43 success,
2599 3076 86 57 the
2746 3099 161 53 group

1515 3151 92 59 felt
1645 3155 39 55 it
1724 3151 104 59 had
1870 3168 90 42 not
2001 3154 142 71 quite
2186 3168 88 58 got
2313 3151 127 59 hold
2479 3152 54 56 of
2573 3152 89 56 der
2702 3154 101 57 stil.

1634 3227 294 59 Meantime
1968 3229 87 57 the
2096 3230 164 56 artists
2288 3227 260 59 collected
2576 3229 235 75 together
2837 3226 71 75 by

1517 3304 292 58 Reinhardt
1931 3304 283 73 designers,
2256 3319 143 60 stage
2459 3329 282 50 managers,
2803 3302 104 60 and

1515 3404 120 33 men
1675 3380 130 58 with
1832 3379 175 59 clever
2032 3384 221 57 notions,
2285 3404 142 34 were
2454 3380 124 72 kept
2606 3396 50 41 at
2683 3380 224 59 work....

1632 3517 40 39 (1)
1700 3514 255 34 Reiiihardt's
1991 3525 125 32 group
2154 3525 104 24 were
2296 3520 68 29 not
2401 3515 114 34 alone
2552 3516 38 32 in
2627 3515 169 41 hunting
2831 3516 78 33 this

1515 3561 225 33 cockatrice
1762 3573 8 21 :
1797 3571 118 30 many
1941 3572 22 22 a
1990 3562 125 41 hardy
2144 3563 169 32 German
2340 3561 158 34 scholar
2524 3561 77 33 and
2638 3561 114 33 artist
2770 3561 140 42 joined

1517 3608 38 31 in
1581 3608 68 33 the
1675 3611 115 37 quest
1807 3606 44 33 of
1871 3607 105 34 what
2002 3607 29 34 it
2057 3612 103 29 must
2187 3608 47 33 be
2253 3607 191 34 admitted
2469 3618 80 23 was
2567 3607 169 41 anyhow
2754 3617 23 22 a
2801 3607 88 34 fabu-

1515 3653 87 33 lous
1627 3653 101 33 little
1754 3652 160 34 animal.

1630 3700 49 42 (2)
1705 3698 235 34 Stilisieren.
1977 3708 38 24 v.
2044 3709 35 23 a.
2107 3702 39 28 to
2183 3699 112 32 write
2336 3698 197 41 elegantly
2557 3708 46 23 or
2627 3698 203 42 carefully,
2869 3702 40 30 to

1515 3744 109 34 work
1649 3749 38 28 to
1712 3745 145 32 reduce
1882 3749 39 28 to
1945 3744 255 42 geometrical
2226 3743 133 34 forms.
2387 3747 11 38 (
2411 3744 246 39 Tauchnitz).

1630 3793 46 38 (3)
1705 3791 87 33 The
1816 3791 139 32 reader
1990 3789 81 34 will
2114 3789 80 33 find
2231 3789 261 34 illuminatiou
2528 3800 50 22 on
2606 3790 77 32 this
2709 3789 110 40 point
2859 3789 51 41 by

1514 3835 199 41 studying,
1741 3836 40 33 in
1806 3837 68 32 the
1900 3836 99 40 light
2017 3836 43 33 of
2081 3836 66 31 the
2169 3836 216 33 Reinhardt
2410 3835 241 41 Cempany's
2670 3835 96 32 later
2783 3836 124 39 work,

1514 3882 66 32 the
1606 3887 78 27 two
1708 3882 160 41 designs
1908 3882 51 41 by
1998 3880 158 36 Gordon
2193 3881 120 44 Craig
2348 3881 248 43 reproduced
2621 3881 39 33 in
2697 3881 127 41 plates
2869 3891 40 32 14

1514 3927 79 33 and
1626 3930 51 31 18.

1629 3974 51 40 (4)
1708 3975 23 16 44
1753 3974 131 31 Learn
1919 3976 40 29 to
1991 3972 124 33 dance
2215 3974 22 15 44
2257 3973 111 32 learn
2392 3975 42 30 to
2469 3972 48 34 be
2547 3982 77 31 gay
2644 3972 23 16 n
2675 3997 8 15 ,
2723 3975 23 14 44
2766 3972 83 32 will
2869 3976 40 29 to

1513 4017 126 34 dance
1727 4022 23 14 44
1771 4019 84 33 wi11
1855 4043 54 9 ....
1929 4018 22 16 n
1979 4018 78 34 and
2082 4028 43 22 so
2151 4028 49 23 on
2227 4018 78 33 and
2330 4028 43 23 so
2399 4028 63 30 on,
2490 4028 81 23 was
2589 4018 118 41 being
2723 4017 186 44 repeated

1514 4064 78 33 and
1617 4064 189 42 repeated
1831 4064 51 33 all
1908 4074 96 23 over
2030 4066 198 40 Germany
2255 4064 39 32 in
2320 4073 87 33 iqoo
2432 4064 78 33 and
2535 4073 99 29 iqos.

1630 4113 49 39 (5I
1708 4110 152 33 Maxim
1902 4110 159 34 Gorki's
2100 4110 89 41 play
2227 4109 144 34 known
2397 4114 39 28 to
2463 4120 45 22 us
2533 4120 44 22 as
2615 4113 24 14 44
2660 4109 85 33 The
2772 4110 138 32 Lower

1515 4156 155 40 Depths
1773 4156 83 33 first
1898 4155 201 42 produced
2135 4156 55 44 by
2232 4155 284 41 Stanislawsky
2549 4156 39 33 in
2616 4156 175 32 Moscow
2832 4153 77 33 and

1513 4212 96 22 soon
1636 4201 100 33 after
1761 4201 39 33 in
1828 4201 129 34 Berlin
1997 4201 54 46 by
2096 4200 255 34 Reinhardt's
2388 4212 140 31 group,
2565 4201 187 35 Valentin
2793 4200 116 41 again

1514 4248 121 39 doing
1660 4259 21 22 a
1706 4248 117 33 lion's
1847 4248 128 33 share.
