3116 4381
154 435 1046 264 THE
1454 435 1494 284 MASK

190 907 279 158 19
606 912 97 158 0
850 912 96 158 8
2201 922 280 158 19
2623 928 86 157 2
2862 928 76 157 7

157 1380 258 127 AN
522 1385 1254 137 ASTOUNDING
1878 1390 1072 137 DISCOVERY

157 1522 421 109 MADE

580 1550 175 81 BY
824 1555 74 79 A
981 1558 747 84 SUBSCRIBER
1822 1563 147 79 TO

154 1754 337 266 FOR
545 1790 201 65 many
798 1792 188 64 years
1053 1762 150 80 The
1256 1764 226 96 Mask
1537 1766 118 78 has
1711 1766 173 78 been
1940 1767 383 98 unearthing
2378 1768 134 78 and
2553 1767 293 99 bringing
2886 1791 66 56 to

390 1862 78 74 its
544 1862 263 79 readers
889 1900 140 44 rare
1103 1871 188 76 items
1364 1904 197 46 never
1634 1871 227 79 before
1924 1871 348 97 published
2337 1877 64 73 in
2474 1907 127 62 any
2665 1874 283 96 Journal,

390 1964 132 77 and
581 1966 122 78 this
756 1971 47 74 it
860 1970 164 78 does
1077 1975 65 74 in
1198 1973 113 77 the
1366 1979 243 75 service
1665 1975 70 78 of
1788 1975 284 79 scholars
2126 1978 134 77 and
2322 1978 311 90 students,
2693 1979 133 78 and
2882 2001 69 57 to

153 2067 108 78 aid
319 2072 64 72 in
438 2071 262 96 making
755 2073 114 79 the
925 2076 352 80 Theatre's
1333 2100 96 57 art
1482 2079 135 78 and
1672 2081 241 96 history
1968 2079 213 80 better
2235 2082 421 79 understood.

361 2173 282 98 Among
699 2178 113 78 the
868 2180 284 98 subjects
1208 2205 67 55 to
1331 2184 223 78 which
1608 2219 109 45 we
1773 2186 170 79 have
2003 2190 192 93 given
2232 2187 195 98 study
2481 2189 133 77 and
2652 2190 300 77 research

153 2278 118 77 has
328 2279 173 79 been
557 2280 111 79 the
723 2305 311 59 structure
1089 2288 166 78 both
1312 2289 229 79 within
1595 2290 134 78 and
1785 2290 278 80 without
2117 2293 70 77 of
2242 2293 110 79 the
2408 2293 230 80 homes
2693 2295 71 78 of
2836 2294 113 79 the

153 2380 279 91 Drama,
491 2384 113 78 the
661 2388 296 80 Theatre
1011 2391 325 97 buildings
1391 2394 413 79 themselves.

361 2488 116 78 No
534 2524 127 44 one
717 2496 403 95 twenty-five
1174 2530 189 64 years
1416 2533 129 62 ago
1599 2500 200 79 cared
1853 2501 200 79 much
2107 2502 205 78 about
2368 2502 123 79 this
2562 2504 246 78 branch
2882 2505 69 77 of

150 2591 113 79 the
317 2594 294 95 subject:
671 2598 206 99 today
930 2601 184 78 there
1167 2608 52 72 is
1274 2637 86 43 no
1416 2638 127 43 one
1597 2605 161 79 who
1814 2606 137 79 fails
2004 2628 70 56 to
2130 2608 193 98 study
2378 2613 66 73 it.

358 2698 121 79 All
535 2735 156 44 over
746 2704 269 98 Europe
1068 2707 135 79 and
1260 2711 321 77 America
1636 2714 206 75 artists
1896 2712 70 79 of
2020 2712 113 79 the
2187 2713 297 80 Theatre
2521 2714 233 80 realize
2808 2718 143 78 that

148 2803 47 75 it
248 2805 51 75 is
353 2839 130 43 one
538 2805 69 78 of
662 2807 110 80 the
828 2844 155 63 very
1056 2812 127 78 first
1237 2813 212 97 things
1520 2836 68 56 to
1642 2816 195 97 study
2034 2817 113 79 the
2201 2822 280 93 position
2552 2820 134 79 and
2742 2824 207 96 shape

148 2905 68 79 of
271 2906 113 79 the
440 2907 207 82 house
701 2916 65 75 in
821 2914 225 80 which
1100 2916 164 79 their
1316 2919 187 79 work
1556 2923 51 75 is
1663 2942 67 56 to
1785 2920 87 79 be
1929 2956 179 44 seen.

361 3013 185 79 Most
601 3015 70 79 of
724 3018 83 79 all
861 3023 64 75 in
981 3020 343 100 Germany
1380 3023 133 79 and
1567 3028 67 75 in
1688 3026 112 77 the
1857 3026 259 80 United
2172 3027 243 91 States,
2482 3064 110 43 are
2665 3032 283 79 scholars

145 3116 166 80 alive
367 3140 69 57 to
491 3120 113 78 the
657 3126 405 95 importance
1118 3128 68 77 of
1241 3131 126 75 this
1421 3130 215 97 study,
1694 3131 119 79 but
1867 3132 136 78 also
2045 3136 67 75 in
2157 3134 322 92 Holland,
2520 3139 65 76 in
2641 3136 177 99 Italy,
2879 3144 65 73 in

145 3220 344 81 Denmark
543 3227 133 78 and
731 3233 66 73 in
851 3230 291 79 London
1198 3267 41 43 a
1293 3233 192 97 lively
1541 3239 259 75 interest
1853 3240 52 74 is
1960 3238 199 96 being
2196 3239 235 80 shown
2468 3244 67 74 in
2589 3241 82 78 all
2710 3243 233 80 details

143 3332 367 94 pertaining
565 3332 163 80 both
783 3338 64 75 in
902 3335 112 79 the
1068 3360 145 73 past
1266 3338 135 79 and
1457 3339 113 78 the
1625 3363 259 73 present
1923 3363 67 56 to
2048 3343 111 78 the
2216 3344 308 79 Drama's
2578 3347 219 80 home.

353 3435 169 78 This
576 3461 259 74 quarter
889 3475 110 45 we
1052 3476 112 45 are
1218 3443 226 98 happy
1500 3466 69 57 to
1623 3446 88 79 be
1764 3447 153 78 able
1973 3469 68 57 to
2095 3451 162 77 offer
2312 3471 66 57 to
2417 3451 183 79 these
2643 3455 294 79 students

139 3570 39 44 a
235 3572 137 45 rare
427 3540 152 96 plan
609 3542 69 79 of
706 3544 112 78 the
874 3545 375 80 Florentine
1303 3549 253 79 theatre
1712 3551 104 79 La
1856 3553 279 97 Pergola
2298 3556 142 78 that
2476 3556 111 79 old
2624 3559 132 79 and
2796 3564 117 74 aris-

137 3648 270 76 tocratic
463 3647 360 96 playhouse
911 3652 161 78 built
1126 3657 66 75 in
1261 3654 204 79 1652
1526 3657 90 96 by
1669 3657 114 78 the
1856 3659 425 80 Accademia
2346 3662 174 96 degli
2595 3663 342 92 Immobili,

139 3749 222 79 which
416 3752 157 79 took
625 3788 73 44 as
751 3758 77 75 its
883 3757 288 79 emblem
1226 3760 113 77 the
1392 3761 316 79 windmill
1762 3763 165 79 with
1984 3763 113 80 the
2152 3788 212 58 motto
2502 3767 71 79 In
2628 3803 114 46 sua
2782 3770 106 79 Mo-

137 3888 209 46 venza
400 3892 40 42 e
496 3859 207 78 fermo
949 3861 71 79 In
1072 3866 78 75 its
1204 3888 379 57 movement
1637 3868 317 80 steadfast

348 3962 169 78 This
572 3965 300 80 Thentre
925 3972 49 73 is
1056 3969 324 80 therefore
1458 3973 150 79 114
1692 3973 215 80 Years
1988 3976 184 78 older
2252 3977 159 80 than
2492 3979 114 79 the
2685 3982 254 80 Teatro

137 4066 106 80 La
297 4068 200 79 Scala
550 4073 65 77 in
671 4072 281 90 Milano,
1010 4073 135 80 and
1199 4080 50 73 is
1305 4077 120 78 still
1479 4077 165 80 used
1698 4078 252 98 rightly.
