3528 4473
1711 190 74 52 46

140 329 207 53 dieselbe
375 331 275 52 senkrechte
679 331 133 51 Linie
848 330 151 52 durch
1036 331 84 52 das
1159 332 145 52 obere
1343 334 97 50 und
1476 340 166 44 untere

142 411 150 51 durch
321 412 82 51 das
434 412 142 51 obere
605 411 97 50 und
730 419 166 44 untere
925 412 49 60 d,
995 431 46 36 u.
1064 431 33 33 s.
1120 414 28 50 f.
1179 414 144 52 Wird
1352 415 64 51 sie
1446 415 116 49 aber
1590 415 121 48 nach

140 491 155 51 rechts
325 491 282 69 geschoben,
636 510 35 32 z.
693 491 53 50 B.
777 492 85 51 auf
883 492 51 64 d,
965 511 50 33 so
1046 495 102 49 fällt
1174 511 125 33 zwar
1328 496 119 48 noch
1476 494 84 50 der
1588 500 122 43 erste

144 572 102 49 Ton
276 571 84 50 der
388 570 175 49 oberen
594 571 85 50 mit
707 571 108 51 dem
844 572 196 51 zweiten
1069 574 84 51 der
1181 579 217 54 unteren,
1436 574 84 51 der
1546 574 162 49 zweite

143 649 84 49 der
255 650 178 49 oberen
462 649 84 50 mit
574 650 107 51 dem
712 651 171 52 dritten
923 652 84 50 der
1041 660 198 43 unteren
1269 670 287 41 zusammen,
1596 652 117 50 aber

139 729 126 49 nicht
293 730 137 48 mehr
459 729 85 50 der
574 730 138 52 dritte
742 731 84 51 der
855 732 177 51 oberen
1060 734 82 48 mit
1170 731 107 52 dem
1305 732 175 50 vierten
1509 731 84 52 der
1621 750 58 32 un-

140 815 149 43 teren.
320 810 140 49 Denn
477 810 231 51 zwischen
737 829 23 33 e
787 812 95 50 und
902 814 46 65 f
965 811 56 50 ist
1041 829 89 33 nur
1145 811 74 50 die
1238 811 142 52 halbe
1395 812 316 68 Entfernung,

140 887 68 50 als
246 889 231 50 zwischen
516 889 85 50 der
636 891 214 50 Secunde
888 890 96 51 und
1023 892 116 49 Terz
1178 890 84 52 der
1300 892 253 51 Tonleiter.
1610 894 101 48 Der

143 969 199 49 Schüler
380 970 121 49 sieht
538 971 96 50 also
664 971 160 59 sofort,
864 970 103 51 dass
1003 989 67 41 er,
1109 989 82 32 um
1229 972 72 50 die
1338 972 340 51 Uebercinstim-

143 1065 147 50 mung
314 1049 323 59 herzustellen,
656 1051 46 65 f
720 1049 116 50 nach
867 1050 152 48 rechts
1048 1050 239 61 schieben,
1318 1052 96 50 also
1443 1052 47 50 in
1607 1069 77 33 ver-

140 1127 221 50 wandeln
391 1145 139 34 muss.
587 1130 53 48 In
676 1122 238 56 ähnlicher
943 1129 168 50 Weise
1146 1130 57 51 ist
1240 1133 121 49 auch
1400 1131 75 51 die
1503 1131 207 69 Bildung

143 1205 85 51 der
255 1205 412 53 J/ö//-Tonleitern
695 1209 413 51 veranschaulicht.
1139 1213 101 49 Der
1264 1211 206 51 Anblick
1498 1211 81 51 des
1609 1213 66 67 Ap-

143 1294 157 59 parats
330 1287 157 50 macht
520 1287 123 50 diese
673 1289 318 68 Vorrichtung
1021 1291 121 50 noch
1173 1291 174 61 klarer,
1388 1293 66 49 als
1483 1309 49 33 es
1562 1291 147 51 durch

143 1366 356 67 Beschreibung
527 1366 200 67 möglich
756 1367 70 50 ist.
882 1369 109 49 Den
1021 1369 467 68 eigentümlichsten
1517 1371 192 68 Vorzug

144 1444 80 50 des
253 1446 291 50 Früh'schen
572 1446 236 69 Apparats
845 1449 159 51 haben
1032 1450 88 50 wir
1148 1450 152 51 indess
1328 1451 122 51 noch
1478 1451 128 51 nicht
1634 1470 50 32 er-

140 1525 173 51 wähnt.
369 1525 89 49 Die
488 1526 293 51 Tonzeichen
820 1527 101 50 sind
958 1529 74 49 ein
1061 1529 193 68 Symbol
1294 1530 81 50 für
1402 1531 273 68 Klang-Ver-

142 1602 231 60 hältnisse,
402 1605 147 49 nichts
580 1606 178 51 weiter.
801 1607 65 50 Es
896 1611 179 66 genügt
1102 1610 142 60 nicht,
1275 1609 73 51 die
1377 1611 331 66 Bezeichnung

140 1700 56 32 zu
224 1684 318 61 verstehen,
571 1685 206 51 sondern
797 1686 84 50 der
901 1687 376 69 Gesangschüler
1299 1705 125 35 muss
1454 1689 143 51 dahin
1625 1708 56 49 ge-

139 1760 169 52 bracht
335 1762 211 61 werden,
582 1764 107 52 dass
726 1784 52 32 er
814 1765 125 52 beim
967 1766 203 52 Anblick
1200 1768 85 50 der
1311 1769 205 52 Zeichen
1544 1770 65 50 sie
1639 1770 45 50 in-

450 1825 21 8 *.
629 1825 7 9 V
645 1825 7 10 t
975 1823 11 14 J

140 1842 178 50 nerlich
349 1842 190 69 klingen
568 1844 122 52 hört.
720 1846 101 50 Der
852 1846 367 69 Clavierspieler,
1248 1848 84 50 der
1360 1849 214 51 Violinist
1602 1867 45 33 u.
1673 1867 35 33 s.

139 1938 60 34 w.
215 1922 186 60 wissen,
413 1922 105 51 dass
528 1922 137 68 jeder
681 1926 122 49 Note
821 1925 102 51 eine
941 1928 251 49 äusserlich
1212 1943 56 34 zu
1287 1928 256 50 merkende
1565 1929 143 49 Stelle

143 2001 85 50 auf
250 2001 151 51 ihrem
430 2004 311 51 Instrumente
772 2005 276 69 entspricht;
1085 2008 65 49 sie
1181 2006 289 70 übertragen
1498 2009 75 49 ein
1602 2013 80 45 äus-

142 2096 124 35 seres
288 2081 232 51 Merkmal
553 2084 85 49 auf
667 2084 78 49 ein
773 2085 251 51 anderes
1056 2085 99 51 und
1181 2086 191 51 können
1400 2088 82 50 des
1513 2088 197 50 inneren

144 2161 256 50 Tonsinnes
443 2162 221 67 gewisser
697 2164 218 51 Maassen
943 2165 276 51 entbehren.
1259 2168 102 49 Der
1382 2169 182 66 Sänger
1595 2168 116 50 aber

143 2256 142 44 muss,
306 2258 141 33 wenn
468 2259 53 32 er
542 2242 103 50 eine
667 2244 150 49 Beihe
839 2244 156 51 Noten
1017 2245 134 60 sieht,
1175 2245 75 51 ein
1272 2246 184 51 inneres
1474 2249 207 48 Bewusst-

143 2319 98 49 sein
262 2320 126 49 ihres
411 2321 522 66 Klang-Verhältnisses
955 2324 173 61 haben,
1164 2333 128 43 sonst
1322 2325 154 51 helfen
1507 2326 96 50 ihm
1638 2326 72 51 die

140 2400 157 49 Noten
320 2400 270 69 überhaupt
619 2403 174 58 nichts;
826 2420 54 33 er
906 2404 57 51 ist
985 2404 126 51 dann
1132 2406 261 68 genöthigt,
1426 2406 64 50 sie
1513 2406 97 50 sich
1634 2408 85 49 auf

143 2477 107 51 dem
275 2480 182 50 Ciavier
478 2481 356 68 nachzuspielen
857 2483 115 50 oder
993 2502 87 33 von
1104 2485 151 50 einem
1280 2485 222 50 Anderen
1535 2486 151 50 vorsin-

140 2575 93 48 gen
253 2576 55 31 zu
333 2559 150 49 lassen
506 2559 95 49 und
624 2561 87 49 auf
726 2560 123 51 diese
863 2563 165 50 Weise
1059 2563 105 49 dem
1189 2564 163 49 Gehör
1374 2565 336 67 einzuprägen;

142 2655 51 32 er
214 2637 122 68 singt
358 2640 95 48 also
477 2640 119 50 nach
620 2639 107 52 dem
750 2641 177 61 Gehör,
944 2643 127 49 nicht
1092 2643 119 50 nach
1225 2644 170 49 Noten.
1421 2646 101 49 Der
1543 2645 144 50 talent-

138 2716 206 68 begabte
363 2717 197 50 Schüler
581 2719 182 51 kommt
786 2720 119 50 über
928 2720 124 52 diese
1074 2723 418 67 Schwierigkeiten
1520 2724 193 49 leichter

139 2796 212 68 hinweg;
375 2796 107 50 dem
495 2797 353 51 Talentloseren
868 2818 125 32 muss
1015 2818 111 32 man
1149 2801 117 50 aber
1289 2803 191 57 suchen,
1504 2801 74 50 die
1590 2803 93 48 Vor-

140 2876 202 68 stellung
374 2875 84 51 der
492 2876 341 52 sichtbaren
862 2880 123 50 Note
1009 2880 94 50 und
1127 2880 80 50 des
1247 2880 290 51 hörbaren
1565 2881 119 50 Klan-

143 2973 80 48 ges
246 2955 247 67 möglichst
515 2956 121 50 nahe
659 2974 270 33 zusammen
949 2977 58 31 zu
1027 2959 192 51 rücken.
1269 2960 166 51 Wenn
1475 2978 52 33 er
1559 2966 154 44 zuerst

142 3034 73 50 die
247 3035 47 48 in
322 3036 156 48 Noten
513 3035 317 51 verzeichnete
867 3038 202 49 Melodie
1109 3039 120 48 sieht
1269 3038 97 50 und
1409 3039 301 49 hinterher

140 3114 191 68 klingen
354 3115 123 58 hört,
513 3131 50 34 so
603 3116 194 66 vergisst
826 3134 52 33 er
908 3118 119 49 über
1057 3118 108 49 dem
1187 3119 185 67 Klange
1395 3119 74 49 die
1490 3119 193 49 Bezeich-

140 3210 131 51 nung
294 3192 149 51 durch
466 3194 73 49 die
562 3195 196 58 Schrift;
792 3196 174 50 Schrift
993 3198 96 49 und
1118 3199 158 66 Klang
1305 3198 189 50 bleiben
1525 3199 80 48 für
1633 3199 80 49 ihn

142 3272 123 68 ewig
286 3279 230 61 getrennt.
558 3274 102 49 Der
680 3274 216 68 Apparat
923 3275 80 51 des
1024 3278 160 48 Herrn
1206 3278 132 48 Früh
1362 3278 56 49 ist
1440 3278 127 49 nicht
1588 3276 125 51 bloss

142 3352 104 49 eine
269 3352 150 59 Tafel,
441 3351 202 51 sondern
666 3354 103 49 eine
791 3355 308 58 Harmonica,
1130 3355 162 51 dessen
1318 3356 195 50 vordere
1537 3356 173 50 Fläche

143 3430 72 51 die
238 3431 123 51 oben
384 3431 338 51 beschriebene
741 3434 130 49 Tafel
895 3434 221 49 darstellt.
1145 3436 165 49 Durch
1330 3436 102 50 eine
1451 3436 262 50 sinnreiche

142 3511 266 69 Erfindung
431 3511 101 69 gibt
552 3511 110 68 jede
684 3514 141 59 Note,
854 3530 140 32 wenn
1023 3514 85 49 auf
1131 3514 64 49 sie
1225 3514 229 67 gedrückt
1474 3515 135 60 wird,
1638 3515 48 50 ih-

144 3606 85 32 ren
264 3590 195 67 eigenen
488 3592 103 49 Ton
620 3609 74 33 an.
739 3592 52 50 In
829 3591 272 51 demselben
1139 3594 227 59 Moment,
1410 3594 46 49 in
1488 3592 108 51 dem
1629 3594 85 49 der

144 3669 182 50 Lehrer
349 3671 85 48 auf
462 3670 72 51 die
554 3673 124 49 Note
707 3673 121 67 zeigt
855 3671 100 51 und
988 3671 91 51 den
1101 3673 229 52 Schülern
1360 3680 125 60 sagt:
1516 3690 49 33 so
1593 3674 120 49 wird

144 3749 65 49 sie
242 3749 321 67 geschrieben,
596 3751 202 68 erklingt
835 3751 65 50 sie
930 3751 140 60 auch,
1155 3753 65 49 als
1379 3754 66 48 als
1535 3753 96 49 und
1662 3770 49 33 so

146 3827 104 51 fort.
280 3829 285 49 Schwerlich
584 3830 152 51 dürfte
759 3848 48 33 es
828 3833 203 66 möglich
1054 3833 115 57 sein,
1193 3831 73 50 die
1290 3831 273 50 wirklichen
1587 3833 93 49 Ton-

142 3906 301 51 verhältnisse
471 3907 97 50 und
595 3909 100 49 ihre
723 3910 278 51 schriftliche
1031 3911 331 68 Bezeichnung
1384 3911 120 49 noch
1526 3910 183 67 inniger

143 3986 85 51 mit
257 3985 229 52 einander
513 4005 57 31 zu
599 3987 270 61 verbinden,
901 3990 65 50 als
996 4007 49 34 es
1074 3990 104 51 hier
1207 3990 268 67 geschehen
1503 3990 70 50 ist.
1614 3991 101 49 Der

142 4067 200 50 Schüler
369 4067 127 60 hört,
527 4084 97 34 was
656 4085 52 32 er
739 4069 134 59 sieht,
906 4069 97 51 und
1026 4070 134 61 sieht,
1191 4088 98 33 was
1313 4088 52 33 er
1386 4070 125 58 hört,
1543 4069 96 51 und
1661 4087 49 34 so

143 4150 187 48 müssen
361 4146 98 51 ihm
490 4146 128 51 wohl
650 4146 73 50 die
754 4146 161 51 todten
935 4149 204 51 Zeichen
1160 4150 84 50 mit
1266 4149 85 51 der
1370 4149 104 51 Zeit
1494 4147 220 70 lebendig

142 4226 193 51 werden
365 4226 97 51 und
497 4227 136 51 einen
665 4226 196 52 inneren
891 4227 352 53 musicalischen
1266 4230 113 51 Sinn
1410 4227 299 54 bekommen.

1789 338 136 49 Noch
1949 339 136 51 einen
2108 339 207 52 anderen
2338 340 213 52 Vortheil
2574 340 81 51 hat
2675 340 85 52 der
2776 343 339 52 beschriebene
3135 344 233 68 Apparat,

1791 416 89 51 den
1916 419 88 49 wir
2037 420 119 50 auch
2190 420 128 51 nicht
2349 419 350 68 verschweigen
2733 423 189 59 wollen,
2970 423 90 52 den
3096 421 82 54 der
3207 425 163 52 reinen

1791 498 282 68 Stimmung.
2096 501 90 49 Die
2211 519 161 48 grosse
2393 501 243 51 Mehrzahl
2660 500 84 51 der
2766 503 349 68 Gesanglehrer
3136 522 60 34 an
3219 506 120 51 Schu-

1790 576 92 57 len,
1915 579 285 49 namentlich
2236 598 58 32 an
2326 580 241 50 kleineren
2599 581 224 60 Schulen,
2866 583 57 49 ist
2955 584 125 49 wohl
3120 585 146 50 selten
3308 586 62 50 im

1790 655 192 61 Stande,
2015 658 103 49 eine
2141 660 205 50 Melodie
2374 660 211 50 wirklich
2616 661 101 50 rein
2740 661 307 69 vorzusingen
3070 661 115 54 oder
3205 683 137 34 vorzu-

1789 734 198 68 spielen;
2010 743 141 44 unter
2167 739 190 49 solchen
2368 739 291 51 Umständen
2680 740 126 51 kann
2829 759 111 33 man
2962 743 98 49 sich
3082 744 128 51 nicht
3230 763 102 34 wun-

1790 815 134 60 dern,
1957 834 139 33 wenn
2127 834 47 33 es
2205 819 83 49 mit
2316 819 107 51 dem
2445 820 355 69 Volksgesange
2828 823 208 49 schlecht
3065 821 186 55 bestellt
3284 828 84 57 ist;

1789 894 124 52 denn
1936 913 137 34 wenn
2098 896 81 51 das
2202 898 177 67 einzige
2400 898 216 63 Vorbild,
2635 900 82 51 das
2740 901 85 51 der
2837 903 199 49 Schüler
3058 903 160 61 kennt,
3242 906 127 50 nicht

1790 976 170 50 einmal
1984 976 290 51 musicalisch
2302 979 168 67 richtig
2501 980 73 56 ist,
2604 998 51 32 so
2679 980 126 51 kann
2830 999 52 32 er
2899 983 49 66 ja
2973 999 86 50 gar
3082 983 169 50 keinen
3272 986 62 50 Be-

1789 1055 115 67 griff
1918 1055 304 62 bekommen,
2244 1075 81 32 um
2348 1077 97 31 was
2468 1077 49 31 es
2539 1060 97 50 sich
2658 1060 247 67 eigentlich
2924 1061 203 52 handelt.
3152 1064 83 48 Bei
3258 1064 107 52 dem

1788 1136 293 51 Früh'sehen
2114 1138 241 67 Apparate
2392 1139 125 51 kann
2550 1139 86 51 der
2669 1141 183 50 Lehrer
2885 1143 126 49 seine
3041 1144 196 49 Stimme
3270 1144 95 51 und

1788 1215 125 50 seine
1948 1216 183 50 \ioline
2170 1216 228 60 schonen;
2433 1237 53 31 er
2513 1220 180 50 sowohl
2727 1221 66 49 als
2830 1220 74 51 die
2941 1221 199 51 Schüler
3171 1223 195 52 werden

1785 1294 161 52 besser
1968 1296 140 51 dabei
2133 1298 179 50 fahren.
2354 1299 114 51 Wir
2490 1300 256 50 wünschen
2777 1300 164 60 daher,
2974 1301 104 50 dass
3103 1301 74 51 die
3200 1303 133 52 Erfin-

1788 1374 129 68 dung
1939 1375 81 51 des
2042 1378 162 49 Herrn
2227 1378 132 49 Früh
2383 1378 94 49 sich
2501 1379 134 49 recht
2663 1379 113 49 weit
2805 1380 267 50 verbreiten
3096 1381 98 51 und
3215 1381 149 51 durch

1785 1455 254 67 Missgunst
2062 1456 116 50 oder
2213 1458 415 69 Gleichgültigkeit
2661 1459 127 49 nicht
2823 1461 257 66 gehemmt,
3116 1463 122 49 allen
3275 1461 90 53 den

1784 1535 181 50 Nutzen
1990 1535 153 51 stiften
2166 1540 158 64 möge,
2348 1536 164 52 dessen
2534 1538 64 50 sie
2619 1538 122 52 nach
2764 1557 197 33 unserer
2984 1540 381 70 Ueberzeugung

1784 1614 132 68 fähig
1950 1615 71 50 ist.

2263 1808 175 60 Aus
2513 1807 364 62 Berlin.

1899 1924 93 49 Am
2024 1925 212 66 Sonntag
2266 1922 108 68 (31.
2391 1922 198 69 Januar)
2621 1930 94 45 trat
2743 1925 129 51 Frau
2901 1924 248 52 Viardot
3182 1926 67 51 als
3277 1929 55 51 Fi-

1783 2002 81 53 des
1894 2005 87 50 auf
2004 2004 83 49 der
2118 2004 301 67 königlichen
2448 2005 168 50 Bühne
2658 2005 86 50 auf
2773 2004 98 52 und
2899 2006 119 50 wird
3046 2006 75 50 ihr
3150 2008 207 68 Gastpiel

1783 2084 223 51 zunächst
2034 2084 66 49 als
2129 2085 183 48 Norma
2339 2082 99 51 und
2467 2085 66 50 als
2561 2084 178 51 Bosina
2766 2085 63 50 im
2847 2085 202 52 Barbier
3075 2103 91 34 von
3188 2088 169 52 Sevilla

1785 2182 76 31 am
1889 2162 244 53 Mittwoch
2162 2162 97 50 und
2288 2164 193 67 Freitag
2510 2164 259 51 fortsetzen.
2826 2165 136 50 Ihrer
2992 2166 128 50 Alles
3159 2166 172 54 überra-

1786 2241 185 70 genden
1992 2242 286 67 Bedeutung
2305 2259 163 33 waren
2512 2244 87 48 wir
2633 2244 187 49 neulich
2860 2244 46 49 in
2945 2244 153 51 ihrem
3130 2245 229 53 Concerte

1786 2339 87 33 uns
1902 2340 91 32 nur
2021 2321 111 51 halb
2162 2321 210 50 bewusst
2400 2322 283 67 geworden;
2713 2330 94 42 erst
2829 2324 116 66 jetzt
2971 2329 261 62 vermögen
3256 2326 104 61 wir,

1788 2403 64 49 sie
1882 2419 116 51 ganz
2028 2422 56 29 zu
2113 2419 251 42 ermessen,
2388 2401 195 51 seitdem
2606 2419 86 33 uns
2716 2403 72 49 die
2805 2404 275 51 Künstlerin
3102 2405 86 51 auf
3209 2405 152 52 einem

1788 2481 195 50 Gebiete
2014 2480 288 58 erschienen,
2332 2480 204 51 welches
2560 2481 73 50 ihr
2658 2480 72 51 die
2754 2481 113 51 freie
2889 2483 330 50 harmonische
3241 2485 89 51 Ent-

1788 2561 180 66 faltung
1996 2560 123 50 ihres
2150 2566 292 60 gesammten
2472 2560 206 52 Wesens
2720 2568 261 59 gestattete.
3041 2563 64 49 So
3134 2564 110 49 weit
3271 2582 59 34 un-

1786 2657 102 33 sere
1929 2640 304 66 Erinnerung
2275 2639 343 61 zurückreicht,
2664 2641 244 50 entsinnen
2945 2641 87 50 wir
3070 2659 89 33 uns
3200 2643 163 52 keiner

1788 2720 346 50 vollendeteren
2176 2719 242 67 Leistung.
2473 2720 110 50 Ihre
2628 2720 266 51 technische
2923 2721 344 52 Meisterschaft
3305 2724 58 51 ist

1788 2799 120 49 nach
1939 2799 120 49 allen
2089 2797 158 50 Seiten
2277 2797 80 50 hin
2396 2797 307 69 unbegränzt,
2755 2799 74 49 die
2862 2800 252 50 Coloratur
3152 2800 122 52 eben
3308 2819 52 33 so

1789 2876 571 69 bewunderungswürdig
2388 2877 149 50 durch
2567 2879 101 48 ihre
2698 2877 261 68 blitzartige
2987 2880 255 67 Bapidität,
3270 2883 91 50 wie

1789 2974 169 50 wegen
1988 2956 127 50 ihrer
2144 2956 380 68 durchsichtigen
2551 2956 217 51 Klarheit
2797 2957 97 51 und
2922 2957 127 50 ihrer
3078 2959 170 62 feinen,
3287 2960 73 51 bis

1788 3036 47 50 in
1864 3036 82 51 das
1962 3036 208 50 Kleinste
2200 3036 144 50 hinab
2372 3036 256 51 tadellosen
2646 3036 306 69 Gliederung,
2983 3038 75 50 die
3088 3040 272 52 Intonation

1790 3115 316 67 glockenrein,
2151 3115 74 50 die
2254 3115 301 67 Aussprache
2597 3116 279 51 musterhaft
2915 3116 221 62 deutlich,
3178 3126 184 45 correct

1789 3194 99 51 und
1924 3196 90 49 voll
2056 3194 362 51 bezaubernden
2470 3195 290 51 Wohllauts.
2816 3196 143 50 Nicht
3014 3196 92 51 den
3148 3199 213 52 leisesten

1791 3274 336 67 fremdartigen
2142 3274 179 51 Accent
2336 3275 300 50 vermochten
2652 3275 88 50 wir
2752 3293 55 32 zu
2830 3275 276 61 entdecken,
3121 3278 98 50 und
3238 3278 121 52 doch

1790 3370 160 51 ergoss
1979 3354 96 49 sich
2105 3372 84 31 aus
2218 3352 174 51 diesem
2421 3354 179 51 Munde
2636 3354 75 51 die
2741 3354 223 52 deutsche
2992 3355 133 52 Bede
3155 3358 84 50 mit
3267 3359 68 51 sol-

1790 3432 112 51 cher
1917 3434 292 66 Klangfülle,
2233 3434 46 49 in
2294 3450 51 33 so
2360 3434 244 59 weichem,
2628 3434 380 68 krystallhellem,
3028 3436 333 52 melodischem

1789 3514 151 57 Fluss,
1983 3514 89 48 wie
2114 3512 64 50 sie
2219 3520 126 43 sonst
2382 3532 90 31 nur
2518 3512 90 51 den
2649 3515 339 61 vocalreichen,
3026 3516 331 52 romanischen

1788 3591 212 51 Idiomen
2029 3592 135 68 eigen
2193 3592 114 51 sind.
2365 3592 209 69 Sprache
2609 3594 98 49 und
2735 3594 158 51 Musik
2942 3595 274 51 erscheinen
3258 3596 103 50 hier

1786 3673 141 66 völlig
1941 3673 113 49 Eins
2077 3671 272 68 geworden,
2379 3674 103 49 Ton
2510 3673 97 50 und
2625 3674 148 51 Wort
2800 3690 84 33 zur
2912 3674 204 51 reinsten
3149 3676 174 50 Harmo-

1786 3751 75 50 nie
1892 3751 259 68 aufgelöst.
2180 3753 102 48 Der
2310 3753 207 66 Vortrag
2539 3753 47 48 in
2617 3753 189 66 Gesang
2837 3751 94 51 und
2961 3753 126 68 Spiel
3126 3753 237 52 offenbart

1786 3831 210 68 zugleich
2025 3830 90 52 den
2143 3831 255 51 schärfsten
2428 3831 235 51 Verstand
2692 3831 96 51 und
2818 3831 73 51 die
2920 3833 201 49 reichste
3149 3833 179 52 Phanta-

1786 3911 83 59 sie,
1899 3910 270 69 überhaupt
2189 3911 110 66 jene
2327 3910 399 67 Ueberlegenheit
2754 3910 81 51 des
2863 3910 225 51 Denkens
3117 3910 99 51 und
3243 3913 78 50 Em-

1788 3990 229 67 pfindens,
2058 3990 73 51 die
2160 3991 145 50 schon
2341 3990 85 51 der
2457 3990 264 51 Charakter
2750 3990 82 51 des
2863 3991 191 66 Organs
3084 3990 275 70 ankündigt.

1789 4070 113 51 Wir
1943 4070 157 51 haben
2128 4070 231 51 Stimmen
2395 4085 89 33 von
2525 4071 277 66 üppigerem
2846 4069 273 49 sinnlichem
3148 4070 213 52 Liebreiz

1790 4149 184 67 gehört,
2005 4149 192 59 andere,
2228 4149 153 51 denen
2409 4149 103 51 eine
2541 4154 216 63 grössere
2782 4147 185 53 Gewalt
2993 4147 99 51 und
3112 4150 135 51 Fülle
3276 4150 81 52 des

1791 4230 154 52 Tones
1973 4248 57 33 zu
2061 4229 181 52 Gebote
2270 4227 154 64 stand,
2466 4229 118 53 aber
2612 4229 70 53 bis
2713 4229 113 68 jetzt
2853 4227 122 54 noch
3004 4227 155 64 keine,
3202 4230 75 52 die
3307 4248 50 34 so
