3528 4473
1714 224 72 53 43

253 378 113 53 Wir
394 375 206 71 glauben
629 375 128 51 nicht
797 391 57 34 zu
894 372 88 51 viel
1010 389 56 33 zu
1095 388 163 50 sagen,
1298 388 143 35 wenn
1467 374 87 49 wir
1583 371 124 52 diese

134 460 373 67 letztgenannten
535 456 114 51 zwei
677 456 158 51 Chöre
864 455 46 50 in
935 450 170 55 C-moll
1129 451 97 50 und
1254 451 47 50 in
1326 451 154 52 C-dur
1508 455 81 48 für
1617 452 90 51 den

135 538 306 68 Gipfelpunkt
468 536 80 51 des
578 535 210 53 Werkes
816 532 99 51 und
945 532 80 49 für
1054 530 83 51 das
1161 531 236 51 Genialste
1427 532 96 53 und
1541 535 138 51 Gross-

132 619 192 66 artigste
353 619 177 58 halten,
573 634 99 33 was
714 616 47 49 in
802 612 84 51 der
929 629 153 33 neuen
1110 611 103 51 Zeit
1241 612 309 68 geschrieben
1580 633 94 32 wor-

135 698 90 50 den
253 699 70 49 ist.

252 858 100 48 Der
393 856 183 50 dritte
620 854 165 52 Theil
840 851 195 69 beginnt
1076 852 83 53 mit
1201 854 151 51 einem
1394 852 313 69 Zwiegesang

131 936 233 51 zwischen
393 938 113 49 Saul
535 935 98 51 und
663 934 84 52 der
776 935 174 48 Hexe
978 952 88 31 von
1095 935 165 51 Endor
1286 933 132 69 (Alt),
1442 934 100 58 der,
1573 933 134 50 meist

134 1015 386 52 declamatorisch
558 1015 239 67 gehalten,
836 1013 128 50 nicht
1002 1014 66 49 als
1112 1015 73 50 ein
1228 1014 301 67 eigentliches
1559 1014 148 48 Duett

132 1114 56 32 zu
218 1096 283 50 bezeichnen
529 1095 68 50 ist.
656 1094 76 49 Sie
762 1093 268 50 beschwört
1058 1093 90 52 den
1179 1094 129 52 Geist
1338 1094 230 51 Samuels
1598 1093 81 49 her-

134 1178 95 58 auf,
259 1176 84 50 der
372 1175 108 50 dem
510 1175 188 67 Könige
727 1174 90 51 den
845 1175 278 67 Untergang
1165 1175 234 66 weissagt.
1456 1174 101 49 Auf
1582 1173 124 49 diese

134 1258 148 48 Scene
310 1273 90 32 von
430 1254 213 51 düsterer
666 1254 156 51 Farbe
854 1254 114 68 folgt
1002 1255 75 51 ein
1105 1254 409 52 charakteristisch
1545 1253 134 50 leben-

132 1335 135 67 diger
298 1335 128 50 Chor
455 1334 84 51 der
566 1336 191 50 Frauen
795 1353 89 33 von
921 1335 166 52 Endor
1128 1336 48 49 in
1421 1333 187 68 Allegro

134 1432 128 44 vace,
295 1411 15 30 2
311 1416 220 60 /4-Tact:
585 1415 268 60 „Erwacht,
897 1432 47 33 es
985 1414 130 52 flieht
1150 1414 73 51 die
1512 1414 90 49 den
1631 1414 74 49 ein

132 1495 317 50 Männerchor
488 1494 90 67 (die
607 1495 201 67 Krieger
837 1494 168 67 Saul's)
1049 1494 261 51 aufnimmt.
1352 1495 180 48 Zuletzt
1559 1494 123 49 verei-

132 1575 143 67 nigen
303 1574 96 51 sich
428 1574 136 52 beide
582 1575 156 51 Chöre
767 1575 97 50 und
887 1575 202 67 endigen
1117 1575 84 50 mit
1228 1573 108 52 dem
1359 1574 146 49 Rufe:
1548 1574 158 60 „Saul,

135 1670 76 35 wo
240 1654 92 51 bist

257 1771 90 49 Die
376 1772 137 50 Hexe
543 1769 144 51 bietet
715 1768 107 52 dem
853 1777 279 43 ermatteten
1152 1769 187 69 Könige
1368 1767 219 68 Labung.
1630 1768 81 50 Ihr

134 1851 195 51 Arioso:
385 1851 92 59 „0,
506 1849 155 51 stärke
690 1849 136 51 deine
1169 1849 209 51 zeichnet
1419 1849 95 50 sich
1557 1848 149 50 durch

135 1931 150 51 nichts
315 1949 84 33 aus
427 1931 99 49 und
555 1931 155 52 dürfte
738 1929 121 51 eben
898 1947 50 33 so
990 1938 84 60 gut
1113 1929 314 69 wegbleiben,
1468 1929 153 50 zumal
1651 1928 60 51 da

135 2009 75 51 die
239 2011 330 68 Abspannung
599 2011 167 59 Saul's,
797 2009 73 51 die
900 2009 95 51 sich
1032 2011 104 49 hier
1164 2029 105 31 zum
1300 2009 171 50 dritten
1490 2009 127 50 Male
1644 2008 63 51 im

134 2089 151 51 Laufe
328 2089 84 51 der
440 2088 260 69 Handlung
742 2089 136 68 zeigt,
930 2107 74 32 am
1035 2089 136 50 Ende
1214 2089 92 50 den
1334 2088 216 51 Zuhörer
1588 2088 119 50 auch

135 2168 235 69 abspannt
389 2169 98 50 und
502 2168 230 51 ermüdet.
762 2169 115 51 Wir
901 2168 219 51 möchten
1146 2187 90 32 von
1258 2168 153 50 dieser
1428 2168 148 50 Scene
1607 2168 103 48 eine

135 2248 189 52 bessere
353 2249 247 68 Wirkung
630 2256 252 52 erwarten,
922 2266 141 33 wenn
1094 2249 112 50 Saul
1249 2248 150 68 gleich
1441 2248 121 50 nach
1602 2247 107 51 dem

139 2330 143 59 Chor,
324 2330 85 49 der
437 2330 80 49 ihn
546 2328 113 61 ruft,
701 2347 58 31 zu
788 2328 108 51 dem
925 2330 274 49 Entschiuss
1230 2328 278 68 überginge,
1540 2327 90 51 den
1659 2345 51 33 er

134 2410 209 50 nachher
372 2410 279 67 ausspricht,
691 2427 57 32 zu
778 2410 111 66 Sieg
931 2408 116 50 oder
1076 2408 103 51 Tod
1214 2410 47 48 in
1303 2407 92 52 den
1424 2408 180 68 Kampf
1648 2426 55 31 zu

135 2488 166 66 gehen.
332 2491 100 47 Der
460 2488 198 50 Dichter
686 2488 108 50 lässt
821 2488 80 49 ihn
931 2505 117 49 ganz
1079 2495 85 59 gut
1192 2505 171 49 sagen:

266 2572 134 46 „Noch
430 2573 142 36 einmal
600 2573 40 35 in
668 2571 146 38 Pracht

266 2635 226 37 Durchzieh
496 2634 7 15 1
534 2634 63 36 ich
627 2634 61 36 die
717 2634 204 36 Schlacht!

266 2697 148 38 Erfüllt
441 2697 98 36 euch
569 2697 71 35 mit
666 2697 127 43 Kraft,
823 2696 61 37 ihr
912 2695 153 38 Sehnen
1097 2695 82 36 und
1208 2695 130 38 Adern
1348 2697 11 34 1

267 2759 90 38 Und
383 2759 105 37 kann
515 2758 64 37 ich
609 2757 73 37 den
710 2757 261 37 Eathschluss
999 2757 215 37 Jehovah's
1244 2757 109 37 nicht
1380 2756 173 45 wenden,

268 2822 50 36 So
348 2821 82 37 will
459 2820 61 37 ich
553 2820 58 37 als
641 2819 104 36 Held
772 2818 81 37 und
884 2820 57 36 als
970 2820 133 47 König
1131 2819 156 36 enden!'
1293 2821 8 18 4

256 2898 101 49 Der
375 2896 274 67 Componist
676 2895 81 49 hat
785 2893 95 51 sich
913 2895 116 49 aber
1058 2912 61 32 an
1148 2892 152 51 dieser
1329 2893 142 50 Stelle
1499 2891 127 52 nicht
1654 2910 57 32 zu

135 2977 109 51 dem
273 2976 242 67 Schwung
544 2973 230 59 erhoben,
804 2972 90 51 den
924 2972 83 51 der
1024 2975 121 48 Text
1174 2972 214 69 bedingt;
1420 2972 256 67 dasGegen-

136 3057 113 51 theil
280 3061 125 46 wäre
436 3056 121 49 auch
586 3056 48 48 in
662 3056 160 65 Bezug
851 3055 85 49 auf
968 3053 90 50 den
1089 3055 180 66 Sänger
1298 3052 84 51 der
1410 3053 173 66 langen
1611 3051 98 51 und

135 3135 311 67 schwierigen
475 3135 160 50 Partie
663 3133 82 50 des
775 3133 113 50 Saul
919 3132 435 51 wünschenswerth
1383 3149 237 50 gewesen,
1653 3130 58 50 da

135 3216 103 49 hier
268 3215 310 66 Gelegenheit
619 3231 56 32 zu
710 3213 153 50 einem
903 3211 282 52 dankbaren
1217 3212 321 67 Sologesänge
1569 3227 114 51 gege-

135 3296 94 50 ben
256 3311 115 35 war.

254 3414 65 50 Es
350 3413 116 66 folgt
492 3428 98 32 nun
620 3409 84 50 der
733 3409 297 50 effectvollste
1060 3409 104 48 Salz
1195 3406 80 51 des
1306 3405 171 52 dritten
1508 3406 203 58 Theiles,

136 3494 75 51 ein
233 3489 435 70 Schlachtgemälde
698 3489 83 50 mit
811 3489 149 50 einem
985 3488 321 49 Frauenchor.
1339 3488 62 48 So
1432 3485 252 69 widerspre-

140 3572 151 54 chend
320 3572 83 50 das
431 3572 165 66 klingt,
626 3588 50 32 so
706 3586 93 33 neu
827 3568 98 49 und
954 3566 316 51 lobenswerth
1297 3566 57 50 ist
1372 3565 121 51 doch
1518 3565 83 51 der
1618 3566 62 50 Ge-

139 3653 173 56 danke,
350 3669 48 33 es
427 3650 293 52 musicalisch
751 3646 371 60 auszudrücken,
1164 3645 105 51 dass
1298 3645 74 51 die
1400 3648 192 47 Frauen
1620 3663 87 32 von

300 3699 11 13 7
1543 3699 4 21 I

139 3733 84 52 der
249 3732 206 52 Anhöhe
484 3729 149 51 herab
665 3729 106 50 dem
795 3727 204 67 Kampfe
1028 3725 219 60 zusehen,
1277 3727 101 48 ihre
1400 3724 310 67 Hoffnungen

140 3813 98 51 und
267 3810 198 63 Gebete,
496 3810 101 49 ihre
616 3809 153 67 Angst
797 3805 97 51 und
919 3804 268 52 Schrecken
1217 3804 331 67 aussprechen,
1579 3803 99 49 wäh-

138 3892 116 52 rend
296 3892 75 50 die
408 3889 221 52 Schlacht
670 3889 47 50 in
745 3888 108 49 dem
882 3883 268 53 Blachfelde
1178 3884 118 51 tobt.
1344 3884 165 50 Dieses
1541 3883 166 51 Toben

138 3973 115 49 malt
295 3972 75 49 ein
409 3969 165 51 wilder
615 3967 431 50 Instrumentalsatz
1086 3964 48 50 in
1169 3963 169 52 E-dur
1376 3961 100 51 und
1510 3960 197 65 E-moll,

149 4049 188 71 Allegro
473 4053 196 66 nontroppo
670 4048 40 49 in
726 4044 34 27 12
761 4043 29 66 /
791 4083 15 27 8
807 4048 157 57 -Tact,
993 4047 49 49 in
1060 4044 212 51 welchen
1296 4041 73 53 die
1385 4041 292 51 Frauenstim-

138 4147 109 33 men
275 4130 158 51 hinein
452 4134 162 55 tönen,
643 4128 133 51 meist
804 4125 47 51 in
879 4124 399 69 abgebrochenen
1293 4124 181 57 Sätzen,
1504 4121 164 51 manch-

138 4209 95 50 mal
261 4209 348 67 recitativartig,
652 4207 126 52 dann
804 4223 57 32 zu
889 4203 477 52 leidenschaftlichem
1396 4200 179 52 Gebete
1602 4218 78 33 ver-

138 4288 160 68 einigt,
339 4288 112 52 bald
488 4307 89 33 von
620 4288 92 52 den
738 4287 198 67 Wogen
978 4284 80 52 des
1086 4284 229 69 Kampfes
1343 4288 228 63 getragen
1608 4280 98 52 und

1782 374 80 51 ihn
1891 372 284 60 schildernd,
2214 371 112 52 bald
2368 371 85 52 der
2490 375 45 50 in
2578 375 84 52 der
2699 378 144 49 Brust
2885 371 330 55 wechselnden
3241 372 78 50 Em-

1782 454 233 68 pfindung
2049 470 91 33 von
2170 452 181 50 Furcht
2392 454 98 49 und
2519 456 245 68 Hoffnung
2802 458 160 48 lauten
2992 452 257 54 Ausdruck
3278 469 55 51 ge-

1782 534 126 51 bend
2017 534 70 51 bis
2116 532 102 51 ihre
2247 534 231 49 Stimmen
2505 535 166 50 zuletzt
2695 536 64 50 im
2788 535 258 61 Weheruf,
3076 535 64 50 im
3163 532 199 51 Fliehen

1779 614 274 68 verklingen
2081 612 99 53 und
2208 612 350 53 dahinsterben.
2601 615 65 50 Es
2695 616 196 66 gehörte
2919 616 46 50 in
2994 615 84 51 der
3108 615 127 50 That
3264 612 62 53 Ge-

1781 695 76 50 nie
1886 694 136 61 dazu,
2065 713 80 33 um
2177 694 75 49 die
2281 694 278 68 schwierige
2589 692 221 70 Aufgabe
2838 714 55 31 zu
2921 696 129 50 lösen
3092 694 99 51 und
3227 694 130 51 diese

1783 775 272 51 furchtbare
2087 774 232 52 Situation
2350 775 46 50 in
2427 776 164 49 Tönen
2620 793 58 30 zu
2708 774 307 67 bewältigen!
3065 775 117 50 Wie
3215 772 143 55 leicht

1782 854 175 51 konnte
1988 855 82 50 der
2101 856 156 49 Strom
2294 855 104 50 hier
2426 854 150 51 durch
2608 854 75 51 die
2713 854 276 51 Schranken
3017 854 231 49 brechen!

1783 934 153 49 Hiller
1965 934 81 51 hat
2073 934 117 52 aber
2219 934 72 51 die
2321 935 323 51 musicalische
2660 935 129 58 Flut,
2818 933 75 50 die
2921 952 52 31 er
3005 933 153 50 selber
3187 939 174 61 erregt,

1783 1014 120 49 auch
1932 1033 56 30 zu
2018 1014 234 68 bändigen
2281 1015 295 52 verstanden.
2634 1014 271 67 Allerdings
2948 1013 111 52 darf
3083 1030 110 33 man
3224 1011 137 51 dabei

1782 1093 127 49 nicht
1937 1110 61 33 an
2027 1094 89 51 den
2147 1095 82 50 Stil
2260 1112 87 33 von
2373 1095 128 51 Bach
2531 1095 98 50 und
2655 1094 188 51 Händel
2865 1093 210 50 denken:
3106 1110 46 32 es
3180 1093 59 49 ist
3259 1090 104 52 rein

1782 1173 226 50 moderne
2045 1175 173 57 Musik,
2262 1176 88 49 alle
2379 1178 147 48 Mittel
2567 1175 85 51 der
2690 1192 211 35 neueren
2939 1171 421 55 Instrumentation

1781 1253 103 50 sind
1912 1253 207 62 benutzt,
2150 1255 98 50 drei
2265 1256 249 50 Posaunen
2542 1255 97 51 und
2657 1255 156 60 Tuba,
2844 1255 99 50 vier
2958 1255 210 57 Hörner,
3198 1268 162 52 grosse

1783 1334 242 51 Trommel
2054 1334 98 51 und
2178 1334 191 51 Becken
2484 1335 116 52 aber
2627 1335 223 67 nirgends
2879 1334 252 68 begegnen
3159 1333 89 50 wir
3274 1331 63 50 tri-

1781 1413 150 50 vialen
1960 1414 211 51 Phrasen
2201 1414 116 51 oder
2346 1414 217 51 banalem
2592 1416 160 59 Lärm,
2783 1415 184 51 überall
2998 1415 57 50 ist
3085 1416 145 47 Form
3260 1410 101 51 und

1783 1494 171 49 Musik.
2009 1495 67 48 Es
2105 1495 57 50 ist
2190 1495 73 50 ein
2294 1495 323 51 Prachtstück.
2672 1496 87 50 Mit
2787 1513 189 49 grosser
3003 1495 157 50 Kunst
3187 1493 58 49 ist
3273 1490 87 51 der

1782 1574 310 49 Frauenchor
2114 1592 49 33 so
2187 1574 271 61 behandelt,
2487 1574 104 51 dass
2622 1574 72 51 die
2713 1575 227 51 Stimmen
2970 1574 184 51 überall
3183 1570 146 52 durch-

1783 1651 215 69 dringen,
2036 1651 98 54 und
2171 1653 119 50 doch
2333 1654 102 49 sind
2477 1654 65 51 sie
2585 1672 59 33 an
2680 1654 90 49 den
2807 1655 196 50 meisten
3032 1654 175 49 Stellen
3238 1668 119 51 ganz

1783 1731 327 70 selbstständig
2138 1734 98 49 und
2263 1734 130 49 nicht
2421 1734 171 51 einmal
2627 1752 90 33 von
2744 1735 499 57 Blas-Instrumenten,
3279 1730 77 50 die

1785 1811 134 50 ihren
1949 1814 135 67 Weg
2112 1814 136 49 allein
2279 1814 171 67 gehen,
2481 1818 293 47 unterstützt.

1903 1919 90 50 Die
2021 1919 218 51 Schlacht
2269 1919 55 50 ist
2351 1921 230 49 verloren.
2631 1919 113 51 Saul
2775 1918 233 51 erscheint
3033 1917 121 51 noch
3186 1917 174 51 einmal

1885 1999 83 50 mit
1996 2001 139 49 Kraft
2162 1999 174 68 spricht
2364 2017 52 32 er
2445 2017 100 42 aus,
2576 1999 104 51 dass
2722 1999 124 59 „sein
2877 1999 192 66 eigener
3097 1995 149 54 Wille
3276 1997 84 49 ihn

1785 2078 82 50 frei
1896 2078 200 51 machen
2326 2079 94 50 und
2448 2083 143 46 stürzt
2619 2079 46 50 in
2695 2079 97 50 sein
2818 2078 228 51 Schwert.
3076 2076 257 52 Ein-schar-

1785 2157 70 49 fer
1881 2158 196 50 Misston
2106 2158 168 50 schreit
2307 2159 83 49 auf
2412 2159 65 50 im
2506 2158 279 57 Orchester;
2816 2158 149 50 sanfte
2991 2157 252 51 Melismen
3268 2172 94 33 von

1783 2238 482 51 Blas-Instrumcnten
2295 2238 217 50 wandeln
2540 2238 80 50 ihn
2648 2238 47 50 in
2725 2237 116 51 stille
2869 2238 169 66 Klage.

2136 2310 6 6 S
2361 2310 3 20 -
2540 2310 4 20 -
2640 2323 6 7 ,
2834 2320 7 7 r
2853 2320 7 3 -
3053 2310 2 20 •
3200 2317 8 9 -1
3238 2319 7 9 H
3278 2318 6 6 *
3290 2321 5 8 t
3319 2321 7 9 A
3337 2310 3 20 ,

1904 2346 92 51 Die
2037 2347 134 50 letzte
2201 2347 149 50 Scene
2394 2347 135 50 führt
2571 2365 87 32 uns
2702 2347 47 50 in
2787 2346 75 50 die
2892 2345 135 51 Stadt
3066 2343 98 51 und
3192 2345 48 49 in
3269 2342 93 54 den

1783 2426 160 51 Palast
1966 2426 79 50 des
2067 2426 184 67 Königs
2275 2426 190 51 zurück.
2495 2426 172 51 Michal
2697 2426 250 50 vernimmt
2976 2425 75 49 die
3067 2422 173 52 Kunde
3269 2440 91 34 von

1785 2507 151 49 Saul's
1968 2505 130 51 Tode
2128 2506 96 50 und
2253 2506 131 67 klagt
2413 2524 80 32 um
2523 2506 81 50 ihn
2703 2507 112 49 Solo
2844 2505 85 49 mit
2947 2505 128 49 Chor
3094 2503 45 50 in
3158 2502 203 60 D-ITWU,

1785 2584 237 63 %-Tact:
2076 2586 217 58 „Streifet
2321 2586 61 51 ab
2412 2586 74 50 die
3019 2585 74 49 ein
3122 2586 123 57 Satz,
3276 2582 85 52 der

1782 2664 150 50 durch
1961 2665 125 49 seine
2124 2664 206 50 lebhafte
2357 2666 279 66 Bewegung
2679 2665 137 49 mehr
2858 2664 74 50 die
2959 2664 286 67 Aufregung
3274 2662 87 51 der

1785 2745 261 49 Gemüther
2076 2745 66 49 als
2180 2744 90 50 den
2299 2745 220 51 Schmerz
2563 2744 272 59 ausdrückt,
2878 2742 230 51 wodurch
3151 2742 87 51 auf
3273 2760 54 50 ge-

1785 2825 204 49 schickte
2029 2825 165 51 Weise
2237 2825 73 49 die
2349 2825 323 67 Eintönigkeit
2718 2824 332 50 wiederholter
3086 2825 239 66 Trauerge-

1786 2907 143 64 sänge
1956 2902 269 52 vermieden
2253 2905 71 49 ist.

1907 3003 152 50 David
2087 3004 123 66 singt
2238 3003 225 50 ebenfalls
2493 3004 74 48 ein
2595 3001 246 68 Klagelied
2886 3019 81 32 um
2996 3003 113 48 Saul
3149 3000 99 50 und
3274 3000 56 51 Jo-

1787 3081 193 60 nathan,
2009 3084 46 48 in
2084 3081 202 51 welches
2316 3083 85 49 der
2431 3081 128 51 Chor
2589 3080 276 51 wiederholt
2904 3080 44 50 in
2986 3080 174 50 kurzen
3189 3081 172 49 Sätzen

1787 3161 193 51 einfällt.
2009 3163 173 49 Michal
2213 3163 95 49 und
2337 3163 81 49 das
2436 3161 122 50 Volk
2586 3160 224 67 huldigen
2839 3161 96 49 ihm
2967 3161 66 49 als
3053 3159 177 68 König,
3259 3158 99 52 und

1787 3257 52 33 er
1866 3240 177 51 stimmt
2070 3241 73 50 ein
2166 3241 164 50 Dank-
2346 3240 98 51 und
2465 3239 221 51 Preislied
2719 3240 86 50 auf
2827 3240 115 48 Gott
2968 3239 92 51 den
3088 3239 162 49 Herrn
3279 3254 78 45 an,

1800 3319 149 60 „denn
1979 3321 124 50 seine
2128 3320 163 51 Gnade
2321 3319 96 51 und
2434 3320 260 51 Wahrheit
2721 3319 161 51 waltet
2910 3318 121 50 über
3057 3335 106 44 uns,
3192 3319 135 51 Halle-

2017 3431 15 5 -
2058 3401 142 49 Diese
2228 3401 178 51 Worte
2434 3400 191 51 werden
2655 3419 56 31 zu
2740 3400 151 50 einem
2920 3400 217 66 Hymnus
3165 3398 193 50 benutzt

1790 3479 202 68 (Allegro
2018 3497 82 34 ma
2125 3497 95 34 non
2248 3483 179 67 troppo,
2469 3480 169 62 C-dur,
2680 3479 248 67 74-Tact),
2957 3479 165 49 dessen
3151 3478 206 50 Melodie

1785 3575 90 33 von
1918 3559 85 51 der
2045 3561 299 50 Solostimme
2378 3560 189 50 David's
2609 3560 192 50 intonirt
2840 3558 98 50 und
2979 3559 120 49 nach
3139 3558 92 50 Art
3272 3556 85 52 der

1785 3639 349 66 Responsorien
2175 3657 105 33 vom
2333 3640 127 50 Chor
2502 3638 292 58 wiederholt,
2838 3636 125 51 dann
3014 3636 117 51 aber
3169 3644 162 44 contra-

1783 3719 249 66 punktisch
2063 3720 62 50 im
2157 3720 127 50 Chor
2313 3719 347 67 durchgeführt
2686 3718 136 59 wird,
2846 3716 174 68 jedoch
3048 3734 70 45 so,
3147 3716 108 52 dass
3285 3716 73 54 die

1783 3799 300 51 Solostimme
2111 3800 282 50 namentlich
2425 3815 152 50 gegen
2615 3798 84 49 das
2726 3796 139 51 Ende
2902 3798 82 49 hin
3018 3815 62 35 an
3117 3798 241 50 einzelnen

1785 3879 175 49 Stellen
1999 3879 178 51 wieder
2218 3880 91 50 hell
2356 3878 95 50 und
2502 3878 112 49 licht
2664 3878 97 49 sich
2803 3878 329 67 aufschwingt.
3188 3878 170 49 Dieser

1786 3958 128 50 Chor
1942 3958 146 53 bildet
2116 3959 89 51 den
2234 3958 248 67 würdigen
2515 3956 102 52 und
2643 3958 385 67 schwungvollen
3059 3958 187 52 Schluss
3274 3955 80 51 des

3098 4038 52 49 L.
3180 4037 52 48 B.

1784 4037 223 54 Werkes.
