2505 3910
135 313 142 61 Note
317 310 75 61 12
424 332 102 39 sur
559 309 60 61 la
656 309 207 81 poésie
900 314 179 79 nègre

259 470 173 53 Fixer
466 488 71 35 ait
580 469 167 72 point
777 475 75 47 où
891 469 80 53 les
1013 469 188 53 forces
1241 487 59 34 se
1351 471 135 50 sont
1529 466 385 66 accumulées,
1961 466 136 54 d'où
2137 466 52 54 le
2230 484 133 34 sens

136 556 242 53 formulé
418 555 188 71 jaillit,
641 554 51 53 le
722 560 428 66 rayonnement
1180 553 270 54 invisible
1479 553 71 52 de
1589 553 53 52 la
1671 551 334 68 substance,
2038 553 52 52 la
2121 551 245 54 relation

132 642 282 53 naturelle
448 640 142 54 mais
631 640 207 54 cachée
882 647 55 47 et
970 640 178 73 juste,
1201 643 355 62 naïvement,
1585 657 134 34 sans
1764 638 573 72 explication,-naïve-

136 733 183 48 ment.

246 814 83 54 La
376 816 208 54 beauté
632 817 330 53 d'arrondir
1008 822 51 47 et
1126 817 70 52 de
1262 816 210 72 régler,
1524 833 67 35 en
1637 814 237 66 formes,
1931 833 70 33 en
2061 817 273 49 construc-

134 901 174 67 tions,
352 902 85 53 les
493 903 222 71 images
766 902 228 75 d'après
1042 904 125 53 leur
1214 902 188 72 poids,
1463 902 254 58 couleur,
1774 901 392 66 matière,-ou
2215 898 123 53 d'ar-

136 1005 211 54 ranger
414 990 334 72 planement
809 991 82 52 les
940 991 231 52 valeurs
1227 990 82 52 les
1361 990 259 52 densités
1666 988 349 54 matérielles
2081 993 56 47 et
2192 986 140 54 dura-

136 1072 144 55 bles.
333 1076 146 52 Sans
522 1076 427 53 subordonner.
998 1075 423 54 Classification
1468 1075 145 53 dans
1662 1076 84 52 les
1804 1078 207 69 opéras
2069 1073 301 72 comiques

138 1161 376 53 sanctionnée
581 1181 100 54 par
728 1162 365 73 l'esthétique
1136 1162 102 52 des
1288 1162 372 52 accessoires.
1712 1161 101 69 (G,
1862 1179 138 34 mon
2060 1160 161 53 tiroir
2260 1176 72 36 nu-

140 1251 162 48 méro
345 1246 342 56 ABSOLU.
724 1263 7 45 )

230 1334 105 53 J'ai
386 1353 142 54 peur
570 1335 255 53 d'entrer
862 1335 144 53 dans
1053 1335 127 52 telle
1219 1334 225 53 maison
1467 1340 75 47 où
1587 1335 79 52 les
1705 1334 239 53 balcons
1985 1334 79 52 les
2122 1344 34 16 1,1
2201 1350 134 35 orne-

137 1426 190 46 ments
458 1428 134 45 sont
641 1421 476 61 soigneusement
1178 1421 174 52 collés
1416 1440 107 33 aux
1595 1439 180 36 murs.
1851 1420 290 53 Pourtant
2187 1420 47 52 le
2281 1437 60 35 so-

731 1475 33 18 o

134 1506 113 66 leil,
302 1508 80 52 les
451 1508 200 52 étoiles
715 1508 344 53 continuent
1109 1514 29 46 à
1186 1506 197 54 vibrer
1455 1512 56 48 et
1572 1506 418 55 bourdonnent
2058 1505 312 55 librement

137 1592 145 53 dans
321 1593 244 72 l'espace
590 1627 24 4 -
646 1594 146 52 mais
835 1594 93 70 j'ai
990 1612 145 53 peur
1183 1593 351 53 d'identifier
1590 1595 81 51 les
1718 1593 361 72 hypothèses
2116 1592 223 72 explica-

136 1678 150 53 tives
369 1691 9 52 (
411 1679 278 73 probable
739 1680 329 72 asphixiant
1100 1688 10 60 )
1182 1698 109 35 aux
1341 1679 289 73 principes
1676 1679 71 54 de
1792 1679 53 54 la
1901 1679 113 66 vie,
2070 1679 292 65 l'activité,

136 1764 52 52 la
231 1764 306 56 certitude.

222 1849 81 54 Le
347 1851 288 53 crocodile
679 1870 184 34 couve
907 1852 50 52 la
989 1852 90 52 vie
1114 1852 194 53 future
1354 1852 53 52 la
1449 1852 152 71 pluie
1630 1851 201 54 tombe
1864 1870 145 53 pour
2057 1852 51 52 le
2155 1852 215 53 silence

137 1938 262 70 végétal;
452 1955 76 34 on
576 1940 150 50 n'est
773 1956 103 53 pas
926 1942 263 48 créateur
1216 1956 105 53 par
1368 1937 297 72 analogie;
1713 1938 52 52 la
1792 1937 211 55 beauté
2045 1937 102 53 des
2196 1938 145 52 satel-

136 2022 128 53 lites
288 2055 26 5 -
336 2023 446 63 enseignement
811 2023 70 54 de
923 2025 455 53 lumière-nous
1417 2028 340 50 contentera
1801 2044 95 33 car
1942 2042 150 36 nous
2122 2042 71 36 ne
2217 2042 124 35 soin-

136 2126 123 36 mes
317 2127 98 54 pas
461 2111 147 52 Dieu
658 2129 110 53 que
813 2129 148 53 pour
1008 2111 50 55 le
1105 2129 139 53 pays
1286 2110 73 53 de
1413 2115 169 48 notre
1627 2111 416 53 connaissance
2094 2111 145 53 dans
2286 2111 84 52 les

134 2195 108 53 lois
286 2214 113 53 que
457 2210 150 39 nous
656 2196 214 53 vivons
933 2197 385 71 l'expérience
1382 2215 99 36 sur
1529 2201 169 62 terre,
1749 2196 101 53 des
1893 2197 154 54 deux
2095 2201 163 50 cotés
2297 2197 71 54 de

136 2286 169 47 notre
357 2286 297 66 équateur,
715 2282 143 54 dans
907 2300 108 36 nos
1088 2282 339 55 frontières:
1476 2282 262 73 exemple
1791 2284 209 71 parfait
2052 2284 70 53 de
2165 2282 206 55 l'infini

138 2385 109 52 que
300 2385 144 33 nous
494 2385 267 54 pouvons
804 2369 293 52 contrôler
1120 2369 102 52 -la
1251 2370 227 71 sphère.

213 2453 291 52 Arrondir
527 2459 56 47 et
627 2454 186 71 régler
856 2473 70 33 en
969 2454 237 66 formes,
1242 2474 70 33 en
1355 2455 452 66 constructions,
1860 2456 80 52 les
1986 2456 220 72 images
2248 2456 90 52 d'a-

142 2544 128 66 près
315 2539 120 52 leur
477 2539 186 71 poids,
711 2540 255 61 couleur,
1017 2540 260 68 matière,
1303 2559 124 35 -ou
1467 2559 279 54 arranger
1775 2542 339 72 planement
2155 2543 85 53 les
2265 2562 69 33 va-

141 2625 171 60 leurs,
369 2625 78 52 les
501 2625 260 54 densités
799 2627 350 53 matérielles
1203 2634 55 47 et
1289 2628 272 54 durables
1610 2646 104 53 par
1756 2629 50 52 la
1855 2629 367 71 personnelle
2263 2629 68 53 dé-

141 2710 180 51 cision
372 2717 55 45 et
477 2710 239 54 fermeté
778 2710 393 56 inébranlable
1227 2714 69 54 de
1346 2714 52 54 la
1440 2715 340 67 sensibilité,
1862 2714 468 73 compréhensibi-

140 2796 95 52 lité
284 2796 285 72 adéquate
612 2802 30 47 à
682 2797 52 53 la
788 2798 239 52 matière
1067 2801 406 66 transformée,
1526 2807 130 48 tout
1730 2811 129 62 près
1902 2801 102 52 des
2069 2801 200 53 veines
2311 2807 57 48 et

140 2883 86 69 s'y
273 2882 244 52 trottant
559 2900 71 34 en
688 2882 325 54 souffrance
1074 2903 148 54 pour
1270 2887 52 53 la
1379 2887 118 71 joie
1535 2893 290 68 présente,
1886 2887 321 56 définitive.
2274 2888 92 54 On

140 2971 128 49 crée
306 2985 79 35 un
443 2967 352 72 organisme,
842 2969 193 70 quand
1079 2972 83 52 les
1211 2973 281 54 éléments
1534 2980 135 48 sont
1728 2978 158 68 prêts
1929 2980 30 47 à
1999 2975 53 52 la
2097 2975 113 53 vie.
2283 2975 84 52 La

138 3053 195 71 poésie
381 3053 85 54 vit
514 3053 243 54 d'abord
819 3072 147 54 pour
1016 3056 79 53 les
1143 3057 292 56 fonctions
1484 3060 72 53 de
1614 3061 199 66 danse,
1864 3060 267 72 religion,
2183 3061 147 53 musi-

141 3159 131 51 que,
322 3140 220 53 travail.

1325 3220 350 56 TRISTAN
1746 3221 263 53 TZARA
2063 3222 221 71 (1917)

183 3359 240 40 Précédant
457 3361 37 36 la
529 3363 103 34 note
654 3372 75 27 sur
764 3361 38 38 la
825 3361 184 39 relation
1048 3366 121 35 entre
1195 3364 38 39 la
1257 3367 149 47 poésie
1449 3368 132 47 nègre
1619 3370 43 35 et
1681 3367 41 39 la
1747 3368 148 49 poésie
1919 3368 213 38 nouvelle.
2160 3368 203 51 Principe

231 3410 33 47 je
265 3422 33 24 ne
447 3413 154 34 veaxmême
602 3422 62 35 pas
686 3411 142 36 savoir
849 3411 64 36 s'il
932 3423 72 37 ya
1027 3424 47 24 eu
1097 3414 71 37 des
1197 3415 177 38 hommes
1397 3420 124 33 avant
1544 3419 81 34 moi
1695 3422 9 44 (
1728 3418 229 38 Descartes
1976 3418 25 47 ),

140 3460 191 45 quelques
372 3460 77 35 lois
486 3460 249 35 essentielles
758 3462 37 33 et
816 3460 181 47 simples,
1029 3461 294 47 fermentation
1354 3466 263 47 pathétiques
1648 3470 37 33 et
1723 3469 154 34 sourde
1898 3469 120 35 d'une
2056 3470 109 34 terre
2187 3470 132 37 solide

1738 3537 16 43 (
1777 3535 205 46 TZARA)
