2575 3441
1519 447 199 37 Ausnützung
1743 446 97 28 seiner
1861 446 156 39 Fähigkeit,
2042 456 37 19 zu
2105 446 193 35 beobachten,
2324 446 48 28 hin-

1518 491 126 39 länglich
1665 492 141 38 geschult.
1847 493 110 28 Darum
1979 492 74 29 auch
2074 491 47 29 nie
2149 491 65 29 eine
2239 491 146 40 peinliche

1520 539 225 37 Anstrengung;
1776 538 66 29 alles
1871 542 106 25 strömt
2001 538 60 29 ihm
2084 536 31 31 in
2139 538 171 29 Ueberfluss
2335 546 52 26 zu;

1518 584 67 28 alles
1618 584 147 29 erscheint
1796 594 62 19 von
1887 584 244 29 künstlerischem
2158 584 148 39 Schwung
2337 593 33 29 ge-

1517 638 117 30 tragen;
1656 629 138 39 nirgends
1816 629 64 29 eine
1896 629 167 39 Scheidung
2078 629 149 30 zwischen
2242 629 143 29 Gedanke

1517 676 62 29 und
1604 675 209 40 Ausführung;
1842 676 130 29 Besnard
1996 676 49 29 hat
2073 684 70 21 stets
2173 676 53 29 mit
2250 676 48 28 ein
2324 673 62 32 und

1518 722 172 29 demselben
1715 721 85 30 Griff
1818 722 46 29 die
1891 722 69 29 Idee
1985 722 61 29 und
2074 722 47 29 die
2149 722 97 34 Form,
2273 722 47 29 die
2345 721 40 30 sie

1518 767 153 29 bekleiden
1703 767 62 29 soll.
1811 768 68 29 «Ich
1913 768 132 38 glaube»,
2082 767 129 29 schreibt
2242 778 31 18 er
2305 767 79 29 eines

1516 813 107 39 Tages,
1648 813 82 29 «dass
1752 823 29 20 es
1803 814 79 29 ohne
1904 814 48 29 die
1974 814 94 35 Gabe,
2090 813 61 29 sich
2172 814 79 28 ohne
2272 814 113 36 Zwang

1516 870 38 19 zu
1589 859 140 30 erinnern
1764 860 106 29 keinen
1897 860 140 29 Künstler
2073 859 95 38 geben
2196 860 86 28 kann.
2328 859 58 30 Die

1516 905 139 30 schönste
1670 905 210 39 Veranlagung
1894 906 37 28 ist
1946 905 55 35 die,
2022 905 46 29 bei
2083 905 52 29 der
2150 906 47 28 die
2213 905 172 40 Schöpfung

1517 951 47 29 die
1593 951 235 29 unmittelbarste
1854 952 172 29 Resultante
2054 961 48 19 aus
2131 951 53 30 der
2211 952 174 38 Eingebung

1516 998 45 29 ist.
1593 998 75 28 Was
1690 997 46 29 die
1759 998 172 29 schlechten
1952 999 93 28 Maler
2067 998 105 35 macht,
2193 999 37 28 ist
2251 998 46 29 die
2318 998 51 29 Dis-

1517 1044 151 29 harmonie
1689 1043 149 29 zwischen
1861 1043 87 29 Geist
1968 1044 62 28 und
2051 1044 121 29 Hand.»

1576 1089 99 29 Damit
1707 1090 54 37 gab
1793 1090 129 28 Besnard
1957 1091 174 28 unbewusst
2162 1088 222 40 grundlegende

1517 1135 121 39 Regeln.
1667 1136 92 28 Keine
1775 1137 97 27 Kunst
1891 1136 38 29 ist
1951 1136 151 29 decorativ
2123 1136 104 29 sofern
2249 1136 39 29 sie
2304 1135 81 29 nicht

1516 1181 54 29 der
1594 1181 214 29 vornehmsten
1829 1181 176 39 Bedingung
2030 1182 85 38 folgt,
2145 1182 88 38 völlig
2262 1181 108 29 einheit-

1515 1227 58 29 lich
1587 1236 38 20 zu
1647 1227 69 29 sein.
1752 1228 107 28 Wenn
1874 1228 89 29 daher
1979 1228 51 29 der
2041 1228 140 29 Künstler
2201 1236 184 30 gezwungen

1515 1272 45 36 ist,
1582 1273 88 37 jeden
1685 1274 186 38 Augenblick
1885 1274 72 29 Halt
1978 1284 37 19 zu
2036 1275 132 34 machen,
2190 1275 65 37 jede
2270 1272 97 31 Einzel-

1515 1319 61 28 heit
1601 1328 140 30 getrennt
1769 1319 205 36 auszuführen,
1995 1320 66 29 weil
2088 1330 31 18 er
2145 1320 104 29 immer
2275 1319 111 29 wieder

1515 1365 50 29 das
1591 1365 115 29 Modell
1734 1375 36 19 zu
1799 1366 71 29 Rate
1901 1366 105 30 ziehen
2037 1376 87 25 muss,
2150 1376 33 19 so
2209 1366 120 29 verliert
2354 1374 31 19 er

1515 1410 61 30 den
1606 1411 81 29 Blick
1718 1410 49 31 für
1797 1412 50 29 das
1876 1413 169 34 Ensemble;
2079 1413 59 28 den
2168 1412 216 29 verschiednen

1515 1456 108 29 Teilen
1649 1457 52 28 des
1727 1457 126 29 Ganzen
1877 1457 74 31 fehlt
1974 1458 50 29 das
2045 1458 90 36 Band,
2161 1458 54 29 der
2241 1458 128 29 unerläss-

1514 1501 76 30 liche
1611 1503 263 39 Zusammenhang.
1913 1506 71 28 Man
2005 1505 74 29 wird
2100 1504 129 29 Besnard
2251 1503 47 29 die
2321 1504 42 28 Ge-

1515 1548 174 39 rechtigkeit
1710 1549 198 30 widerfahren
1929 1551 94 28 lassen
2045 1553 127 32 müssen,
2195 1550 63 29 dass
2275 1560 30 19 er
2321 1549 63 30 sich

1515 1594 48 29 nie
1586 1605 62 18 von
1670 1595 100 29 diesen
1792 1596 211 29 Grundsätzen
2025 1595 133 30 entfernt
2178 1596 57 29 hat.

1574 1641 109 29 Davon
1703 1642 96 29 Probe
1825 1643 171 38 abzulegen,
2023 1652 61 20 war
2107 1642 60 29 ihm
2195 1652 67 19 zum
2285 1651 97 20 ersten

1514 1686 58 29 Mal
1605 1692 156 33 vergönnt,
1793 1688 37 29 als
1860 1688 48 29 das
1938 1689 197 28 Ministerium
2167 1689 52 28 der
2250 1689 132 28 schönen

1514 1733 114 28 Künste
1649 1733 61 30 ihm
1731 1733 47 30 die
1801 1734 265 39 Ausschmückung
2088 1734 51 29 des
2156 1734 151 29 Vestibüls
2329 1733 53 30 der

1513 1778 111 29 Pariser
1638 1779 90 30 Ecole
1743 1780 37 29 de
1796 1781 165 29 Pharmacie
1975 1781 152 38 übertrug.
2156 1780 71 29 Wir
2241 1781 97 29 haben
2352 1789 29 19 es

1514 1824 62 29 hier
1598 1824 53 30 mit
1672 1825 81 30 einer
1774 1827 169 28 staatlichen
1957 1827 119 28 Anstalt
2095 1826 50 30 für
2163 1826 49 29 ein
2231 1827 150 39 specielles

1514 1870 146 29 Lehrfach
1692 1882 36 18 zu
1759 1872 82 30 thun.
1884 1871 145 30 Offenbar
2062 1873 77 29 kann
2174 1873 48 28 ein
2254 1870 127 31 Besnard

1514 1916 82 29 nicht
1611 1916 87 30 daran
1714 1917 116 30 denken
1852 1918 53 29 der
1923 1919 237 38 gewöhnlichen,
2182 1919 77 29 alten
2276 1918 89 30 Schab-

1513 1962 69 29 lone
1607 1972 37 20 zu
1672 1962 113 40 folgen:
1813 1965 38 28 Er
1874 1965 76 29 wird
1979 1965 81 29 nicht
2084 1965 30 29 in
2139 1965 171 29 willkürlich
2337 1973 30 20 er-

1512 2019 151 18 sonnener
1669 2009 104 29 Weise
1786 2009 46 29 die
1841 2011 202 39 Begründung
2052 2012 53 28 der
2112 2012 103 29 Schule
2224 2011 156 32 schildern,

1511 2055 83 30 nicht
1617 2054 45 30 ihr
1691 2055 191 31 allmähliches
1905 2058 153 29 Wachsen
2084 2069 28 18 u.
2131 2069 20 18 s.
2172 2069 34 18 w.
2231 2058 28 29 in
2287 2059 93 28 Scene

1511 2110 111 20 setzen.
1664 2101 38 29 Er
1733 2102 74 29 wird
1832 2103 97 28 Bilder
1962 2104 102 38 geben,
2096 2104 47 29 die
2175 2114 31 19 er
2233 2103 148 30 vielleicht

1512 2147 76 29 einst
1620 2148 137 38 gesehen,
1790 2148 46 29 die
1869 2149 152 30 sicherlich
2052 2150 60 29 den
2143 2150 153 29 Anschein
2328 2149 53 29 der

1512 2192 158 30 Wahrheit
1699 2203 103 29 tragen
1830 2195 62 29 und
1920 2195 48 30 die
1996 2196 112 29 seinem
2139 2197 167 28 Gedanken
2337 2192 52 32 am'

1512 2239 236 30 bestimmtesten
1770 2241 158 29 Ausdruck
1954 2252 37 18 zu
2018 2243 95 37 geben
2139 2242 138 39 geeignet
2302 2241 76 31 sind:

1511 2285 55 29 Die
1596 2286 116 28 kleinen
1740 2286 112 36 Felder,
1879 2287 46 29 die
1946 2288 63 30 sich
2033 2288 60 30 ihm
2120 2289 113 35 bieten,
2260 2288 120 30 werden

1510 2331 94 29 durch
1626 2331 47 29 die
1695 2332 188 39 Darstellung
1904 2333 53 30 der
1973 2335 152 28 Elemente
2151 2335 155 39 gleichsam
2327 2341 52 22 zur

1510 2377 139 29 Vorrede
1676 2378 50 29 des
1753 2379 206 39 Hauptwerks,
1986 2380 62 29 und
2078 2380 64 29 eine
2164 2381 143 30 wahrhaft
2335 2388 30 19 er-

1510 2424 97 28 habne
1633 2424 179 40 Inspiration
1837 2425 69 30 lässt
1929 2427 129 29 Besnard
2084 2428 39 28 im
2145 2427 160 30 Contraste
2327 2426 51 29 des

1510 2468 171 41 primitiven
1702 2471 53 28 mit
1776 2470 67 30 dem
1865 2472 168 30 modernen
2051 2474 167 29 Menschen
2239 2474 68 29 dem
2329 2473 33 28 be-

1510 2515 298 30 wundernswerthen
1830 2517 109 36 Anteil,
1961 2519 158 29 Ausdruck
2141 2520 159 36 verleihen,
2327 2518 52 29 der

1510 2561 55 28 der
1579 2562 218 29 Wissenschaft
1819 2562 52 30 auf
1888 2564 68 29 dem
1972 2564 128 30 Gebiete
2121 2566 256 29 civilisatorischen

1510 2608 192 29 Fortschritts
1717 2608 163 39 zugefallen
1901 2610 45 29 ist.
1981 2611 75 28 Von
2073 2621 62 19 nun
2157 2612 34 28 ab
2211 2612 39 30 ist
2271 2622 28 19 es
2322 2619 36 20 un-

1510 2654 127 39 möglich
1659 2654 46 29 die
1726 2656 99 28 Natur
1846 2656 53 29 der
1920 2656 62 30 hier
1997 2656 193 39 getriebenen
2205 2658 121 30 Studien
2340 2662 37 23 zu

1510 2700 183 34 verkennen;
1720 2702 61 29 ihre
1798 2701 81 30 Ziele
1896 2703 67 28 aber
1975 2703 124 29 werden
2116 2714 53 19 uns
2189 2705 46 28 die
2255 2710 122 34 grossen

1510 2745 251 41 Compositionen
1784 2748 185 29 offenbaren:
1998 2749 68 28 Auf
2085 2749 68 29 dem
2175 2760 98 20 ersten
2304 2749 73 30 sieht

1510 2801 66 19 man
1598 2792 64 29 eine
1683 2794 73 29 Frau
1781 2794 53 29 auf
1852 2794 94 30 ihrem
1961 2795 101 39 Lager,
2082 2796 144 36 schwach,
2247 2794 129 38 hinfällig

1549 2973 0 0 180
