2575 3441
644 481 90 29 Auch
761 481 30 29 in
819 487 120 35 spätem
967 486 105 31 Zeiten
1101 488 77 31 blieb
1210 491 47 29 die
1286 493 166 42 Strandung

584 524 79 30 eines
676 531 155 33 grösseren
842 529 102 30 Wales
959 539 72 22 stets
1044 534 47 29 ein
1101 535 157 32 Aufsehen
1272 542 179 37 erregendes

583 570 145 38 Ereigniss
750 573 62 29 und
833 584 62 19 von
916 576 70 30 weit
1010 579 61 29 und
1093 580 77 31 breit
1193 592 98 31 zogen
1311 586 140 31 Künstler

581 616 64 29 und
666 618 107 28 andere
797 619 149 33 «küriöse»
964 624 94 30 Leute
1079 626 97 38 dahin,
1197 639 51 19 um
1270 631 47 29 ein
1335 633 114 30 solches

580 663 215 30 Meerwunder
815 675 37 21 zu
873 668 135 31 schauen.
1048 673 56 29 Die
1125 674 267 40 Kunstgeschichte
1412 680 38 29 ist

580 708 164 39 genöthigt,
767 711 58 29 den
846 714 183 41 vorzeitigen
1050 718 73 30 Tod
1138 721 132 30 Duerers
1292 724 52 29 auf
1353 726 76 30 Rech-

580 762 81 30 nung
682 755 82 30 einer
779 757 122 32 solchen
916 762 173 32 Wal-Fahrt
1102 774 37 21 zu
1154 768 163 30 schreiben.
1356 772 91 29 «Item

580 808 30 20 es
630 800 38 29 ist
690 801 47 30 ein
757 803 166 33 Wahlfisch
944 818 36 19 zu
994 809 128 41 Zirkgen
1142 812 32 30 in
1188 813 122 32 Seeland
1328 817 105 37 (Zierik-

579 855 52 18 zee
668 847 52 29 auf
747 850 177 41 Schouwen)
961 856 55 28 mit
1049 856 82 30 einer
1161 868 124 29 grossen
1315 862 131 33 Fortuna

581 891 105 40 (Fluth)
710 895 62 29 und
787 896 179 33 Sturmwind
988 912 50 18 ans
1053 903 83 29 Land
1150 905 156 30 kommen»
1331 909 114 30 schrieb

576 938 118 31 Duerer
714 950 58 27 1520
794 953 37 19 zu
851 945 131 30 Antorff
998 948 208 41 (Antwerpen)
1229 951 31 30 in
1281 953 50 30 das
1346 956 80 38 Tage-

577 984 78 31 buch
675 986 96 30 seiner
792 989 274 34 niederländischen
1086 996 96 31 Reise.
1226 1000 79 28 «Der
1329 1000 37 30 ist
1386 1002 59 30 viel

574 1031 83 30 mehr
679 1032 83 31 denn
782 1035 129 31 hundert
924 1039 122 30 Klaffter
1066 1041 66 40 lang
1153 1044 62 28 und
1228 1044 63 29 lebt
1305 1045 139 32 niemand

573 1087 31 18 in
625 1077 130 39 Seeland,
777 1081 52 29 der
850 1083 49 29 ein
920 1085 129 37 gesehen
1072 1087 58 36 hat,
1156 1088 54 30 der
1234 1089 45 30 am
1303 1092 139 31 Drittaihl

574 1132 61 20 von
662 1125 54 29 der
735 1127 66 39 lang
825 1128 67 30 hett
915 1131 107 38 gehabt
1045 1133 63 29 und
1136 1134 53 30 der
1209 1136 86 30 Fisch
1320 1138 55 29 kan
1399 1139 44 31 nit

573 1179 71 20 vom
664 1171 93 38 Land,
782 1174 51 30 das
847 1175 82 30 Volk
950 1177 66 30 seht
1036 1188 83 29 gern,
1141 1181 49 29 das
1212 1192 32 19 er
1265 1193 67 30 weg
1353 1195 88 26 were,

572 1215 57 31 dan
650 1217 41 30 sie
712 1218 140 31 forchten
873 1221 61 30 den
960 1233 123 28 grossen
1105 1226 142 39 Gestank,
1273 1230 58 29 dan
1352 1241 31 19 er
1403 1232 38 29 ist

571 1271 33 20 so
626 1272 92 30 gross,
740 1265 49 29 das
812 1266 40 29 sie
874 1267 125 37 mainen,
1021 1281 68 18 man
1110 1271 99 31 könne
1230 1274 51 33 ihn
1295 1276 30 30 in
1341 1276 98 31 einem

568 1308 108 30 halben
685 1310 68 37 Jahr
765 1311 44 30 nit
821 1312 148 31 aufhauen
980 1315 63 29 und

568 1355 59 28 Oel
635 1366 62 19 von
704 1356 33 29 in
744 1357 164 31 sieden...«
924 1360 118 30 Duerer

565 1399 52 30 ritt
625 1411 44 19 am
677 1402 40 29 St.
725 1404 246 32 Barbara-Abend
979 1417 62 20 von

565 1447 189 41 Antwerpen
775 1450 75 30 nach
867 1452 116 39 Bergen
999 1464 41 29 op

564 1493 112 35 Zoom;
698 1504 33 20 er
742 1495 45 29 litt
798 1505 170 32 unterwegs
981 1499 44 29 bei-

563 1539 57 29 nah
636 1540 188 31 Schiffbruch
837 1543 63 29 und
919 1554 119 27 musste,

563 1584 38 30 als
632 1596 31 18 er
690 1587 75 28 nach
790 1587 149 32 Zierikzee
963 1592 73 35 kam,

563 1631 79 29 ohne
659 1632 60 30 den
732 1633 137 37 Anblick,
886 1635 52 29 der
957 1637 79 29 seine

560 1676 153 31 Phantasie
722 1688 33 20 so
762 1681 75 27 stark
844 1691 97 29 erregt
947 1682 88 37 hatte,

561 1724 156 37 geniessen
731 1735 37 18 zu
780 1725 128 38 können,
923 1728 112 30 wieder

560 1769 175 37 umkehren,
760 1771 81 30 denn
868 1772 46 29 die
946 1774 71 30 «For-

560 1823 85 21 tuna»
659 1815 79 30 hatte
747 1816 59 30 den
818 1828 123 28 grossen
948 1820 85 30 Fisch

559 1860 111 30 wieder
675 1863 194 38 weggeführt.
881 1865 52 29 Bei
938 1865 95 31 dieser

557 1907 248 32 Dezemberfahrt
833 1912 113 29 erwarb
978 1923 32 18 er
1038 1913 46 30 die
1112 1915 167 38 Krankheit,
1304 1918 48 30 die
1376 1919 53 30 ihn

557 1952 49 29 nie
621 1953 112 30 wieder
747 1956 128 35 verhess,
891 1957 93 30 deren
999 1958 57 31 Sitz
1071 1970 32 19 er
1115 1961 33 30 in
1162 1962 80 29 einer
1256 1964 172 31 rührenden

557 1998 284 42 Spiegelzeichnung
855 2002 96 30 seines
967 2005 183 31 entblössten
1165 2009 128 39 Körpers
1308 2009 49 31 für
1368 2011 60 29 den

557 2045 133 29 entfernt
711 2047 194 31 wohnenden
926 2050 76 29 Arzt
1030 2053 179 37 angedeutet
1229 2055 56 36 hat,
1307 2057 62 28 und
1391 2068 35 19 an

557 2090 53 30 der
637 2101 32 19 er
697 2092 177 31 schliesslich
901 2097 161 37 gestorben
1092 2098 45 30 ist.
1190 2101 88 29 «Und
1307 2101 40 30 do
1376 2103 50 31 ich

556 2137 147 30 vormahls
731 2138 32 29 in
790 2140 122 30 Seeland
943 2152 65 25 war,
1036 2143 40 30 do
1107 2145 141 30 überkam
1280 2148 48 30 ich
1359 2149 65 29 eine

556 2183 204 30 wunderliche
791 2185 169 38 Krankheit,
992 2199 62 19 von
1084 2190 87 30 derer
1200 2192 49 30 ich
1279 2194 48 29 nie
1360 2206 64 18 von

555 2228 115 29 keinem
695 2231 72 28 Man
793 2232 106 38 gehört
919 2234 64 28 und
1008 2234 79 31 diese
1109 2237 157 31 Krankheit
1290 2240 65 29 hab
1375 2240 49 31 ich

555 2274 107 37 noch»,
685 2276 114 29 schrieb
822 2288 32 18 er
874 2288 50 27 1521
944 2279 31 30 in
996 2280 64 30 sein
1081 2282 172 40 Tagebuch.

614 2321 89 29 Diese
734 2322 49 29 für
811 2323 45 29 die
888 2326 266 39 Kunstgeschichte
1185 2330 238 42 denkwürdigste

554 2365 168 40 Strandung
742 2368 50 30 hat
806 2370 153 29 Professor
977 2372 39 29 G.
1032 2374 138 31 Pouchet
1189 2377 31 28 in
1235 2377 101 29 seinen
1351 2388 72 21 vom

553 2410 65 30 rein
643 2413 213 39 zoologischen
882 2416 201 41 Standpunkte
1110 2421 184 38 abgefassten
1320 2424 82 30 Denk-

553 2456 143 32 schriften
723 2460 73 28 über
821 2461 349 44 Walfischstrandungen
1198 2467 58 38 (die
1281 2471 141 38 1890—92

553 2503 155 30 mehreren
730 2506 153 37 gelehrten
897 2509 237 33 Gesellschaften
1148 2514 188 30 Frankreichs
1352 2526 52 19 vor-

553 2547 98 40 gelegt
665 2551 134 39 wurden)
817 2554 177 38 übersehen;
1010 2566 31 19 er
1055 2557 49 30 hat
1118 2559 74 30 auch
1207 2559 83 32 nicht
1304 2562 117 37 geahnt,

552 2602 57 18 wie
640 2596 199 41 merkwürdig
874 2600 133 30 mehrere
1043 2602 96 30 seiner
1170 2615 49 19 aus
1250 2607 171 30 arabischen

553 2637 229 34 Schriftstellern
813 2644 51 30 des
895 2646 187 31 Mittelalters
1114 2659 173 30 gezogenen
1319 2653 81 31 Nach-

552 2682 115 31 richten
695 2687 74 30 über
795 2690 46 29 die
866 2692 177 40 Benutzung
1071 2694 54 30 der
1151 2697 193 41 Walgerippe
1370 2698 50 31 für

552 2726 48 29 die
621 2729 264 41 Kunstgeschichte
911 2739 72 29 sind.
1026 2740 128 30 Hierher
1179 2742 105 38 gehört
1311 2744 108 30 bereits

552 2771 63 37 das,
644 2786 58 19 was
728 2788 62 20 von
818 2780 59 30 den
901 2783 227 32 Schriftstellern
1156 2787 52 31 des
1234 2790 184 30 Alterthums

551 2818 74 29 über
650 2820 46 30 die
721 2823 214 35 Küstenvölker
960 2830 51 29 des
1036 2831 153 32 indischen
1214 2836 117 29 Meeres
1356 2836 62 30 und

1531 501 172 38 persischen
1724 503 194 32 Meerbusens
1940 508 112 29 erzählt
2072 508 83 31 wird.
2190 511 75 35 „Die
2280 507 102 32 Gedro

1626 556 63 30 sagt
1709 549 114 30 Plinius
1845 552 64 37 (IX,
1924 553 33 38 3),
1979 554 114 30 welche
2115 565 45 20 am
2180 558 99 28 Flusse
2293 551 89 34 Arabi

1531 593 144 36 wohnen,
1703 595 96 30 sollen
1826 597 76 29 nach
1930 599 67 29 dem
2026 601 136 30 Berichte
2189 602 53 30 der
2266 602 116 29 Flotten

1530 638 205 31 befehlshaber
1746 641 183 32 Alexanders
1941 645 51 28 des
2005 646 145 38 Grossen,
2166 648 47 30 die
2224 649 169 34 Thorwege

1529 694 35 19 an
1578 685 86 30 ihren
1679 687 137 30 Häusern
1834 699 50 19 aus
1899 690 58 29 den
1973 691 166 32 Kinnladen
2154 695 117 29 solcher
2284 691 108 32 Thiere

1527 731 133 36 machen,
1681 733 63 29 und
1758 734 47 28 die
1820 734 148 31 Knochen
1983 737 164 38 derselben,
2168 740 93 30 deren
2276 750 29 18 es
2321 734 71 33 viele

1526 786 63 20 von
1595 789 41 25 40
1642 778 188 40 EllenLänge
1835 780 88 38 giebt,
1929 792 37 19 zu
1971 783 206 41 Dachsparren
2183 784 199 41 gebrauchen.'

1526 822 59 28 Das
1597 823 156 30 Nämliche
1769 826 137 30 erzählen
1920 828 134 30 Strabon
2070 831 80 37 (XV,
2164 834 24 36 2)
2205 832 62 29 und
2278 832 113 29 Arrian

1528 867 110 38 (Indica
1666 880 25 19 c.
1712 872 43 36 29)
1790 882 62 18 von
1880 872 60 30 den
1968 874 259 42 Ichthyophagen,
2263 877 46 29 die
2340 873 48 29 der

1525 914 91 29 Küste
1638 915 51 29 des
1710 915 154 32 indischen
1885 920 118 29 Meeres
2030 922 81 30 noch
2136 924 91 30 näher
2247 922 141 31 wohnten

1523 960 64 28 und
1618 961 53 28 alle
1706 961 80 30 diese
1818 965 205 30 Nachrichten
2058 968 96 37 gehen
2188 970 52 29 auf
2266 969 121 30 Nearch

1523 1007 119 35 zurück,
1657 1007 53 29 der
1725 1007 79 30 diese
1818 1010 249 32 Walfischhäuser
2082 1014 61 29 und
2158 1013 229 31 Walfischthore

1521 1050 42 30 im
1588 1052 115 30 vierten
1719 1054 200 36 Jahrhundert
1945 1067 56 19 vor
2024 1069 124 19 unserer
2168 1060 218 33 Zeitrechnung

1521 1096 49 30 bei
1584 1098 59 28 den
1658 1099 187 30 Gedrosiern
1859 1101 63 30 und
1934 1103 246 41 Ichthyophagen
2194 1107 39 29 im
2248 1104 138 39 heutigen

1520 1143 222 31 Beludschistan
1763 1146 58 30 sah.

1580 1190 72 28 Man
1672 1191 103 29 würde
1796 1193 70 28 aber
1887 1193 67 31 sehr
1968 1195 87 36 irren,
2076 1208 91 19 wenn
2181 1209 68 19 man
2263 1196 121 41 glauben

1520 1235 111 36 wollte,
1653 1236 80 29 diese
1754 1237 352 35 Walfisch-Architektur
2133 1245 42 28 sei
2199 1253 60 21 erst
2280 1240 102 32 damals

1520 1291 56 18 vor
1603 1292 67 18 2200
1694 1283 108 36 Jahren
1834 1284 147 30 erfunden
2009 1289 126 29 worden
2166 1291 61 29 und
2259 1287 53 33 auf
2327 1286 56 29 den

1913 1331 100 31 Süden
2044 1335 131 30 Persiens
2212 1331 171 34 beschränkt

1912 1387 147 28 gewesen.
2125 1381 158 31 Sicherlich
2319 1374 62 34 sind

1910 1423 40 29 im
1964 1425 179 38 Gegentheil
2157 1428 46 30 die
2218 1425 163 38 mächtigen

1910 1469 168 31 Kinnladen
2100 1474 64 28 und
2188 1474 119 39 Rippen
2330 1469 50 29 des

1910 1515 84 29 Wals
2022 1527 37 19 an
2085 1518 75 30 allen
2185 1520 122 34 Küsten,
2332 1522 47 23 wo

1909 1561 89 29 Wale
2026 1564 181 37 strandeten,
2239 1564 54 30 seit
2323 1561 57 29 den

1908 1607 127 29 ältesten
2061 1609 107 31 Zeiten
2192 1621 39 19 zu
2258 1607 121 33 solchen

1907 1653 103 30 Noth-
2037 1656 62 28 und
2127 1657 249 30 Schmuckbauten

1905 1701 176 29 verwendet
2101 1703 134 36 worden,
2260 1701 57 30 wie
2337 1695 40 31 sie

1907 1745 81 29 noch
2002 1746 140 40 heutigen
2156 1750 98 38 Tages
2270 1757 36 20 an
2319 1744 57 29 den

1904 1791 183 31 nordischen
2101 1795 123 36 Küsten,
2238 1790 138 34 woselbst

1905 1836 47 30 die
1965 1838 196 33 Holzarmuth
2173 1841 73 29 dazu
2258 1838 116 35 zwingt,

1901 1881 31 31 in
1957 1883 96 30 dieser
2072 1886 105 29 Weise
2203 1881 171 35 verwendet

1509 1921 131 31 werden.
1688 1924 101 30 Schon
1817 1936 34 19 an
1879 1929 249 38 prähistorischen
2149 1931 224 40 Wohnplätzen

1508 1966 51 30 des
1581 1969 166 30 Menschen
1768 1970 51 30 hat
1840 1983 67 19 man
1922 1975 284 33 Walfischknochen
2229 1977 53 30 mit
2308 1972 48 31 Ein-

1507 2013 151 30 schnitten
1701 2016 62 29 und
1807 2019 153 39 sonstigen
2004 2022 114 40 Spuren
2161 2019 211 35 menschlicher

1506 2058 196 41 Bearbeitung
1733 2064 192 38 angetroffen.
1977 2068 72 29 Und
2077 2080 91 20 wenn
2199 2080 66 20 man
2295 2067 75 29 dann

1505 2104 138 37 bedenkt,
1679 2107 62 29 dass
1774 2108 32 30 in
1835 2110 143 32 früheren
2005 2114 243 37 Jahrtausenden,
2280 2114 90 29 bevor

1505 2150 48 29 die
1567 2151 89 30 Wale
1678 2153 129 40 verfolgt
1828 2157 134 37 wurden,
1984 2159 56 30 viel
2061 2162 197 30 zahlreichere
2274 2160 79 29 Stran-

1504 2196 121 39 dungen
1647 2203 149 33 grösserer
1809 2201 88 30 Wale
1920 2204 109 40 erfolgt
2050 2207 62 29 sein
2133 2210 127 33 müssen,
2282 2206 37 29 als
2340 2201 29 29 in

1503 2251 126 21 neuerer
1640 2244 75 36 Zeit,
1730 2256 49 18 wo
1790 2247 120 38 jährlich
1920 2250 159 32 Tausende
2094 2254 136 38 getödtet
2240 2249 127 35 werden,

1503 2297 34 20 so
1574 2289 125 39 begreift
1732 2302 80 26 man,
1848 2294 64 29 dass
1945 2296 95 30 dieser
2070 2300 177 29 Reichthum
2280 2293 88 34 vieler

1503 2334 246 32 Küsten-Länder
1754 2348 37 19 an
1796 2339 136 39 fertigem
1939 2342 188 32 Baumaterial
2133 2346 87 29 einen
2226 2341 139 43 gewissen

1503 2378 124 31 Einfluss
1655 2382 51 29 auf
1728 2383 47 29 die
1796 2385 150 31 Bauweise
1973 2389 139 39 erlangen
2133 2400 118 21 musste.
2292 2380 55 36 Auf-

1501 2424 144 31 fallender
1666 2427 104 31 Weise
1792 2431 116 30 scheint
1929 2433 93 30 dieser
2044 2437 146 29 Umstand
2212 2435 81 31 noch
2306 2435 59 26 von

1501 2471 115 30 keinem
1622 2472 399 41 Kunstgeschichtsforscher
2028 2481 31 29 in
2064 2483 166 38 Rechnung
2235 2482 130 39 gezogen

1501 2518 126 29 worden
1652 2529 37 19 zu
1713 2521 72 35 sein,
1806 2523 62 29 und
1894 2524 55 30 mir
1973 2525 39 29 ist
2036 2527 83 31 nicht
2144 2529 132 33 bekannt,
2303 2523 61 28 dass

1500 2563 165 41 überhaupt
1685 2566 117 38 jemand
1823 2569 104 30 darauf
1943 2572 177 38 gekommen
2140 2574 47 36 ist,
2211 2574 31 29 in
2261 2562 103 47 irgend

1500 2609 136 31 welchen
1667 2611 179 32 Bauwerken
1873 2616 156 40 Anklänge
2064 2629 37 19 an
2133 2620 47 29 die
2207 2611 139 37 Walfisch-

1498 2654 105 30 häuser
1630 2657 62 29 und
1718 2659 105 29 Thore
1852 2661 53 30 der
1931 2664 218 31 Küstenvölker
2176 2676 37 19 zu
2238 2663 124 30 wittern,

1498 2701 142 30 während
1661 2714 67 18 man
1750 2704 79 32 doch
1850 2708 92 29 soviel
1962 2709 75 30 über
2058 2711 59 30 den
2136 2712 156 39 Ursprung
2312 2703 50 29 der

1498 2746 105 30 Säulen
1610 2748 62 29 und
1679 2749 196 42 Wölbungen
1884 2764 48 19 aus
1942 2755 272 37 Palmenstämmen,
2222 2756 122 38 Papyrus-

1498 2792 145 37 bündeln,
1675 2796 215 41 Baumwipfeln
1917 2811 27 19 u.
1971 2811 20 20 s.
2018 2814 37 17 w.
2084 2803 192 39 geschrieben
2305 2797 54 29 hat-

1497 2838 131 31 Werfen
1659 2841 54 29 wir
1743 2845 143 30 zunächst
1917 2846 87 30 einen
2034 2849 80 30 Blick
2144 2849 53 30 auf
2219 2847 46 30 die
2292 2843 51 29 Por-

1536 3019 0 0 166
