2575 3441
618 797 108 47 EIN
762 790 400 54 ENGLISCHER
1196 771 506 66 KUNSTKRITIKER

1017 900 142 28 GEORGE
1179 894 128 30 MOORE

247 1000 93 80 BEI
361 1009 76 26 DEM
457 1011 58 34 jetzt
540 1009 135 28 allerorten
697 1010 183 27 herrschenden
898 1008 163 28 Widerstreit
1082 1005 44 28 der

318 1047 284 40 Kunstanschauungen
614 1051 31 26 ist
657 1061 23 16 es
692 1061 52 16 von
754 1052 119 24 Interesse
882 1048 176 30 festzustellen,
1071 1047 54 26 dass

247 1091 52 19 wie
318 1084 40 29 bei
376 1098 48 18 uns
445 1099 29 17 so
492 1091 67 25 auch
580 1093 123 23 auswärts
726 1090 41 26 die
785 1090 121 26 moderne
920 1088 206 34 Kunstrichtung

247 1121 53 28 ihre
315 1126 169 39 überzeugten
498 1130 54 26 und
568 1129 117 27 beredten
700 1128 146 29 Verfechter
859 1129 86 27 findet.
972 1130 65 25 Was
1051 1133 75 21 unter

246 1164 133 29 moderner
394 1171 207 35 Kunstrichtung
615 1180 31 16 zu
660 1171 130 26 verstehen
804 1171 43 29 sei,
868 1171 33 25 ist
915 1170 59 26 dem
988 1166 138 29 Publikum

245 1200 100 32 freilich
360 1209 72 26 nicht
446 1210 78 26 leicht
540 1210 55 26 klar
614 1220 31 16 zu
660 1210 116 31 machen,
800 1210 31 26 da
850 1220 24 16 es
895 1210 73 26 dabei
986 1209 75 26 meist
1078 1216 48 17 nur

245 1249 33 19 an
293 1244 40 27 die
349 1249 118 27 Künstler
481 1250 44 26 der
538 1252 117 34 jüngsten
672 1251 155 25 Generation
841 1248 79 28 denkt
934 1266 40 3 —
988 1248 55 27 sind
1058 1247 68 27 doch

245 1281 75 29 selbst
338 1288 118 32 Böcklin,
476 1290 72 26 Leibl
570 1290 52 26 und
641 1291 101 25 Thoma
762 1297 49 19 erst
829 1300 48 16 vor
896 1287 231 36 verhältnismassig

245 1329 88 22 Kurzer
343 1329 59 25 Zeit
417 1339 29 16 zu
463 1330 48 26 den
525 1329 78 27 ihnen
614 1330 181 36 gebührenden
807 1330 83 26 Ehren
903 1329 112 37 gelangt,
1028 1338 28 16 so
1071 1327 54 26 dass

246 1360 75 31 allein
332 1366 44 27 der
382 1369 146 27 Altmeister
535 1370 100 26 Menzel
646 1370 35 26 als
692 1370 209 27 eineAusnahme
912 1370 99 26 dasteht
1021 1366 105 32 —,und

247 1403 77 28 daher
338 1409 101 37 geneigt
455 1410 43 31 ist,
520 1409 78 27 dieses
618 1410 54 26 ihm
686 1411 70 25 noch
770 1409 110 32 fremde,
901 1408 224 38 unsympathische

246 1443 98 30 Wesen
368 1447 42 28 für
436 1450 56 26 eine
520 1449 55 27 blos
603 1449 225 37 vorübergehende
851 1450 190 35 Erscheinung,
1070 1447 55 27 eine

246 1482 114 31 Schrulle
374 1498 30 16 zu
419 1490 95 26 halten.
556 1489 83 27 Blickt
654 1500 61 16 man
729 1491 115 35 dagegen
858 1489 49 26 auf
917 1487 150 28 Frankreich
1082 1497 30 16 zu-

245 1524 74 31 rück,
336 1526 43 28 das
395 1530 80 31 Land,
491 1530 43 26 das
549 1530 27 26 in
591 1530 44 26 der
648 1530 280 35 Kunstentwickelung
942 1538 99 18 unseres
1055 1528 56 34 Jahr-

244 1560 121 33 hunderts
382 1570 106 26 zumeist
499 1569 40 27 die
550 1569 157 27 Führerrolle
718 1569 93 37 gehabt
821 1569 54 31 hat,
890 1580 28 16 so
929 1569 116 36 gewahrt
1056 1577 68 20 man,

246 1603 54 26 dass
316 1606 59 27 dort
389 1608 54 32 das,
459 1620 55 16 was
528 1607 43 28 für
586 1619 46 17 uns
646 1613 59 33 jetzt
719 1617 80 19 etwas
813 1612 86 24 Neues
914 1610 41 30 ist,
974 1609 89 26 bereits
1079 1617 45 17 um

245 1643 40 25 die
298 1646 75 27 Mitte
388 1648 42 27 des
440 1650 183 34 Jahrhunderts
634 1650 151 26 vorbereitet
796 1650 107 26 worden
920 1650 43 32 ist;
978 1648 66 27 auch
1056 1650 51 34 Eng-

245 1682 59 28 land
320 1687 66 36 zeigt
400 1690 26 25 in
442 1690 85 26 seinen
546 1690 75 31 alten,
642 1690 91 27 echten
747 1690 213 37 Präraphaeliten,
978 1690 40 25 die
1033 1689 28 25 in
1075 1687 49 27 den

244 1720 127 42 fünfziger
391 1729 90 34 Jahren
503 1729 111 27 wirkten
636 1746 42 4 —
700 1730 71 26 nicht
791 1730 27 26 in
840 1732 87 24 Watts
953 1729 54 27 und
1030 1730 93 24 Burne-

244 1763 74 32 Jones
335 1783 34 5 —
387 1769 127 27 durchaus
533 1769 119 27 ähnliche
667 1770 157 26 Tendenzen.
868 1772 49 23 Das
938 1769 184 29 Gemeinsame,

244 1806 117 31 gewahrt
376 1818 61 17 man
448 1810 77 30 dann,
541 1810 61 36 liegt
613 1811 26 25 in
652 1810 65 26 allen
730 1810 84 26 diesen
824 1810 84 26 Fällen
920 1809 72 26 nicht
1004 1810 25 24 in
1041 1809 82 25 einem

244 1851 93 26 neuen,
345 1850 196 26 umstürzenden
549 1850 111 37 Prinzip;
673 1850 40 26 die
718 1850 229 30 Freilichtmalerei,
955 1849 44 26 der
1007 1848 116 36 übrigens

245 1882 126 32 durchaus
392 1889 72 27 nicht
484 1890 47 26 alle
547 1891 104 25 Meister
667 1889 135 37 huldigen,
824 1890 39 26 die
879 1900 60 16 man
953 1899 30 16 zu
999 1889 46 26 den
1061 1890 42 24 Mo-

244 1923 94 30 dernen
354 1939 30 16 zu
398 1929 89 27 zählen
501 1930 53 31 hat,
573 1930 32 26 ist
625 1937 48 19 erst
688 1931 26 25 in
729 1930 49 26 den
792 1930 124 36 sechsiger
928 1930 91 34 Jahren
1033 1927 75 37 aufge-

246 1962 87 30 bracht
347 1970 118 30 worden,
480 1970 126 26 nachdem
624 1971 34 25 sie
674 1970 89 26 bereits
780 1980 31 16 zu
822 1970 105 35 Anfang
941 1970 42 25 des
996 1968 111 36 Jahrhun-

244 2004 66 27 derts
329 2017 31 17 an
379 2009 49 27 den
446 2010 218 26 verschiedensten
680 2012 81 24 Orten
774 2010 81 37 geübt
868 2010 109 27 worden
991 2019 70 24 war;
1081 2007 42 26 der

244 2042 232 39 Impressionismus
498 2049 61 28 kam
581 2057 48 20 erst
643 2049 106 38 Anfang
768 2051 42 25 der
829 2049 126 38 achtziger
972 2049 72 34 Jahre
1064 2045 57 29 auf:

244 2085 109 29 sondern
378 2090 122 25 moderne
520 2089 122 27 Künstler
666 2090 57 26 sind
747 2089 102 27 einfach
873 2090 150 36 diejenigen,
1049 2088 73 27 deren

244 2123 112 31 Wirken
371 2129 104 26 deshalb
491 2132 85 24 Dauer
591 2130 171 36 beigemessen
777 2130 79 31 wird,
878 2130 62 27 weil
958 2130 35 25 sie
1006 2129 49 26 den
1070 2130 35 24 Ge-

244 2162 103 31 danken
367 2169 67 26 ihrer
455 2170 56 26 Zeit
531 2170 51 27 den
603 2170 215 37 entsprechenden
838 2169 136 28 Ausdruck
995 2168 127 28 verliehen

244 2204 53 26 und
322 2207 115 29 dadurch
462 2217 79 20 etwas
564 2211 114 36 Eigenes,
702 2211 88 26 Neues
810 2210 53 27 und
881 2209 175 28 Lebensvolles
1078 2217 30 27 ge-

244 2243 114 31 schaffen
378 2248 93 33 haben,
493 2249 124 27 während
639 2250 40 26 die
694 2252 84 24 Masse
799 2249 44 26 der
864 2250 107 36 übrigen
989 2259 49 16 nur
1051 2248 70 27 Altes

244 2286 192 38 wiedergekäut
455 2290 53 30 hat,
529 2299 59 27 mag
605 2291 55 25 ihre
674 2289 116 27 Technik
809 2290 70 26 noch
896 2300 29 16 so
940 2296 47 30 gut
1001 2290 52 25 sein
1067 2286 54 28 und

244 2327 94 34 mögen
354 2329 34 25 sie
404 2330 57 25 dem
476 2330 140 26 Publikum
630 2331 68 25 noch
713 2340 28 16 so
757 2337 47 29 gut
818 2328 111 38 gefallen
950 2329 91 28 haben.

304 2368 100 37 George
418 2371 104 30 Moore,
544 2369 43 27 der
608 2380 54 17 von
682 2370 83 26 einem
787 2370 136 27 ähnlichen
945 2367 177 39 Standpunkte

244 2410 44 20 aus
314 2406 40 27 die
378 2409 122 26 moderne
525 2409 278 37 Kunstentwickelung
827 2410 147 31 betrachtet,
1000 2419 55 16 war
1078 2418 30 16 ur-

244 2447 146 35 sprünglich
409 2450 91 30 Maler,
520 2449 132 27 verkehrte
672 2451 26 25 in
713 2451 66 25 Paris
799 2451 26 25 in
846 2456 175 20 vertrautester
1034 2448 88 26 Weise

244 2490 47 19 mit
306 2487 81 37 Degas
403 2490 52 25 und
471 2491 98 30 Manet,
585 2490 90 26 erlebte
691 2490 52 26 also
758 2491 42 25 die
814 2500 52 17 von
881 2490 89 26 beiden
986 2488 136 28 Künstlern

245 2524 132 30 besonders
402 2529 144 36 geförderte
569 2530 172 37 Umwälzung
767 2530 42 27 der
826 2530 296 35 Kunstanschauungen;

245 2563 69 27 dann
329 2568 71 27 warf
411 2579 25 17 er
450 2569 53 27 sich
518 2568 49 28 auf
579 2570 40 26 die
634 2568 201 28 Schriftstellern
855 2570 53 26 und
923 2568 120 28 verfasste
1057 2567 66 28 auch

244 2610 55 19 eine
314 2607 81 27 Reihe
409 2619 52 16 von
474 2609 203 27 Kunstkritiken.
707 2610 118 27 Obwohl
840 2610 40 26 die
895 2617 75 19 unter
984 2610 58 25 dem
1056 2606 66 28 Titel

244 2644 112 29 Modern
371 2650 118 36 Painting
508 2650 159 26 erschienene
680 2650 152 36 Sammlung
851 2651 80 25 seiner
945 2649 116 27 Kritiken
1078 2647 30 26 be-

244 2683 56 26 reits
316 2696 52 18 von
387 2689 71 36 1803
481 2689 91 27 datiert
588 2689 132 35 (London,
735 2692 46 25 W.
796 2692 94 31 Scott),
909 2700 29 16 so
956 2690 33 26 ist
1006 2689 34 26 sie
1055 2686 67 28 doch

245 2723 39 26 bei
305 2735 47 18 uns
372 2728 81 28 kaum
471 2730 113 26 bekannt
605 2730 147 37 geworden.
796 2733 39 23 Da
857 2730 34 26 sie
909 2730 53 26 sich
982 2726 140 39 eingehend

244 2769 48 20 mit
313 2766 43 27 der
380 2767 188 29 französischen
589 2769 279 37 Kunstentwickelung
892 2768 152 37 beschäftigt
1069 2765 53 28 und

243 2802 42 26 die
306 2807 148 37 englischen
474 2811 214 31 Kunstzustände,
709 2810 104 27 sowohl
835 2811 40 25 die
890 2810 67 26 alten
971 2808 151 36 Präraphae-

1205 1002 61 26 liten
1279 999 52 28 wie
1344 996 43 26 das
1401 992 86 37 jetzige
1501 984 274 31 Akademie-Unwesen
1787 977 142 30 behandelt,
1950 986 28 16 so
1993 986 67 17 seien

1205 1042 81 32 einige
1300 1038 78 27 seiner
1394 1027 200 41 massgebenden,
1614 1021 106 29 vielfach
1734 1029 80 17 neuen
1832 1017 53 26 und
1903 1015 157 36 anregenden

1205 1076 283 33 Grundanschauungen
1511 1069 54 26 hier
1587 1060 202 38 wiedergegeben
1842 1060 47 23 Für
1912 1056 146 36 diejenigen,

1205 1122 40 26 die
1258 1119 70 28 nicht
1342 1118 26 25 in
1383 1115 39 26 die
1437 1115 62 32 Lage
1515 1108 128 26 kommen,
1660 1102 40 26 die
1715 1098 93 28 Werke
1827 1097 42 26 der
1886 1097 55 25 hier
1954 1094 91 37 geschil-

1205 1162 14 26 d
1237 1168 52 19 rten
1307 1154 185 38 Hauptmeister
1510 1158 29 18 zu
1554 1146 73 26 sehen
1643 1158 33 5 -
1692 1149 52 18 was
1764 1148 21 26 ,a
1803 1137 55 27 sehr
1871 1136 134 34 schwierig
2018 1141 39 24 ist,

1205 1203 31 26 da
1251 1201 33 26 sie
1298 1196 102 29 zumeist
1420 1192 51 28 sich
1488 1188 66 28 noch
1572 1187 25 25 in
1612 1178 251 36 Privatsammlungen
1883 1174 113 27 befinden
2013 1190 44 14 -,

1205 1242 75 27 bietet
1295 1239 41 26 das
1352 1234 67 29 Buch
1433 1231 149 34 wenigstens
1597 1225 38 25 die
1649 1219 161 37 Gelegenheit
1836 1216 53 26 sich
1907 1225 54 16 eine
1979 1223 64 27 unge-

1205 1281 71 27 fähre
1299 1276 170 32 Anschauung
1492 1278 51 18 von
1571 1265 41 27 der
1635 1261 144 33 Bedeutung
1802 1257 77 26 dieser
1901 1256 102 25 Meister
2026 1263 31 17 zu

1205 1321 51 27 bil<1
1263 1360 48 26 Die
1329 1350 192 34 bestimmenden
1540 1341 180 32 französischen
1740 1335 116 28 Künstler
1874 1342 96 18 unseres
1987 1332 56 34 Jahr-

1204 1401 119 28 hunderts
1339 1392 102 31 erblickt
1452 1392 90 25 Moore
1557 1386 25 26 in
1592 1385 90 34 Ingres,
1694 1380 87 28 Corot,
1797 1374 90 29 Millet,
1904 1375 88 24 Manet
2003 1372 53 25 und

1204 1408 81 58 Sas
1334 1439 30 24 Es
1379 1432 64 29 wird
1458 1426 131 31 auffallen,
1610 1423 54 26 dass
1682 1429 24 17 er
1720 1417 71 27 dabei
1804 1417 82 33 Ingres
1900 1419 90 26 nennt;
2013 1411 43 26 das

1243 1450 89 51 Klht
1355 1475 57 26 aber
1447 1468 59 29 weil
1530 1467 75 26 dieser
1628 1457 119 31 während
1771 1456 92 34 einiger
1883 1454 106 25 Monate
2013 1451 44 26 der

1204 1478 160 71 Srefvon
1378 1480 95 69 Degar
1492 1514 95 21 ewesen
1606 1503 38 28 ist,
1663 1498 52 27 und
1731 1498 80 33 Degas
1826 1495 60 28 hier,
1906 1491 46 27 mit
1966 1491 80 26 Recht

1205 1562 34 27 als
1257 1560 43 26 der
1317 1548 215 40 hervorragendste
1546 1543 80 28 Maler
1643 1538 80 35 (nicht
1737 1534 126 34 Künstler)
1884 1540 100 17 unserer
2001 1531 55 25 Zeit

1205 1568 34 21 als
1257 1568 43 18 der
1317 1568 56 16 nerv
1410 1568 38 44 j,
1740 1574 26 27 jh
1821 1583 34 16 im
1870 1574 21 24 G
1957 1576 49 20 satz
2024 1579 30 16 zu

1205 1599 146 40 geschildert
1372 1592 64 29 wird
1457 1589 65 67 J
1524 1595 48 55 ™J
1585 1588 28 20 M
1805 1612 180 27 klassbchcnU
1987 1610 27 25 A
2018 1619 11 15 e
2031 1619 23 15 r-

1658 1668 27 16 so
1699 1657 31 26 ist
1744 1654 42 27 das
1801 1653 45 26 mit
1857 1650 139 28 Rücksicht
2009 1647 48 28 auf

1202 1690 137 24 liererungc
1462 1705 175 23 iwrhwune
1651 1699 41 25 der
1706 1695 202 33 Anschauungen
1923 1690 51 26 und
1986 1690 67 25 Ziele

1202 1722 49 28 den
1265 1714 183 64 -n-dig
1462 1710 76 24 Umsc
1557 1711 80 25 wung
1646 1736 96 28 rstehen
1744 1755 5 6 _

1361 1796 39 26 Au
1426 1788 77 40 pruch
1525 1794 49 17 von
1593 1783 77 32 Degas
1694 1774 65 28 wird
1777 1770 215 38 wiedergegeben:
2018 1768 35 26 als

1202 1809 137 20 tenstiscne
1361 1809 39 13 nu
1426 1809 13 19 ¥
1746 1812 176 34 Luxembourg
1935 1819 30 17 zu
1981 1809 59 25 über-

1201 1843 55 27 ihm
1277 1835 138 39 angeboten
1433 1827 97 30 wud,
1551 1833 39 16 em
1604 1823 53 23 ftJd

1201 1882 88 28 lassen,
1311 1877 149 27 antwortete
1480 1877 35 17 er.
1539 1872 60 20 non,
1620 1869 22 26 je
1729 1910 39 4 _
1778 1865 14 25 P

1201 1933 16 27 P
1219 1932 15 17 °
1238 1927 18 21 St
1257 1931 16 47 ;
1287 1930 12 26 P
1300 1928 43 50 r,
1344 1916 32 27 leS
1496 1945 52 28 lebe
1610 1938 80 28 Maler
1703 1932 149 30 bezeichnet,
1870 1931 55 26 dem
1941 1938 57 16 man
2013 1928 40 26 ein

1201 2004 27 18 u
1282 1970 13 16 a
1297 1959 40 58 l
1338 1957 7 26 d
1359 1960 107 61 DeS
1675 1976 91 28 könne,
1781 1972 67 27 ohne
1862 1968 146 29 befürchten
2023 1977 29 16 zu

1201 2004 72 25 Haus
1288 2007 56 19 zum
1359 1993 119 28 Eekon«
1480 1998 30 15 en
1958 2026 26 2 _

1201 2049 99 60 ManeTs
1300 2059 7 10 3
1324 2076 22 27 le
1383 2083 24 16 er
1427 2067 97 30 Manier
1542 2063 64 27 seien
1626 2058 46 27 alle
1690 2056 39 26 die
1747 2054 89 37 pariser
1852 2053 79 23 Ismen
1952 2049 102 26 hervor-

1201 2086 99 23 Manets
1324 2086 22 17 le
1349 2086 32 15 ™
1488 2107 5 8 ,
1538 2104 29 27 %l
1582 2101 34 26 sei
1632 2098 42 27 der
1687 2105 43 17 mo
1732 2094 72 26 derne
1818 2093 235 34 Impressionismus,

1201 2132 30 50 f
1233 2132 15 26 g
1251 2131 18 51 \
1270 2129 29 26 ng
1301 2159 14 23 s
1314 2128 15 15 n
1318 2164 56 18 eura
1416 2145 140 37 eingeführt
1576 2138 117 32 worden;
1717 2135 54 26 ihm
1790 2131 63 27 habe
1874 2130 66 26 dann
1958 2129 95 25 Pissaro

1237 2159 43 62 f
1285 2198 81 23 eahmt
1410 2158 135 59 DkUbe
1560 2177 203 33 Pinselführung,
1784 2170 143 29 verbunden
1946 2175 45 21 mit
2006 2168 49 26 den

1201 2198 173 37 nachgeahmt,
1815 2209 151 28 schliessUch
1990 2208 63 27 dazu

1200 2252 25 17 vl
1228 2241 91 26 oletten
1343 2233 62 27 Sha
1428 2239 30 16 en
1500 2234 43 17 mv
1729 2263 42 17 zur
1784 2248 146 30 Herrschaft
1945 2248 109 27 erhoben

1201 2281 47 27 fÜh
1250 2289 56 52 T;
1348 2324 15 16 o
1378 2271 71 68 sete
1463 2318 9 15 s
1484 2286 31 46 a
1529 2303 65 26 denn
1609 2297 83 27 fortan
1703 2296 39 25 die
1753 2292 92 27 Palette
1856 2298 141 19 zusammen
2010 2297 42 17 aus

1319 2357 17 25 B
1363 2363 15 16 u
1403 2319 78 58 GrL,
1496 2347 59 26 Rot,
1571 2338 71 30 Gelb,
1658 2338 108 32 Orange,
1780 2330 117 38 jedesmal
1912 2330 46 25 mit
1969 2330 84 25 Weiss

1202 2401 13 17 a
1276 2364 85 54 iZI
1383 2404 39 8 —
1440 2390 55 24 Von
1512 2380 94 30 Claude
1620 2379 90 26 Monet
1726 2374 75 26 heisst
1820 2381 34 17 es:
1879 2370 40 26 bei
1934 2368 53 27 ihm
2001 2377 53 17 ver-

1201 2401 90 67 Sn
1312 2404 54 58 wt
1383 2431 39 26 die
1444 2424 107 29 Feinheit
1571 2418 52 28 und
1644 2417 42 26 das
1705 2409 212 32 Geheimnisvolle
1952 2408 41 27 das
2014 2407 41 27 bei

1204 2483 80 23 Corot
1295 2485 27 17 so
1333 2471 107 30 anzieht;
1455 2476 27 17 so
1493 2462 90 35 richtig
1594 2457 65 29 auch
1670 2457 39 25 die
1720 2457 72 23 E.nze
1805 2457 58 21 töne
1874 2450 39 26 be.
1925 2449 53 26 ihm
1990 2447 64 32 sind,

1275 2485 87 52 ILen
1383 2511 34 25 sie
1435 2504 87 30 eerade
1540 2498 99 30 deshalb
1657 2506 28 17 so
1702 2492 112 39 gewählt
1829 2490 105 27 worden
1948 2499 30 16 zu
1993 2498 61 20 sein,

1201 2528 110 59 ITede
1333 2523 58 57 Itm
1422 2517 74 68 pSre
1510 2552 28 17 zu
1553 2539 140 34 beseitigen.
1727 2532 76 28 Wird
1820 2532 42 25 das
1876 2528 110 28 Luftbad
2001 2535 42 20 ent-

1202 2600 36 27 fo
1238 2600 18 27 n
1291 2606 27 16 so
1333 2561 151 59 verwandelt
1498 2583 52 26 sich
1565 2581 52 25 eine
1631 2573 149 30 Landschaft
1795 2573 24 25 in
1835 2581 40 16 ein
1886 2569 102 27 Mosaik
2013 2569 42 26 das

1201 2606 38 51 5-
1258 2606 118 51 uLfte
1399 2629 50 26 tritt
1475 2634 30 16 an
1529 2622 39 26 die
1587 2617 73 28 Stelle
1681 2616 40 26 des
1743 2611 122 34 Runden;
1891 2610 43 27 der
1954 2610 103 26 nächste

1201 2630 175 77 SSftS
1392 2633 82 63 Ä-
1488 2663 69 28 *™
1578 2659 59 27 oder
1655 2656 43 27 der
1717 2654 92 27 andern
1824 2652 88 26 Weise
1926 2661 59 15 zum
1998 2651 44 25 Prä-

1200 2719 70 63 raph
1270 2719 18 63 r
1289 2766 11 16 U
1302 2731 121 50 sführiich
1441 2744 65 29 wird
1521 2738 122 31 Whistler
1663 2733 145 32 behandelt;
1829 2734 92 26 Moore
1941 2730 118 27 schildert

1201 2800 44 27 ihn
1260 2797 34 26 als
1309 2794 71 27 einen
1393 2790 80 26 Mann
1492 2793 50 18 von
1556 2782 100 25 Nerven
1677 2777 58 26 eher
1752 2774 65 26 denn
1836 2772 35 27 als
1890 2782 73 17 einen
1977 2773 81 25 Mann

1243 3001 0 0 271
