2248 3711
826 190 328 27 PUBLICATIONS
1188 191 259 26 NOUVELLES

2082 197 45 35 57

188 285 203 42 Concerts
416 285 215 40 annoncés
654 297 14 25 :

184 365 124 42 Salle
326 356 142 51 Érard
491 381 7 24 :
541 360 171 45 Récital
754 363 55 39 de
840 364 134 51 piano
1002 376 80 39 par
1108 362 64 40 M.
1199 361 52 41 E.
1275 361 225 54 [Bosquet,
1543 376 43 36 17
1613 363 169 51 janvier
1805 367 22 35 à
1847 378 23 36 9
1893 364 43 38 h.
1979 363 153 53 (Bach,

125 435 273 49 Beethoven,
439 433 189 47 Franck,
672 431 160 51 Fauré,
877 430 224 54 Debussy,
1141 430 208 52 Brahms,
1396 429 217 54 Chopin).
1724 430 116 40 MM.
1877 429 192 44 Galeotti
2093 443 41 31 et

126 505 170 41 Lucien
320 503 140 52 Capet
480 510 75 33 ont
579 501 150 40 donné
771 500 97 41 leur
906 501 194 52 premier
1135 508 176 33 concert
1341 504 213 36 consacré
1594 513 83 27 aux
1707 497 189 43 Sonates
1919 500 53 39 de
2003 502 132 51 piano

128 582 41 32 et
193 572 167 50 violon,
380 572 39 39 le
447 584 63 27 10.
548 568 89 41 Les
660 569 113 41 deux
797 578 148 32 autres
969 569 214 42 Concerts
1220 578 163 32 auront
1406 569 88 40 lieu
1515 569 63 40 les
1606 572 46 37 16
1675 577 42 32 et
1747 572 53 37 26
1841 569 168 52 janvier
2034 581 8 36 ;
2077 585 54 26 au

131 652 288 41 programme
445 654 7 24 :
480 636 193 42 Sonates
710 638 53 40 de
799 638 274 50 Beethoven,
1110 637 278 48 Schumann,
1432 636 210 49 Brahms,
1681 635 51 40 C.
1758 636 192 49 Franck,
1975 635 156 42 Saint-

125 707 160 52 Saôns,
331 706 56 42 C.
418 706 278 51 Chevillard,
741 705 56 42 G.
840 706 162 51 Fauré,
1042 705 155 53 Grieg.
1334 704 122 42 Salle
1496 705 151 53 Pleyel
1675 718 9 25 :
1728 705 40 40 le
1815 719 39 26 11
1893 719 22 26 a
1952 719 55 27 eu
2043 705 86 41 lieu

125 776 39 40 le
181 774 170 42 Récital
374 774 149 40 donné
545 787 81 38 par
642 772 63 41 M.
733 772 194 42 Ricardo
951 772 124 42 Prati
1093 787 10 35 ;
1138 774 40 39 le
1201 788 71 38 24,
1298 782 176 34 concert
1495 787 104 27 avec
1621 773 242 51 orchestre,
1889 774 147 40 donné
2058 788 80 38 par

124 842 63 41 M.
207 843 168 55 Joseph
398 840 190 42 Salmon
610 850 42 32 et
674 840 46 41 M
725 847 47 17 me
805 840 189 43 Salmon
1017 842 244 41 Ten-Have
1284 842 276 52 (l'orchestre
1595 842 143 50 dirigé
1760 856 80 38 par
1861 841 63 40 M.
1950 842 159 40 Chevil-

124 910 112 55 lard)
263 923 8 37 ;
313 926 56 26 au
411 924 289 40 programme
722 927 7 25 :
774 910 221 42 Concerto
1043 911 54 41 de
1144 910 113 42 Lalo
1298 925 113 39 pour
1446 910 279 48 violoncelle,
1763 909 220 42 Concerto
2023 923 113 39 pour

121 982 132 51 piano
292 981 54 40 de
383 978 279 52 Schumann,
685 979 220 42 Concerto
929 994 55 27 en
1007 979 42 40 la
1068 981 174 40 mineur
1265 981 54 40 de
1359 978 310 43 Saint-Saëns.
1786 977 63 41 Le
1876 992 52 27 20
1968 979 168 52 janvier

120 1047 143 53 (Salle
298 1049 77 40 des
414 1047 231 53 Quatuors
688 1048 189 53 Pleyel),
922 1063 21 25 2
948 1053 16 17 e
1006 1053 158 37 séance
1206 1049 53 41 de
1314 1051 208 51 musique
1571 1049 224 52 classique
1839 1048 175 40 donnée
2057 1061 79 39 par

121 1116 46 41 M
172 1115 19 24 n
195 1131 15 19 e
229 1116 188 42 Adeline
452 1116 200 42 d'Abbas
669 1126 41 32 et
740 1116 63 42 M.
827 1117 39 55 J.
893 1117 187 41 Dumas.
1105 1116 69 43 Au
1199 1129 314 42 programme:
1555 1115 193 43 Sonates
1790 1117 52 40 de
1878 1115 254 42 Beethoven

122 1193 41 32 et
191 1184 54 41 de
273 1183 174 42 Mozart
467 1198 114 39 pour
599 1186 133 51 piano
754 1193 41 32 et
816 1185 172 51 violon,
1014 1185 193 42 Prélude
1229 1196 42 32 et
1293 1186 138 51 fugue
1453 1186 54 41 de
1527 1185 121 42 Bach
1675 1184 130 54 (pour
1830 1185 152 40 violon
2002 1183 129 52 seul).

120 1251 87 42 Les
240 1261 148 33 autres
411 1257 182 37 séances
625 1263 160 31 auront
808 1253 88 41 lieu
933 1254 63 40 les
1020 1255 196 41 samedis
1249 1270 51 35 24
1320 1254 160 42 février
1501 1263 42 31 et
1568 1267 52 38 24
1644 1268 135 26 mars.
1878 1251 64 42 Le
1970 1255 46 38 18
2039 1253 69 52 jan-

118 1323 93 39 vier
244 1322 187 52 (grande
465 1322 109 41 salle
605 1322 188 53 Pleyel),
832 1322 39 41 le
906 1331 195 44 quatuor
1131 1322 408 49 Laval-Clément;
1564 1322 40 40 le
1632 1336 61 37 19,
1717 1322 82 40 trio
1830 1320 54 42 R.
1910 1319 186 54 Epstein
2121 1334 8 34 ;

119 1390 40 40 le
184 1404 67 35 20,
275 1390 63 40 M.
360 1390 217 54 Pomposi
594 1402 9 39 ;
642 1392 39 40 le
705 1405 66 35 20,
790 1391 40 41 la
866 1390 177 43 Société
1083 1390 240 43 Nationale
1346 1392 53 40 de
1423 1390 211 53 Musique
1658 1388 35 54 (i
1703 1395 32 18 re
1757 1388 175 52 séance)
1950 1389 74 48 ;le
2061 1402 67 35 22,

120 1458 61 42 M.
205 1459 166 54 Joseph
395 1459 210 42 Debroux
630 1461 38 49 (i
678 1465 32 17 re
734 1458 202 55 séance);
959 1460 40 40 le
1019 1475 67 37 23,
1108 1461 47 40 M
1160 1465 48 18 me
1230 1460 136 41 Avice
1387 1471 8 37 ;
1416 1460 120 52 1e25,
1561 1459 39 40 la
1625 1457 176 42 Société
1823 1458 78 40 des
1938 1455 160 53 Compo-

120 1522 163 40 siteurs
304 1522 54 40 de
381 1521 213 53 Musique
619 1534 9 35 ;
668 1522 39 40 le
727 1526 66 45 26,
832 1522 62 40 M.
941 1522 356 41 Hemmersbach
1314 1533 9 38 ;
1362 1522 39 40 le
1444 1537 68 37 27,
1535 1521 47 41 M
1586 1526 48 17 me
1655 1519 193 42 Camille
1871 1518 258 41 Chevillard

119 1587 209 55 (élèves);
364 1591 39 39 le
436 1605 67 37 29,
529 1589 63 41 M.
618 1590 111 41 Paul
755 1590 212 50 Viardot;
1002 1592 40 40 le
1067 1605 67 37 30,
1160 1592 47 40 M
1213 1590 38 29 lle
1291 1591 151 41 Renée
1481 1589 194 50 Lénars;
1717 1589 39 40 le
1781 1603 67 37 31,
1868 1586 63 41 M.
1962 1586 167 55 Joseph

119 1658 234 41 Boulnois.
409 1658 122 40 Dans
586 1659 39 40 la
684 1660 110 40 salle
844 1660 78 40 des
960 1659 231 53 Quatuors
1242 1658 205 54 (Pleyel),
1493 1659 38 41 le
1578 1674 63 36 17,
1703 1656 205 52 Quatuor
1946 1654 178 49 Calliat,

120 1725 58 53 (2*
202 1726 191 53 séance).

293 2023 402 44 Publications
728 2024 299 43 nouvelles
1058 2024 290 53 envoyées
1378 2024 33 42 à
1442 2023 56 42 la
1528 2024 144 41 Revue
1705 2024 203 41 musicale
1942 2041 9 25 :

1148 2183 224 41 Viennent
1398 2182 54 41 de
1487 2187 192 48 paraître
1705 2197 7 26 :
1755 2182 373 53 EAnniversaire,

1089 2253 214 51 partition
1325 2253 133 51 piano
1482 2260 42 33 et
1546 2251 148 48 chant,
1719 2249 261 44 d'Adalbert
2014 2251 87 42 Mer-

1091 2322 88 39 cier
1200 2319 124 54 (chez
1350 2319 211 53 Mustel);
1594 2319 79 41 Les
1694 2318 179 42 Maîtres
1904 2321 56 39 du
1981 2319 147 43 violon

1090 2404 54 25 au
1166 2388 154 42 XVIII
1321 2394 14 17 e
1360 2389 126 40 siècle
1505 2404 12 25 :
1545 2388 203 41 Branche
1772 2389 173 51 (sonate
1977 2403 54 26 en
2058 2389 68 40 sol

1091 2457 191 52 mineur)
1300 2472 10 36 ;
1332 2457 119 55 J.-P.
1488 2456 215 53 Guignon
1728 2455 113 54 (son.
1866 2470 54 28 en
1943 2457 64 41 sol
2030 2472 60 26 ma-

1089 2526 112 55 jeur)
1221 2542 10 35 ;
1266 2526 192 56 Jacques
1480 2526 171 41 Aubert
1675 2525 116 53 (son.
1817 2539 54 27 en
1890 2524 66 54 fa)
1978 2542 8 33 ;
2011 2526 111 54 Jean

1085 2597 139 52 Ferry
1239 2595 141 42 Rebel
1405 2593 115 55 (son.
1537 2608 55 28 en
1603 2597 45 37 ré
1666 2592 206 55 mineur),
1887 2594 240 42 rééditions

1084 2679 81 38 par
1181 2664 40 55 J.
1251 2664 178 55 Jongen
1462 2672 42 33 et
1538 2663 38 55 J.
1611 2662 208 41 Debroux
1855 2661 121 55 (chez
2007 2662 90 42 Rou-

1084 2735 155 49 danez,
1277 2748 40 37 9,
1350 2746 78 27 rue
1458 2733 53 40 de
1536 2731 205 53 Médicis)
1761 2742 8 38 ;
1792 2731 188 40 Prélude
2014 2739 114 46 pour

1087 2803 132 53 piano
1228 2834 9 16 ,
1278 2816 81 38 par
1390 2801 155 41 Albert
1580 2800 114 41 Croz
1726 2797 121 56 (chez
1887 2799 158 40 Bellon
2080 2807 44 32 et

115 2865 285 51 Ponscarme)
422 2879 9 39 ;
454 2867 165 41 Heures
641 2869 119 50 d'été,
784 2870 207 51 préludes
1014 2880 42 32 et
1080 2870 215 41 mélodies
1318 2883 114 40 pour
1450 2871 151 51 piano,
1618 2883 79 38 par
1712 2869 40 39 le
1776 2872 145 35 même
1948 2866 149 51 (ibid.)
2112 2877 9 40 ;

115 2933 138 42 Guide
274 2935 437 57 théorique-pratique
734 2937 269 43 élémentaire
1021 2947 112 47 pour
1150 2938 24 41 !
1180 2939 121 40 étude
1318 2940 56 38 du
1388 2937 140 49 chant,
1552 2938 164 40 traduit
1735 2936 55 40 de
1806 2936 48 39 F.
1875 2934 247 53 Lamperti,

111 3017 102 27 avec
236 3019 87 27 une
343 3004 175 54 préface
540 3018 76 28 sur
637 3004 259 44 l'évolution
922 3008 58 40 du
1010 3008 133 40 chant
1159 3016 41 32 et
1223 3022 61 26 un
1306 3007 263 53 appendice,
1596 3020 80 38 par
1695 3004 38 55 J.
1756 3003 229 41 Bressoles
2004 3002 96 53 (Edi-

111 3072 117 41 tions
271 3073 221 48 Riccordi,
547 3078 69 48 62,
651 3074 243 42 boulevard
935 3074 331 54 Malesherbes)
1284 3087 10 34 ;
1332 3076 25 40 Y
1362 3074 134 41 Ecole
1527 3072 355 56 contrapuntique
1902 3072 222 53 flamande

111 3154 85 26 aux
228 3140 90 42 XV
319 3147 14 18 e
353 3149 39 33 et
424 3142 112 42 XVI
537 3148 14 18 e
570 3142 162 50 siècles,
757 3158 80 39 par
859 3144 49 41 F.
936 3145 53 40 de
1017 3144 157 50 Ménil,
1208 3158 13 27 1
1253 3144 109 48 vol.,
1395 3158 80 36 320
1498 3158 43 38 p.
1574 3142 122 53 (chez
1729 3140 241 52 Desmets),
2008 3140 108 41 dont

109 3222 114 28 nous
240 3211 233 51 parlerons
489 3211 379 42 ultérieurement.
962 3213 85 40 Las
1070 3212 196 42 Grandes
1299 3211 166 55 Etapas
1498 3211 69 40 del
1596 3210 100 40 Arte
1717 3208 194 49 musical,
1934 3207 188 55 primera

108 3276 121 50 serie,
268 3293 12 25 1
316 3279 106 49 vol.,
449 3293 80 39 par
558 3278 148 43 G.-M.
732 3280 181 53 Tomâs,
948 3282 221 41 directeur
1187 3282 54 40 de
1260 3281 40 40 la
1321 3279 157 41 Banda
1510 3278 245 55 Municipal
1777 3278 54 40 de
1866 3277 39 40 la
1931 3276 186 41 Habana

109 3343 39 52 (à
168 3345 38 40 la
223 3345 199 52 Havane,
443 3349 222 51 imprenta
683 3350 55 40 de
761 3349 192 42 Rambla
970 3365 28 38 y
1017 3349 186 55 Bouza).
1301 3348 306 42 EAnacrouse
1625 3348 107 39 dans
1756 3347 41 40 la
1818 3344 191 55 musique
2031 3359 60 25 mo-

108 3412 141 50 derne,
267 3429 79 38 par
361 3415 169 42 Mathis
549 3416 149 55 Lussy
712 3416 12 54 (
736 3432 13 26 1
773 3419 107 48 vol.,
900 3434 55 26 au
969 3418 262 54 Ménestrel).
1317 3414 501 58 Musikgeschichtliches
1831 3428 75 27 ans
1922 3412 193 42 Bôhmen

109 3478 35 53 (1
173 3483 87 39 vol.
288 3482 51 51 I),
362 3485 132 49 parle
516 3484 37 40 D
558 3489 16 18 r
590 3485 180 54 Johann
789 3486 286 52 Branberger
1099 3486 40 54 (à
1160 3487 197 51 Prague,
1383 3486 104 41 chez
1508 3484 233 53 Taussig).
