2248 3711
408 201 45 24 M.
486 191 239 34 THÉODORE
758 197 195 28 DUBOIS:
988 198 168 27 SONATE
1189 198 120 27 POUR
1341 197 132 27 PIANO
1507 198 51 26 ET
1589 196 312 28 VIOLONCELLE

156 199 50 37 50

155 295 86 34 très
271 290 131 47 doux,
426 299 189 32 soutenu
640 304 79 39 par
754 290 38 40 le
813 290 277 49 violoncelle,
1133 295 302 49 accompagné
1459 304 79 39 par
1658 290 73 51 joli
1772 297 287 32 mouvement
2098 302 55 27 en

154 360 154 39 tierces
343 369 40 31 et
407 361 146 39 sixtes.
592 358 125 42 Cette
745 359 193 40 mélodie
962 359 106 41 d'un
1091 365 219 35 caractère
1342 360 196 40 recueilli
1563 364 22 35 à
1609 360 129 51 peine
1778 359 232 46 terminée,
2037 358 114 40 deux

153 441 231 27 nouveaux
402 429 134 51 sujets
560 429 321 51 apparaissent,
904 428 291 41 s'entraînant
1211 429 352 47 mutuellement,
1587 442 46 26 se
1655 425 247 51 culbutant,
1925 440 46 26 se
1993 426 134 52 dépas-

154 505 114 41 sant,
287 505 40 31 et
348 506 282 31 rencontrant
647 497 61 40 les
728 497 113 40 deux
861 499 214 50 premiers
1093 497 191 49 thèmes;
1308 497 53 41 ils
1381 496 192 41 forment
1594 510 103 27 avec
1714 496 166 40 ceux-ci
1902 508 87 28 une
2010 497 142 38 riante

152 563 246 49 farandole,
424 572 56 33 où
512 574 99 31 tous
643 579 71 26 ces
734 566 224 51 spirituels
981 565 150 41 motifs
1155 580 46 27 se
1237 574 294 45 superposent
1574 570 22 35 à
1622 574 100 31 tour
1754 565 54 40 de
1845 563 92 42 rôle
1973 577 54 27 en
2064 577 87 26 une

152 631 243 43 bonhomie
418 643 40 31 et
481 648 86 26 une
588 638 132 46 grâce
743 643 266 32 constantes.

207 701 193 41 Thèmes
430 703 58 39 du
511 703 154 39 Finale
687 717 8 25 :

174 3206 149 53 Enfin,
348 3225 81 38 par
443 3226 60 26 un
523 3222 286 32 mouvement
827 3214 248 49 inattendu,
1117 3214 39 41 le
1196 3216 146 40 thème
1377 3219 235 52 principal,
1650 3223 226 51 imposant
1913 3225 115 40 dans
2066 3239 47 27 sa

117 3277 210 41 lourdeur
348 3281 237 50 pastorale,
611 3291 189 31 soutenu
817 3297 80 37 par
917 3296 84 27 une
1025 3284 157 51 pédale
1201 3286 212 50 massive,
1439 3300 46 27 se
1506 3288 172 51 dégage
1711 3291 59 40 du
1793 3292 248 42 tourbillon
2074 3303 42 32 et

119 3347 103 39 cède
248 3360 54 26 en
323 3362 58 24 un
401 3348 97 40 élan
520 3348 191 42 sublime
731 3348 21 41 à
773 3350 357 42 l'entraînement
1152 3353 58 40 du
1231 3353 158 53 joyeux
1413 3355 147 41 thème
1580 3360 264 51 canonique.

173 3414 125 41 Cette
321 3425 172 41 sonate,
519 3418 26 38 d
565 3432 58 26 un
644 3425 220 35 caractère
887 3426 86 35 très
1008 3421 137 51 élevé,
1179 3435 215 40 occupera
1434 3439 87 26 une
1553 3425 125 52 place
1709 3428 272 51 importante
2003 3430 113 43 dans

116 3482 40 40 le
176 3486 254 48 répertoire.

1611 3492 147 43 Louis
1802 3495 197 44 KEYZER.
