2248 3711
743 180 148 29 COURS
925 182 58 28 DU
1018 174 203 35 COLLÈGE
1254 183 56 27 DE
1343 183 169 27 FRANCE

2068 188 49 39 41

121 279 303 41 construction
452 274 228 43 d'accords
708 283 125 44 types
863 274 108 42 dont
995 283 101 33 tous
1127 275 63 41 les
1214 284 148 32 autres
1383 285 100 31 sont
1505 276 188 41 dérivés.
1719 277 123 41 Telle
1874 278 64 42 fut
1961 279 39 40 la
2023 280 74 41 doc-

122 349 111 39 trine
254 347 55 41 de
333 346 202 42 Rameau
570 342 71 53 (i),
679 343 317 41 schématisme
1015 358 61 27 un
1093 358 84 39 peu
1199 345 234 52 simpliste,
1454 346 113 39 mais
1588 344 192 42 formule
1801 349 203 49 pratique
2046 349 75 39 des

122 429 163 38 usages
329 417 139 38 suivis
500 427 79 39 par
607 412 63 41 les
705 412 765 54 clavecinistes-accompagnateurs
1512 414 158 52 depuis
1712 414 239 52 l'adoption
1995 416 52 39 de
2081 417 38 39 la

122 485 132 40 basse
282 482 195 50 chiffrée,
503 490 41 32 et
571 495 156 27 encore
751 482 172 40 admise
945 482 303 52 aujourd'hui.
1277 482 111 41 Bien
1412 483 132 52 qu'on
1569 483 152 51 puisse
1741 490 178 33 trouver
1951 483 171 42 bizarre

121 552 128 41 l'idée
287 552 52 40 de
375 551 255 41 considérer
654 560 100 31 tous
793 551 65 40 les
891 551 182 41 accords
1112 565 174 27 comme
1317 551 78 40 des
1431 553 357 51 superpositions
1811 551 53 40 de
1888 553 168 43 tierces,
2081 553 39 40 la

120 623 132 39 tierce
273 629 66 32 est
362 620 202 41 devenue
600 619 38 41 le
661 633 211 28 commun
904 620 199 41 diviseur
1124 621 54 40 de
1201 629 146 32 toutes
1374 621 61 39 les
1467 621 287 50 agrégations
1782 619 337 53 harmoniques.

120 690 233 40 Inhérente
377 693 22 36 à
435 688 96 41 l'art
554 689 234 52 populaire
812 691 75 50 qui
911 702 55 27 en
986 688 77 42 fait
1099 704 59 26 un
1178 689 164 52 emploi
1364 688 233 46 instinctif,
1628 690 120 39 aussi
1789 687 102 42 bien
1931 689 111 40 dans
2084 690 37 40 le

119 759 127 40 choix
268 758 78 40 des
365 757 256 41 intervalles
639 756 236 42 successifs
896 772 86 38 que
1001 758 112 40 dans
1137 758 39 40 le
1195 758 132 40 chant
1352 762 21 36 à
1392 757 223 53 plusieurs
1638 758 180 52 parties,
1843 757 83 40 elle
1946 771 38 33 a,
2011 757 110 41 dans

118 828 38 40 la
182 827 274 53 polyphonie
476 835 200 42 savante,
701 840 87 27 une
811 835 118 33 sorte
945 827 54 40 de
1021 828 214 52 privilège
1256 827 179 40 interdit
1453 841 83 25 aux
1556 828 177 50 quintes
1756 835 40 31 et
1820 840 83 26 aux
1923 835 195 31 octaves:

118 897 63 40 les
204 897 279 40 successions
524 895 296 41 facultatives.
866 894 127 42 Nous
1026 909 140 27 avons
1191 896 114 40 donc
1339 896 72 40 dix
1451 897 175 38 raisons
1657 908 112 40 pour
1804 908 86 27 une
1929 895 54 39 de
2006 908 87 26 com-

120 978 176 27 mencer
319 977 81 28 nos
423 965 156 40 études
604 979 79 38 par
712 964 39 41 le
774 965 111 52 sujet
914 978 86 39 que
1028 965 9 52 j
1060 963 168 42 aborde
1256 963 301 52 aujourd'hui.
1588 963 50 55 Je
1670 963 40 40 le
1743 963 238 53 replacerai
2011 963 111 40 dans

118 1048 81 27 son
219 1034 131 40 cadre
367 1034 264 51 historique.
658 1033 63 40 Ce
742 1033 130 40 cadre
906 1043 65 31 est
995 1033 226 40 tellement
1253 1042 140 35 vaste,
1428 1033 131 51 qu'en
1583 1033 254 52 esquissant
1861 1045 85 26 une
1969 1044 124 28 mono-

116 1103 188 52 graphie
332 1103 54 40 de
419 1103 39 39 la
496 1104 146 49 tierce,
669 1111 41 31 et
737 1115 53 27 en
824 1110 220 41 retraçant
1080 1102 62 41 les
1172 1102 270 52 antipathies
1481 1110 41 31 et
1566 1101 62 40 les
1660 1101 245 52 injustices,
1937 1100 63 40 les
2035 1104 59 36 mé-

118 1170 183 49 fiances,
338 1169 120 43 enfin
501 1171 63 40 les
605 1171 230 40 honneurs
866 1170 156 41 tardifs
1055 1171 107 40 dont
1203 1170 84 40 elle
1324 1185 21 25 a
1382 1174 67 36 été
1472 1168 165 55 l'objet,
1677 1170 38 52 je
1757 1170 113 39 serai
1904 1173 158 36 amené
2100 1172 21 35 à

120 1245 200 36 résumer
343 1240 215 41 l'histoire
582 1240 53 40 de
659 1240 38 40 la
720 1242 209 50 musique
954 1238 329 54 (occidentale).

177 1479 96 42 Son
296 1487 221 35 caractère
539 1482 225 48 essentiel,
790 1480 102 42 c'est
913 1481 40 41 la
986 1493 300 34 consonance,
1312 1484 145 36 même
1494 1481 112 40 dans
1636 1482 39 40 la
1698 1496 181 36 gamme
1903 1486 221 48 tempérée

122 1555 57 34 où
203 1549 63 40 les
298 1550 257 40 intervalles
588 1550 123 41 n'ont
745 1564 79 39 pas
861 1550 39 40 la
934 1551 190 52 justesse
1162 1550 355 52 mathématique
1552 1549 77 53 (2).
1676 1550 359 53 Rappelez-vous
2063 1551 62 40 les

123 1618 258 40 charmants
407 1618 127 41 effets
555 1618 209 48 obtenus,
792 1623 20 35 à
839 1619 132 40 l'aide
991 1619 55 40 de
1071 1618 40 40 la
1143 1619 148 39 tierce,
1317 1632 80 38 par
1419 1618 187 51 Mozart,
1632 1618 138 48 Bizet,
1797 1617 207 48 Gounod,
2026 1628 99 31 cent

122 1694 163 31 autres.
317 1686 133 41 Alors
474 1700 85 39 que
583 1687 37 40 la
656 1689 154 49 quinte
851 1700 54 27 ne
929 1687 179 52 produit
1144 1701 58 26 un
1228 1685 101 42 effet
1365 1687 211 50 agréable
1603 1701 85 37 que
1727 1687 111 40 dans
1873 1687 38 40 le
1940 1689 186 49 registre

118 1767 139 37 grave
279 1763 41 32 et
344 1768 101 39 que,
468 1764 178 43 partout
671 1755 196 50 ailleurs,
892 1755 84 40 elle
995 1755 148 40 donne
1164 1754 299 53 l'impression
1495 1755 104 40 d'un
1623 1764 298 43 groupement
1940 1769 182 38 pauvre,

119 1823 241 52 incomplet
391 1833 41 31 et
456 1837 86 34 sec,
581 1824 40 39 la
646 1825 145 47 tierce,
818 1828 143 35 même
985 1824 112 39 dans
1121 1824 39 39 le
1193 1825 186 48 registre
1403 1825 121 48 aigu,
1543 1832 66 31 est
1632 1824 141 39 douce
1794 1827 21 36 à
1839 1824 213 39 entendre
2084 1833 41 31 et

120 1891 210 51 agréable
373 1891 74 53 (3).
489 1891 97 41 Elle
622 1890 144 53 figure
788 1892 249 52 cependant
1073 1897 21 35 à
1138 1906 58 26 un
1235 1906 111 36 rang
1382 1890 226 49 inférieur,
1646 1897 127 46 après
1806 1891 40 40 la
1888 1893 166 51 quinte,
2084 1892 39 40 la

161 2051 57 41 (1)
252 2052 27 32 A
297 2052 75 33 vrai
397 2052 87 38 dire,
520 2054 157 32 Rameau
701 2060 61 26 eut
785 2056 159 39 quelque
963 2053 106 41 peine
1092 2056 18 30 à
1130 2053 119 33 suivre
1273 2062 146 33 partout
1441 2065 65 22 son
1543 2054 178 42 principe,
1749 2066 64 30 par
1840 2058 161 38 exemple
2038 2057 88 32 dans

120 2127 243 41 l'explication
388 2128 44 32 de
451 2127 156 34 l'accord
630 2129 43 32 de
692 2128 91 34 sixte
814 2128 179 34 construit
1019 2139 61 22 sur
1103 2131 35 31 le
1154 2141 20 30 4
1180 2136 12 15 e
1215 2129 112 42 degré

1658 2141 7 21 :
1680 2139 19 23 cr
1710 2131 103 33 Cette
1826 2131 216 33 dissonance
2058 2141 69 32 que

257 2204 6 6 •
463 2202 6 6 •
499 2203 6 6 •
854 2204 7 5 .
1376 2195 19 9 V

120 2214 90 21 nous
234 2204 208 42 ajouterons
463 2214 43 22 ici
524 2214 43 22 ne
580 2207 200 30 sera-t-elle
803 2204 102 41 point
923 2212 125 25 contre
1074 2207 31 30 le
1124 2215 66 22 son
1213 2205 247 32 fondamental
1482 2204 13 32 ?
1515 2205 48 32 Ce
1586 2216 77 23 sera
1685 2216 71 22 une
1774 2205 89 34 sixte
1885 2206 62 41 qui
1964 2213 51 25 est
2037 2217 67 21 con-

117 2260 167 31 sonante,
304 2253 89 33 mais
407 2253 62 42 qui
482 2254 152 32 formera
657 2254 216 34 dissonance
895 2265 85 23 avec
1000 2257 32 30 la
1056 2254 127 42 quinte
1199 2255 43 33 de
1261 2265 40 23 ce
1319 2266 64 21 son
1399 2254 243 35 fondamental
1660 2268 8 26 ;
1692 2264 33 25 et
1747 2256 24 32 il
1794 2256 135 32 semble
1953 2265 72 32 que
2038 2267 90 21 nous

119 2314 91 21 nous
226 2303 252 33 contredisons
498 2314 43 23 en
560 2312 95 25 cette
678 2305 183 37 occasion,
882 2316 45 20 vu
949 2314 70 32 que
1039 2316 92 22 nous
1150 2316 112 22 avons
1283 2306 134 32 avancé
1437 2314 70 33 que
1527 2308 31 30 la
1579 2306 174 41 septième
1780 2305 85 33 était
1884 2308 32 30 la
1939 2315 129 23 source
2085 2305 43 32 de

118 2361 120 25 toutes
257 2355 49 31 les
326 2353 236 34 dissonances
601 2355 84 32 Lon
706 2365 101 22 verra
828 2354 214 33 néanmoins
1073 2366 70 30 que
1161 2355 156 33 l'accord
1340 2354 187 33 dissonant
1552 2355 111 33 formé
1686 2355 41 33 de
1766 2362 94 26 cette
1877 2356 90 30 sixte
1989 2357 137 40 ajoutée

119 2402 88 34 n'est
233 2411 101 25 autre
367 2415 71 31 que
459 2404 94 33 celui
572 2404 44 33 de
638 2407 32 30 la
685 2405 141 42 grande
847 2404 103 38 sixte,
977 2407 168 31 renversé
1176 2406 44 31 de
1254 2408 32 29 la
1329 2405 175 40 septième
1552 2406 136 41 (Traité
1719 2404 219 33 d'harmonie
1942 2430 6 14 ,
1983 2416 35 30 p.
2054 2404 72 43 64).

118 2453 91 33 Mais
231 2453 90 33 dans
355 2456 31 30 le
408 2455 232 40 supplément
663 2466 43 22 au
738 2466 18 31 7
762 2460 13 16 e
797 2455 106 41 chap.
943 2455 45 32 du
1018 2465 17 21 2
1042 2460 12 16 e
1077 2455 61 32 liv.
1168 2455 43 33 de
1241 2465 41 23 ce
1311 2455 119 32 Traité
1434 2481 7 14 ,
1470 2455 22 32 il
1517 2455 142 33 déclare
1694 2464 70 32 que
1790 2454 153 33 l'accord
1967 2455 42 32 de
2038 2454 90 32 sixte

155 2503 76 33 doit
254 2507 73 29 être
344 2504 153 43 regardé
511 2515 140 23 comme
671 2505 159 42 original
852 2517 15 18 »
910 2504 56 33 On
991 2504 39 33 lit
1054 2505 89 32 dans
1164 2508 7 28 1
1180 2505 5 7 1
1188 2505 258 43 Encyclopédie
1472 2506 221 41 méthodique
1712 2505 43 32 de
1777 2505 216 40 Frameryet
2015 2504 91 32 Guin-

117 2554 95 41 gené
236 2553 125 44 (1791}
387 2566 7 19 :
437 2565 14 19 «
492 2554 62 32 Cet
581 2554 143 34 accord,
752 2564 71 31 que
847 2555 157 32 Rameau
1042 2562 31 25 et
1098 2555 156 32 d'autres
1286 2562 146 26 auteurs
1465 2562 62 25 ont
1566 2555 166 40 présenté
1757 2563 139 24 comme
1926 2565 45 20 un
2007 2555 121 30 accord

110 2603 248 39 fondamental
364 2628 8 14 ,
395 2615 18 21 a
436 2604 122 32 donné
579 2604 70 33 lieu
675 2607 17 29 à
719 2605 191 40 beaucoup
936 2604 43 32 de
1021 2604 237 35 discussions,
1282 2606 44 31 de
1356 2607 180 39 querelles
1560 2609 127 33 même,
1713 2613 33 24 et
1774 2603 49 32 lui
1847 2615 17 21 a
1891 2604 106 32 causé
2022 2604 86 31 beau-

117 2663 95 31 coup
233 2653 220 33 d'embarras
476 2665 92 30 pour
585 2656 31 30 le
640 2654 174 32 concilier
830 2665 83 22 avec
936 2654 92 32 celui
1045 2655 43 31 de
1112 2656 29 30 !a
1164 2655 175 40 septième
1362 2655 129 40 simple
1514 2655 60 40 qui
1598 2665 37 22 se
1654 2654 60 32 fait
1738 2664 61 22 sur
1816 2656 32 30 la
1865 2653 156 33 seconde
2044 2660 84 25 note

118 2703 46 32 du
186 2711 74 32 ton,
285 2712 32 24 et
340 2704 89 32 dont
461 2703 23 32 il
508 2703 90 33 n'est
621 2715 71 30 que
712 2707 31 29 le
765 2712 267 25 renversement
1060 2717 7 25 ;
1096 2704 23 31 il
1141 2704 47 32 lui
1214 2715 18 21 a
1256 2705 59 31 tait
1337 2704 180 43 imaginer
1537 2707 30 28 le
1591 2719 13 14 «
1630 2704 134 32 double
1786 2702 130 41 emploi
1943 2716 14 13 »
1978 2702 110 41 qu'on
2110 2713 18 20 a

118 2756 208 40 longtemps
350 2756 128 32 tourné
491 2764 41 23 en
548 2754 194 33 ridicule...
763 2754 102 33 Nous
888 2755 124 32 dirons
1032 2757 199 30 seulement
1252 2754 45 33 ici
1318 2764 72 32 que
1411 2757 30 30 la
1461 2754 89 33 sixte
1573 2754 142 41 ajoutée
1734 2761 51 24 est
1805 2754 229 31 absolument
2048 2752 60 31 inu-

120 2802 73 40 tile,
233 2812 33 24 et
289 2804 109 41 qu'en
433 2804 233 33 considérant
691 2815 69 31 que
785 2812 81 25 tous
902 2808 50 29 les
972 2805 147 32 accords
1156 2804 89 32 dans
1268 2807 77 29 leur
1366 2804 105 32 ordre
1508 2804 113 32 direct
1649 2811 80 25 sont
1756 2802 129 32 formés
1907 2801 61 32 des
2001 2801 127 32 tierces

119 2853 162 41 ajoutées
301 2856 50 31 les
379 2865 89 22 unes
487 2865 61 23 sur
571 2857 49 31 les
647 2863 133 30 autres,
801 2866 46 21 on
875 2865 43 21 ne
943 2862 87 33 peut
1067 2855 266 32 s'accoutumer
1367 2856 19 30 à
1420 2854 171 42 regarder
1611 2862 140 23 comme
1773 2852 112 32 direct
1920 2862 47 21 un
1998 2850 130 33 accord

120 2903 87 32 dont
234 2906 31 29 le
281 2916 20 30 4
306 2910 11 16 e
349 2915 65 21 son
443 2904 61 33 fait
525 2905 157 33 seconde
699 2914 84 24 avec
803 2907 32 29 le
858 2916 17 32 3
881 2912 11 15 e
896 2930 9 13 ,
926 2912 33 25 et
982 2904 89 33 sixte
1095 2914 85 22 avec
1203 2907 31 29 le
1268 2914 65 21 son
1356 2904 121 32 donné
1501 2914 93 30 pour
1617 2902 245 33 fondamental
1884 2911 27 22 ».
1941 2900 65 42 (Cf.
2048 2901 61 32 Rie-

120 2964 122 26 mann,
261 2954 203 33 Geschichte
480 2956 56 30 des
573 2955 178 36 Musikth.,
777 2966 34 30 p.
836 2954 67 43 465
938 2965 206 32 474,491;.
1183 2973 23 3 -
1234 2954 50 32 En
1310 2954 162 41 ajoutant
1486 2953 194 32 au-dessus
1703 2952 93 33 delà
1827 2951 123 38 tierce,
1975 2953 31 30 la
2026 2950 101 39 sixte,

119 3013 44 21 on
187 3003 140 33 obtient
353 3016 47 20 un
428 3005 129 32 accord
571 3005 43 32 de
635 3005 87 32 trois
741 3015 86 23 sons
850 3004 76 43 qui,
950 3015 92 30 pour
1064 3007 50 30 les
1131 3004 231 36 théoriciens,
1385 3011 52 25 est
1457 3003 84 33 bien
1566 3015 45 20 un
1634 3009 278 26 renversement.

162 3052 48 43 (2)
231 3054 97 32 Dans
348 3056 33 30 la
402 3065 146 32 gamme
567 3055 61 32 des
643 3055 318 42 Pythagoriciens,
982 3057 32 30 la
1049 3055 109 32 tierce
1193 3054 86 33 était
1299 3054 228 40 représentée
1550 3063 64 31 par
1631 3055 32 30 le
1686 3060 148 32 rapport
1929 3053 97 30 Deux
2046 3060 83 23 sons

119 3102 165 40 produits
304 3114 64 30 par
386 3104 92 32 deux
496 3115 160 32 groupes
675 3105 45 32 de
738 3104 205 33 vibrations
960 3104 224 42 qu'exprime
1207 3115 48 21 un
1275 3110 148 35 rapport
1446 3103 43 33 de
1526 3112 38 23 ce
1580 3112 111 33 genre
1708 3101 214 42 produisent
1939 3112 46 21 un
2008 3112 17 33 3
2032 3106 13 16 e
2064 3110 64 21 son

118 3162 70 30 que
213 3152 202 34 détermine
437 3157 78 30 leur
545 3155 195 32 différence
757 3164 7 30 ;
789 3166 40 21 or
856 3166 54 31 17,
933 3154 87 32 dont
1040 3157 51 30 les
1113 3161 143 26 octaves
1279 3152 222 35 successives
1520 3161 81 24 sont
1629 3163 45 33 34
1693 3159 34 26 et
1750 3150 60 41 68,
1830 3159 51 24 est
1907 3152 219 41 légèrement

119 3201 189 34 dissonant
327 3214 84 22 avec
430 3204 46 42 64
498 3213 7 31 ;
530 3204 94 33 aussi
645 3208 51 29 les
718 3204 211 42 physiciens
952 3204 141 33 ont-ils,
1111 3204 89 32 dans
1221 3206 77 29 leur
1315 3213 157 32 gamme,
1486 3202 142 33 abaissé
1654 3204 31 29 le
1705 3202 49 30 mi
1776 3200 68 31 d'«
1867 3212 46 21 un
1936 3210 139 23 comma
2096 3208 32 29 »,

120 3261 92 29 pour
231 3252 142 32 réduire
390 3256 31 30 la
436 3253 110 33 tierce
569 3265 42 21 au
638 3262 149 33 rapport
810 3254 15 16 ®
844 3254 60 43 (où
926 3257 31 30 le
979 3265 65 21 son
1067 3253 229 40 différentiel,
1319 3264 29 27 1,
1371 3260 52 26 est
1446 3255 33 29 la
1498 3251 134 33 double
1647 3258 128 25 octave
1801 3250 192 33 inférieure
2015 3248 43 32 de
2077 3248 50 42 4).

182 3302 96 31 Dans
306 3305 33 29 la
359 3313 146 32 gamme
527 3305 191 39 tempérée,
742 3307 32 30 la
805 3304 109 33 tierce
936 3312 53 25 est
1023 3316 45 20 un
1095 3314 68 31 peu
1187 3306 82 38 plus
1296 3302 141 43 grande
1460 3312 71 31 que
1547 3302 30 41 f.
1603 3301 103 33 Cette
1728 3300 194 33 différence
1948 3306 65 31 est,
2038 3298 88 32 dans

119 3350 32 31 la
173 3352 181 40 pratique,
378 3352 69 33 fort
470 3363 69 31 peu
565 3354 43 32 de
639 3356 122 30 chose.
791 3354 57 32 On
869 3364 57 28 va,
950 3356 101 31 selon
1077 3354 49 32 les
1146 3364 72 28 cas,
1242 3353 44 32 de
1309 3354 95 31 l'une
1432 3351 19 33 à
1472 3350 127 34 l'autre
1624 3350 44 33 de
1701 3360 58 22 ces
1784 3350 140 38 tierces,
1950 3357 84 23 avec
2057 3356 69 22 une

117 3399 128 34 liberté
275 3401 78 42 qui,
379 3402 90 32 dans
495 3406 31 29 le
555 3403 171 33 domaine
758 3404 44 32 de
837 3404 227 39 l'harmonie,
1107 3404 139 32 semble
1279 3406 74 30 être
1377 3404 180 40 analogue
1588 3403 18 31 à
1653 3403 88 31 celle
1776 3399 86 42 qu'il
1889 3397 169 34 convient
2086 3396 43 32 de

113 3449 168 39 prendre,
305 3451 245 41 quelquefois,
573 3455 18 30 à
618 3453 136 42 l'égard
778 3457 43 29 de
840 3456 34 30 la
898 3463 140 23 mesure
1056 3460 35 26 et
1110 3453 47 33 du
1179 3453 157 42 rythme.

157 3503 48 39 13)
223 3499 40 38 Je
285 3509 55 22 me
355 3510 75 22 sers
449 3503 19 30 à
484 3502 142 32 dessein
650 3502 46 32 du
717 3511 73 25 mot
812 3503 165 40 agréable
983 3528 7 14 ,
1016 3513 59 22 car
1097 3504 23 30 il
1145 3510 52 25 est
1211 3501 217 41 impossible
1449 3500 44 32 de
1517 3500 141 32 donner
1689 3508 68 22 une
1783 3496 190 34 définition
1999 3495 105 42 rigou-
