2248 3711
751 179 146 29 COURS
929 179 61 29 DU
1020 171 201 36 COLLÈGE
1253 179 58 27 DE
1344 179 171 28 FRANCE

138 184 53 35 40

138 289 73 35 ont
233 280 275 55 aujourd'hui
534 294 151 28 encore
706 295 82 26 une
827 293 206 41 croyance
1042 311 9 18 ,
1092 295 78 40 que
1192 280 41 40 la
1259 278 267 56 mythologie
1546 277 284 57 germanique
1848 290 111 27 nous
1975 280 166 36 montre

137 365 158 26 comme
329 350 179 40 existant
530 351 23 38 à
584 349 190 56 l'époque
793 349 208 41 ancienne
1021 360 12 27 :
1061 364 51 26 en
1154 354 217 50 comptant
1406 348 36 40 le
1466 348 175 40 nombre
1665 348 50 38 de
1743 348 90 49 fois
1865 360 78 38 que
1964 344 176 40 l'oiseau

136 423 135 50 répète
290 433 78 26 son
400 417 139 56 appel,
574 433 57 27 on
658 424 101 49 peut
779 433 51 26 en
863 418 103 41 tirer
987 419 38 40 le
1049 418 173 40 nombre
1256 417 71 39 des
1346 419 155 37 années
1520 430 77 39 que
1620 414 87 40 lon
1731 429 24 24 a
1779 428 151 25 encore
1962 416 23 36 à
2008 426 130 37 vivre,

137 501 54 26 ou
214 487 36 40 le
271 487 173 40 nombre
461 487 71 40 des
554 491 155 36 années
729 487 73 56 qui
821 487 280 40 s'écouleront
1123 492 126 34 avant
1271 500 57 24 un
1357 487 240 37 événement
1618 497 78 39 que
1719 480 87 42 Von
1823 497 23 24 a
1876 482 72 39 des
1969 495 172 25 raisons

135 553 248 42 d'attendre.
410 554 92 42 Une
522 555 141 41 vieille
686 555 175 42 histoire
882 562 171 34 raconte
1072 556 192 53 quaprès
1282 565 121 27 avoir
1425 553 118 37 mené
1578 565 82 25 une
1684 565 65 26 vie
1770 550 138 55 plutôt
1924 550 214 52 déréglée,

136 639 58 25 un
216 624 164 41 homme
420 625 159 40 résolut
617 625 51 40 de
703 623 174 57 l'expier
912 630 36 33 et
978 625 50 38 de
1060 637 42 24 se
1134 622 113 48 faire
1287 633 142 26 moine
1466 627 108 44 pour
1611 619 36 39 le
1684 625 108 34 reste
1825 620 50 39 de
1898 634 63 25 ses
1974 633 129 40 jours
2124 628 17 42 /

136 692 32 40 il
203 692 125 41 allait
360 696 195 52 pénétrer
582 694 107 40 dans
731 693 36 40 le
798 694 234 38 monastère
1073 687 193 55 lorsqu'il
1319 687 189 40 entendit
1546 686 279 56 précisément
1877 689 37 38 le
1948 703 160 25 coucou
2128 699 8 27 :

139 761 134 40 c'était
293 762 36 39 le
349 762 205 54 première
560 760 111 54 fois,
698 777 51 25 au
768 760 248 56 printemps.
1045 756 345 48 Anxieusement,
1413 755 33 40 il
1457 762 165 49 compta
1646 756 37 39 le
1705 757 176 39 nombre
1900 757 71 39 des
1994 757 145 54 appels

139 836 52 43 et,
232 836 196 35 trouvant
455 830 102 55 qu'il
576 844 43 26 se
648 828 180 42 montait
861 831 23 37 à
908 828 121 52 vingt
1052 826 124 43 deux,
1215 825 34 39 il
1283 825 194 54 changea
1506 825 177 40 aussitôt
1715 825 137 40 d'idée
1877 835 11 28 :
1929 825 93 40 «Si
2053 825 87 52 j'ai

140 913 147 25 encore
308 899 256 54 vingt-deux
584 912 76 26 ans
680 900 24 38 à
723 897 127 44 vivre,
882 910 42 24 se
946 894 115 40 dit-il
1084 897 22 36 à
1130 892 238 50 lui-même,
1384 894 48 52 je
1448 893 97 55 puis
1567 894 116 40 aussi
1705 893 94 41 bien
1824 908 64 25 me
1915 899 223 50 permettre

142 966 121 53 vingt
285 982 76 24 ans
382 981 149 25 encore
553 966 58 40 les
626 964 174 54 plaisirs
818 964 57 38 du
893 963 152 39 monde
1065 972 8 38 ;
1093 961 34 40 il
1145 976 64 24 me
1230 968 155 34 restera
1409 964 109 38 donc
1538 964 111 38 deux
1670 966 155 37 années
1841 962 177 40 entières
2030 971 109 46 pour

140 1049 51 24 en
219 1035 240 51 proclamer
489 1034 40 39 la
550 1033 142 41 vanité
713 1047 53 25 au
798 1037 190 35 couvent.
1014 1045 19 23 »
1058 1029 74 48 Et,
1157 1045 50 24 en
1247 1034 132 37 même
1401 1037 146 49 temps,
1572 1031 34 41 il
1635 1032 131 54 reprit
1804 1032 36 40 le
1879 1031 165 41 chemin
2081 1032 54 39 du

141 1103 168 39 monde.

201 1170 70 40 En
291 1170 154 50 Suède,
470 1170 57 39 les
537 1169 148 52 jeunes
700 1175 239 48 paysannes
958 1173 172 48 pensent
1151 1182 77 40 que
1248 1167 36 40 le
1303 1166 126 41 chant
1447 1169 57 39 du
1526 1183 160 26 coucou
1710 1168 90 40 leur
1829 1168 177 55 indique
2028 1183 83 25 com-

141 1239 94 39 bien
257 1239 97 38 elles
383 1244 72 33 ont
479 1251 147 26 encore
647 1237 198 40 d'années
884 1240 23 36 à
927 1242 127 34 rester
1074 1251 100 25 sans
1202 1239 83 37 être
1314 1237 179 40 mariées
1513 1248 17 41 /
1552 1237 108 41 mais
1682 1253 51 25 en
1755 1238 181 53 général
1958 1237 100 40 elles
2095 1252 41 25 se

141 1305 203 41 bouchent
374 1306 57 39 les
449 1305 167 40 oreilles
635 1311 37 34 et
692 1320 42 25 se
753 1311 189 41 sauvent,
983 1308 122 50 après
1135 1304 152 42 l'avoir
1309 1306 184 40 entendu
1515 1322 58 24 un
1604 1306 106 56 petit
1743 1306 176 41 nombre
1940 1307 50 40 de
2008 1305 92 53 fois
2124 1322 12 33 ;

141 1388 79 25 une
234 1374 91 53 file
346 1373 73 55 qui
438 1373 56 40 l'a
516 1374 182 40 entendu
715 1373 97 55 plus
835 1374 50 39 de
906 1373 75 40 dix
1013 1373 87 48 fois
1138 1374 166 39 déclare
1327 1373 102 41 d'un
1466 1378 74 36 ton
1560 1374 128 54 piqué
1722 1375 152 54 quelle
1912 1376 105 39 n'est
2051 1383 78 47 pas

139 1441 310 55 superstitieuse
461 1447 36 34 et
512 1442 149 54 quelle
679 1456 50 26 ne
760 1442 105 40 croit
892 1449 77 47 pas
988 1442 37 39 le
1045 1441 140 41 moins
1207 1442 56 39 du
1295 1443 154 39 monde
1468 1456 53 26 au
1541 1443 127 40 chant
1703 1444 55 39 du
1789 1458 177 26 coucou.

352 1789 302 57 COURS
724 1792 117 56 DU
903 1777 411 73 COLLÈGE
1400 1795 96 56 DE
1562 1797 354 57 FRANCE

307 2031 389 52 ÉLÉMENTS
729 2041 92 42 DE
858 2043 447 44 GRAMMAIRE
1340 2046 439 42 MUSICALLE.
1804 2072 45 5 -
1887 2049 75 42 III.

662 2185 52 26 LE
745 2185 122 28 MODE
901 2187 171 33 MAJEUR
1097 2174 165 53 (suite).
1291 2198 45 5 —
1375 2190 52 26 LA
1448 2190 177 27 TIERCE.

500 2275 198 53 (D'après
722 2277 39 40 la
786 2279 318 52 sténographie
1143 2281 53 40 de
1234 2281 61 40 M.
1322 2280 144 42 Emile
1505 2282 267 52 Dusselier.)

193 2662 126 43 Nous
337 2677 162 28 savons
522 2665 54 40 de
595 2665 125 51 quels
739 2671 197 36 ancêtres
953 2669 117 40 vient
1090 2678 126 32 notre
1239 2672 132 39 mode
1392 2672 187 53 majeur.
1606 2672 125 43 Nous
1754 2688 141 30 avons
1914 2682 22 36 à
1961 2679 173 41 étudier

138 2733 275 40 maintenant
436 2745 80 27 son
540 2735 304 49 organisation
883 2745 39 31 et
947 2749 80 27 son
1060 2740 284 40 mécanisme.
1372 2739 146 42 Avant
1542 2751 118 31 toute
1693 2744 200 54 analyse,
1931 2747 39 52 je
2002 2747 107 42 m'ar-

139 2801 155 38 rêterai
315 2814 55 27 au
393 2800 80 42 fait
492 2803 358 52 caractéristique
874 2814 8 28 :
906 2804 39 39 la
969 2806 130 40 tierce
1119 2808 211 52 majeure,
1354 2811 92 50 qui,
1472 2810 256 52 reproduite
1748 2814 108 41 trois
1872 2813 87 42 fois
1983 2814 96 53 (sur
2097 2818 39 40 le

143 2883 11 24 i
163 2872 32 18 er
201 2899 9 15 ,
235 2867 38 41 le
292 2884 21 34 q
322 2874 15 16 e
355 2878 40 31 et
419 2869 39 40 le
487 2883 14 38 5
510 2874 15 18 e
545 2870 136 51 degré
722 2870 53 41 de
794 2871 38 40 la
866 2885 178 37 gamme
1066 2874 289 54 diatonique),
1377 2879 221 40 constitue
1616 2879 65 42 les
1698 2880 261 45 harmonies
1978 2898 130 28 essen-

138 2936 142 41 tielles
303 2937 58 40 du
379 2937 131 41 mode
532 2951 87 38 que
638 2951 114 28 nous
776 2940 223 40 étudions.
1021 2940 136 52 C'est,
1183 2950 127 47 après
1333 2946 38 41 la
1394 2949 182 52 tonique
1592 2958 42 31 et
1651 2963 104 28 avec
1777 2951 99 52 elle,
1913 2951 223 46 l'élément

136 3003 159 52 capital
318 3003 58 41 du
400 3010 209 47 système,
632 3006 113 40 celui
779 3008 74 51 qui
877 3008 243 42 détermine
1155 3011 39 41 la
1231 3012 122 52 place
1387 3015 59 40 du
1482 3016 220 42 demi-ton
1730 3027 42 33 et
1813 3017 85 45 fixe
1940 3024 114 39 ainsi
2096 3024 38 40 la

138 3083 20 26 «
179 3073 196 39 manière
397 3072 190 42 d'être».
614 3072 63 42 Là
698 3081 55 34 où
780 3076 38 39 la
844 3077 130 39 tierce
991 3086 65 32 est
1080 3077 197 53 absente,
1301 3081 181 43 l'oreille
1507 3093 111 32 reste
1642 3086 112 42 dans
1778 3087 296 45 l'incertitude
2095 3102 41 32 et

135 3151 55 29 ne
210 3142 82 39 sait
327 3142 99 52 quel
461 3142 193 50 langage
677 3157 56 27 on
759 3144 58 40 lui
841 3146 139 50 parle.
1015 3143 118 43 Sans
1157 3147 98 48 elle,
1277 3149 28 40 il
1329 3151 71 52 n'y
1423 3166 21 25 a
1479 3166 111 39 pour
1621 3168 115 28 nous
1759 3158 43 40 ni
1828 3159 132 41 mode

132 3206 226 42 naissable
398 3210 42 38 ni
465 3209 233 42 harmonie
729 3210 198 54 possible
953 3228 7 33 ;
990 3222 40 33 et
1058 3214 40 39 la
1123 3214 169 42 théorie
1311 3218 212 42 moderne
1542 3220 252 45 elle-même
1816 3239 54 28 ne
1898 3237 104 42 peut
2041 3229 92 42 s'en

131 3289 168 38 passer.
333 3276 168 54 Depuis
522 3279 102 52 plus
643 3279 56 40 de
722 3281 108 40 trois
854 3281 173 45 siècles,
1052 3283 82 40 elle
1156 3293 65 32 est
1244 3286 256 41 considérée
1528 3302 173 29 comme
1725 3292 39 40 le
1782 3292 259 47 fondement
2079 3299 55 41 de

134 3344 38 39 la
196 3346 225 51 musique.
450 3346 95 42 Une
568 3349 131 39 tierce
722 3350 211 52 majeure,
959 3351 141 41 suivie
1119 3364 56 28 ou
1197 3354 211 51 précédée
1430 3355 134 42 d'une
1585 3360 132 40 tierce
1740 3361 220 46 mineure,
1985 3365 149 43 donne

132 3425 21 24 «
178 3412 262 43 l'harmonie
461 3415 187 53 parfaite
671 3429 20 25 »
713 3415 73 54 (en
807 3420 171 52 majeur
1009 3433 57 27 ou
1090 3421 189 53 mineur)
1307 3434 8 38 ;
1348 3438 85 26 une
1456 3427 226 41 troisième
1721 3430 134 42 tierce
1891 3430 240 57 (mineure)

131 3480 173 53 ajoutée
324 3482 148 42 donne
512 3483 38 42 le
579 3487 192 51 premier
789 3487 155 42 accord
977 3488 249 54 dissonant,
1250 3492 113 41 celui
1397 3493 55 41 de
1494 3496 230 52 septième.
1763 3496 73 44 On
1874 3514 21 26 a
1932 3502 112 42 ainsi
2091 3505 39 42 la
