2248 3711
154 210 50 47 56

969 215 76 27 LES
1080 211 227 29 CONCERTS

148 325 96 27 rare
265 310 151 53 plaisir
437 311 52 39 de
512 308 238 42 l'entendre
784 309 192 41 chanter.
1001 306 44 40 M
1049 311 48 18 me
1129 304 102 42 Lilli
1263 303 248 49 Lehmann,
1536 318 53 26 au
1629 302 233 44 contraire,
1980 296 148 40 l'idole

150 379 261 45 allemande,
522 377 66 40 n'a
613 377 99 52 plus
734 377 54 40 de
820 378 124 45 voix;
969 376 112 39 mais
1116 374 82 40 elle
1221 372 63 42 fut
1319 381 202 32 couverte
1547 368 482 55 d'applaudissements
2051 378 79 38 par

150 448 36 39 le
211 447 147 52 public
380 454 40 31 et
448 445 195 50 d'éloges
667 444 248 40 abondants
941 457 77 39 par
1041 443 38 39 la
1103 454 164 40 presse.

202 514 120 40 Dans
346 514 38 39 la
423 515 221 48 catégorie
677 513 77 40 des
788 521 198 32 concerts
1023 512 73 51 qui
1121 523 111 27 nous
1251 516 235 44 procurent
1509 508 52 38 de
1596 507 38 38 la
1660 501 291 50 satisfaction,
1973 501 29 40 il
2036 499 92 41 faut

146 590 196 43 compter
359 594 104 27 ceux
485 581 77 40 des
586 582 105 39 trios
724 580 218 51 (Frédéric
964 577 218 50 Lamond,
1206 576 150 40 Alfred
1379 574 299 48 Wittenberg,
1701 571 139 39 Franz
1862 569 189 41 Bovisch

146 649 98 41 Vita
270 647 234 49 Gerhardt,
542 648 148 41 Anton
713 648 152 41 Witek
906 657 40 31 et
975 647 163 54 Joseph
1162 642 203 52 Malkin).
1406 642 120 40 Dans
1550 642 37 38 la
1610 638 234 42 multitude
1882 638 75 40 des
1980 645 147 32 autres

147 725 196 32 concerts
366 717 53 39 de
452 717 190 47 solistes,
664 717 37 52 je
731 729 53 27 ne
806 718 80 38 cite
907 728 83 39 que
1030 714 61 39 les
1110 713 99 52 plus
1241 708 331 53 remarquables
1597 720 8 26 :

200 784 185 40 Comme
404 786 212 51 pianistes
642 795 8 24 :
677 783 177 41 Konrad
874 784 216 48 Ansorge,
1113 779 138 40 Paula
1270 777 149 41 Stebel
1441 791 10 34 ;

199 851 185 41 Comme
405 852 258 40 violonistes
683 863 8 25 :
727 851 165 54 Joseph
915 849 190 43 Achron,
1142 845 285 41 Allessandro
1451 842 197 49 Certani,
1686 841 190 41 Michael
1898 840 148 47 Press,
2083 848 41 32 et

145 918 180 42 l'enfant
362 920 184 51 prodige
587 918 144 41 Micha
771 918 174 46 Elman,
990 917 72 51 qui
1095 922 63 32 est
1195 914 216 37 vraiment
1449 909 310 53 remarquable
1796 924 79 37 par
1917 922 46 26 sa
2007 908 92 40 tech-

145 988 133 41 nique
302 989 119 39 aussi
446 987 100 40 bien
567 1000 85 29 que
684 1000 77 29 par
794 1000 46 26 sa
885 986 203 39 maturité
1126 986 250 35 étonnante.

1753 1031 141 43 R.D.

199 1192 175 40 ROUEN.
473 1188 293 54 Aujourd'hui
794 1202 40 38 15
862 1189 166 51 janvier
1048 1199 20 26 a
1093 1185 85 39 lieu
1201 1188 21 35 à
1250 1183 157 42 Rouen
1432 1184 37 39 la
1502 1185 216 50 première
1764 1182 355 51 représentation

144 1258 131 51 (dans
300 1267 108 31 cette
425 1258 120 49 ville)
568 1258 75 40 des
672 1256 235 40 Girondins
914 1285 8 18 ,
943 1258 132 48 opéra
1100 1252 52 39 de
1177 1251 60 39 M.
1265 1249 60 42 Le
1349 1251 160 40 Borne.

207 1362 381 41 CONSERVATOIRE
620 1376 54 26 DE
709 1361 197 41 RENNES.
1003 1357 61 40 La
1089 1362 154 35 séance
1284 1357 53 39 de
1372 1359 206 50 musique
1603 1358 212 39 ancienne
1852 1360 268 36 récemment

138 1432 173 39 donnée
351 1445 79 37 par
477 1431 62 39 les
576 1430 143 40 élèves
757 1429 56 39 du
855 1426 339 41 Conservatoire
1231 1423 53 40 de
1336 1423 193 49 Rennes,
1586 1437 104 27 sous
1732 1424 39 39 la
1810 1424 212 40 direction
2064 1423 54 40 de

141 1499 93 39 leur
256 1497 101 41 chef
374 1500 169 46 estimé,
569 1496 59 40 M.
655 1495 264 50 Boussagol,
945 1494 51 40 de
1014 1491 190 53 l'Opéra,
1230 1506 21 25 a
1291 1496 67 35 été
1380 1491 85 41 fort
1498 1491 206 40 brillante
1733 1499 40 32 et
1811 1505 21 26 a
1868 1493 164 50 permis
2063 1491 54 40 de

136 1572 219 32 constater
376 1563 63 39 les
465 1564 167 38 sérieux
654 1566 181 47 progrès
858 1560 179 40 réalisés
1060 1572 78 40 par
1161 1567 108 32 cette
1288 1560 134 40 école.

190 1672 64 40 LA
296 1673 195 39 HAVANE.
620 1671 62 39 M.
707 1669 243 43 Guillermo
1003 1670 196 40 Thomas
1240 1679 101 31 veut
1378 1669 103 41 bien
1516 1682 113 28 nous
1684 1682 194 39 envoyer
1915 1670 53 39 de
2019 1675 88 35 très

136 1743 285 37 intéressants
443 1740 259 40 documents
722 1751 74 27 sur
817 1738 39 40 la
881 1736 171 42 Société
1074 1738 212 39 musicale
1305 1736 11 52 (
1322 1737 155 39 Banda
1496 1737 260 54 Municipal)
1769 1738 54 38 de
1844 1738 39 39 la
1909 1737 201 48 Havane,

134 1809 74 49 qui
237 1809 117 38 vient
385 1807 53 39 de
461 1806 107 40 fêter
592 1807 38 39 le
667 1810 23 36 6
693 1811 15 17 e
731 1807 296 39 anniversaire
1050 1805 53 40 de
1143 1818 46 26 sa
1216 1804 229 42 fondation
1479 1820 78 37 par
1592 1820 59 25 un
1686 1814 174 32 concert
1893 1806 216 46 solennel,

134 1888 53 26 au
244 1887 280 39 programme
571 1873 163 52 duquel
785 1886 109 27 nous
936 1886 167 39 voyons
1154 1871 165 52 figurer
1349 1884 8 26 :
1402 1872 216 51 Wagner,
1658 1872 451 53 Rimsky-Korsakof,

131 1940 51 40 C.
225 1941 185 47 Franck,
465 1941 192 40 Puccini,
717 1938 273 44 Schumann,
1030 1939 366 52 Tschaikowsky,
1422 1939 248 51 Mascagni,
1706 1940 188 41 Vincent
1938 1938 172 55 d'lndy,

133 2006 307 49 Leoncavallo,
477 2007 135 40 Liszt.
635 2007 124 39 Cette
788 2007 230 40 harmonie
1044 2016 65 31 est
1138 2012 234 47 composée
1394 2007 53 40 de
1478 2021 51 38 70
1567 2009 392 39 instrumentistes.
1984 2007 126 42 Nous

133 2087 192 28 sommes
348 2076 192 39 heureux
574 2075 53 39 de
662 2075 93 39 voir
782 2088 85 37 que
905 2087 80 27 son
1022 2075 224 49 distingué
1276 2075 216 40 directeur
1526 2074 77 41 fait
1627 2075 364 40 habituellement
2023 2090 88 27 une

132 2142 121 51 place
272 2144 205 44 sérieuse,
498 2143 110 38 dans
626 2142 60 39 les
716 2154 321 38 programmes,
1056 2142 74 39 àla
1148 2144 204 50 musique
1369 2141 230 51 française.
1622 2142 248 41 Puisse-t-il
1890 2141 219 43 n'oublier

131 2222 219 38 personne
371 2209 6 37 !

185 2312 66 40 DE
272 2312 358 41 MONTE-CARLO.

725 2312 62 40 Le
811 2313 74 51 joli
905 2312 133 41 ballet
1057 2313 53 39 de
1126 2312 110 41 MM.
1255 2312 196 42 Maurice
1465 2313 217 41 Vaucaire
1698 2323 40 32 et
1753 2315 146 54 Justin
1919 2315 187 49 Clérice,

139 2380 67 40 An
216 2386 130 48 temps
356 2379 137 54 jadis,
517 2384 95 36 créé
633 2392 53 27 en
723 2379 107 41 avril
852 2379 174 41 dernier
1047 2392 104 28 avec
1171 2394 59 26 un
1252 2380 188 41 éclatant
1475 2386 164 45 succès,
1663 2383 119 39 vient
1804 2383 54 39 de
1881 2392 227 32 retrouver

130 2448 38 38 le
200 2450 142 36 même
370 2446 260 41 chaleureux
656 2446 179 41 accueil.

184 2511 70 42 On
295 2526 52 27 en
386 2528 40 34 a,
465 2514 53 39 de
558 2526 217 34 nouveau,
805 2518 134 47 goûté
979 2515 39 38 la
1054 2515 205 51 musique
1285 2514 205 42 brillante
1520 2525 41 32 et
1602 2516 233 51 originale,
1875 2518 169 42 admiré
2065 2519 38 41 la

129 2579 273 53 magnifique
424 2582 110 38 mise
555 2594 54 26 en
644 2586 142 41 scène,
811 2590 40 30 et
870 2580 207 53 applaudi
1100 2581 64 41 les
1198 2584 330 52 remarquables
1566 2586 274 51 interprètes.
1880 2585 62 41 M.
1978 2585 93 43 Cou-

127 2648 93 39 dert
238 2661 19 26 a
283 2660 50 28 su
358 2650 145 38 réunir
525 2656 100 32 tous
648 2648 61 40 les
728 2648 211 41 éléments
958 2648 104 41 d'un
1078 2653 149 37 succès
1249 2650 198 42 durable.

181 2714 44 40 M
230 2713 39 24 lle
300 2714 311 41 Trouhanowa
635 2716 79 51 fut,
756 2720 21 35 à
813 2730 80 26 son
927 2716 238 49 ordinaire,
1198 2718 235 42 délicieuse
1479 2728 39 32 et
1561 2721 132 40 d'une
1730 2736 95 27 rare
1866 2725 236 50 puissance

126 2779 326 54 d'expression;
568 2787 15 18 e
624 2782 231 48 Bertrand,
880 2782 88 42 fine
1001 2793 39 31 et
1075 2784 160 50 légère,
1275 2784 45 41 M
1325 2783 38 25 lle
1395 2786 171 48 Fabris,
1606 2791 231 48 gracieuse
1870 2798 42 32 et
1948 2792 153 47 svelte,

126 2847 44 40 M
176 2847 36 22 llc
233 2848 172 46 Cavini,
431 2849 101 39 d'un
563 2849 95 41 brio
691 2850 311 47 étourdissant,
1026 2849 47 42 M
1076 2849 41 25 1Ie
1137 2850 300 51 Charbonnel,
1458 2855 283 52 sculpturale,
1766 2855 45 41 M
1816 2855 40 25 ,le
1875 2857 225 52 Legrand,

125 2915 53 41 de
197 2919 130 47 grâce
349 2916 247 50 mignarde,
619 2916 45 41 M
668 2915 38 24 lle
725 2916 65 54 Ly
813 2916 208 54 Symons,
1053 2927 119 33 toute
1194 2920 271 52 charmante,
1486 2933 75 30 ont
1584 2925 178 40 rivalisé
1796 2925 53 41 de
1870 2928 232 40 virtuosité

126 2991 41 31 et
203 2985 225 38 maintenu
451 2982 38 40 la
521 2984 132 39 haute
676 2989 250 37 renommée
963 2985 76 41 des
1067 2987 236 50 premières
1341 2989 242 42 danseuses
1604 2991 57 41 du
1686 2991 132 42 ballet
1849 2994 54 40 de
1926 2994 176 42 Monte-

126 3048 149 42 Carlo.

179 3116 87 40 Les
290 3117 113 41 rôles
421 3118 156 40 mimés
609 3128 75 31 ont
717 3125 68 34 été
807 3120 307 52 parfaitement
1136 3131 127 32 tenus
1282 3137 78 38 par
1381 3125 61 39 M.
1466 3123 212 52 Paglieri,
1703 3128 54 40 de
1787 3130 133 42 noble
1942 3132 155 51 allure,

123 3182 61 40 M.
221 3183 221 51 Baglioni,
463 3183 44 41 M
513 3188 63 18 mcs
596 3183 119 43 Elise
738 3186 141 50 Puget
911 3196 40 32 et
976 3187 210 52 Paglieri.

177 3249 45 41 M
226 3248 40 24 lle
295 3249 176 42 Miriam
489 3250 177 42 Manuel
691 3267 22 25 a
732 3253 358 43 délicieusement
1122 3257 156 40 chanté
1301 3258 39 39 le
1362 3258 84 41 lied
1466 3259 58 41 du
1546 3275 20 25 2
1570 3264 16 18 e
1606 3271 106 31 acte.

176 3316 85 41 Les
282 3318 154 40 décors
457 3318 54 39 de
530 3318 60 39 M.
615 3319 283 43 Viscontiont
920 3327 67 36 été
1023 3329 85 34 très
1131 3325 205 41 admirés.
1367 3324 291 55 L'orchestre,
1684 3343 104 28 sous
1813 3332 38 40 la
1882 3333 214 43 direction

122 3386 54 38 de
215 3384 60 40 M.
311 3384 153 42 Désiré
511 3386 227 51 Thibault,
781 3402 22 26 a
846 3394 175 37 exécuté
1063 3404 55 28 en
1155 3391 236 52 perfection
1429 3394 38 39 la
1501 3394 256 44 charmante
1792 3402 210 45 partition
2042 3404 55 39 de

119 3453 61 40 M.
203 3452 145 55 Justin
371 3452 181 42 Clérice.

640 3455 51 40 T.
719 3455 53 42 R.
