3513 4452
1643 183 95 55 359

71 335 115 44 slen.
236 327 165 70 Bringt
431 329 82 50 der
543 327 322 70 Schauspieler
892 326 126 52 nicht
1049 322 221 52 zunächst
1299 322 71 52 ein
1400 321 232 68 kräftiges,

66 412 316 52 volltönendes
425 414 362 67 Sprach-Organ
830 429 56 32 zu
932 410 148 49 dieser
1111 407 147 51 seiner
1287 407 213 68 Aufgabe
1531 407 94 60 mit,

66 496 77 52 hat
186 515 50 32 er
280 497 93 50 sich
414 497 124 51 nicht
583 497 80 50 mit
703 496 82 50 der
816 492 221 51 Prosodie
1069 491 91 51 und
1192 491 114 51 allen
1336 491 178 69 Regeln
1547 491 81 50 der

63 581 480 50 Declamationskunst
574 580 96 50 aufs
703 579 131 51 beste
866 583 204 43 vertraut
1099 576 229 66 gemacht,
1375 593 50 33 so
1458 575 166 67 gehört

68 664 92 51 ihm
193 665 103 50 kein
326 665 126 50 Platz
485 664 57 49 im
574 665 185 47 Drama.
806 661 95 49 Der
932 660 184 57 Pianist,
1146 659 82 51 der
1258 676 85 34 uns
1375 660 72 48 ein
1479 659 126 67 gedie-

71 763 141 51 genes
235 746 252 61 Tonstück,
515 748 79 48 das
626 744 79 49 auf
731 743 258 49 männliche
1016 743 147 59 Kraft,
1195 743 283 49 männlichen
1511 741 90 50 Aus-

70 830 144 51 druck
259 830 246 69 Anspruch
553 828 153 50 macht
748 826 110 68 (und
903 826 194 51 welches
1141 825 152 51 macht
1331 825 75 51 ihn
1437 824 192 68 nicht?),

71 915 42 50 in
146 913 509 71 zimperlicherWeise,
685 911 389 66 damenartig,
1106 911 118 50 ohne
1248 910 107 50 leise
1381 909 251 51 Merkmale

70 1016 87 33 von
188 998 250 51 Kenntniss
480 995 78 51 des
588 994 199 69 Capitels
829 994 145 60 „über
1422 994 93 48 und
1548 991 81 51 viel

71 1082 209 50 Anderes
306 1080 133 59 noch,
484 1082 222 63 vorträgt,
748 1079 87 50 den
865 1082 186 47 müssen
1086 1078 81 49 wir
1199 1078 58 49 im
1289 1078 230 49 Interesse
1552 1077 78 49 der

70 1165 147 50 Sache
249 1163 91 51 und
372 1162 79 50 des
484 1162 339 50 musicalischen
857 1160 265 52 Publicums
1153 1159 165 51 höflich
1351 1159 159 59 bitten,
1541 1159 66 50 sol-

68 1247 115 52 chen
214 1245 212 53 Werken
457 1263 151 33 coram
638 1247 183 49 Publico
853 1245 97 50 fern
981 1263 54 32 zu
1069 1243 193 52 bleiben.
1300 1244 60 50 Es
1392 1261 124 33 muss
1548 1261 81 31 zur

68 1331 142 50 Stelle
252 1338 247 59 ausgesagt
541 1329 203 59 werden,
790 1329 102 50 dass
924 1329 113 50 allen
1070 1346 198 33 unseren
1301 1328 226 50 Pianisten
1560 1327 70 49 die

66 1413 344 52 Erfordernisse
468 1431 83 33 zur
595 1412 385 70 Reproducirung
1030 1412 374 51 inhaltschwerer
1454 1411 175 52 Werke

68 1497 235 67 abgehen;
349 1505 118 43 trotz
500 1497 119 49 ihrer
650 1498 138 48 Bärte
821 1497 160 49 stellen
1014 1497 64 49 sie
1108 1513 73 32 am
1214 1496 141 49 Piano
1387 1512 87 33 nur
1506 1503 123 41 zarte

70 1581 176 49 Damen
279 1597 94 35 vor.
405 1579 101 51 Und
539 1579 172 51 danach
741 1579 59 50 ist
830 1579 70 50 die
933 1579 141 51 Wahl
1106 1579 77 50 des
1213 1579 335 50 Instrumentes
1574 1595 54 31 zu

71 1662 128 53 ihren
231 1665 275 67 Vorträgen.
547 1665 131 58 „Nur
708 1663 104 51 sehr
844 1662 162 51 leichte
1371 1662 92 48 Das
1493 1659 140 51 heisst

72 1747 117 51 doch
222 1748 149 51 wohl:
410 1766 89 32 nur
529 1747 106 51 sehr
665 1747 151 66 wenig
845 1748 117 58 Ton,
1007 1764 51 33 so
1087 1746 84 49 viel
1202 1745 168 67 gerade
1400 1762 103 32 zum
1539 1743 62 50 Ab-

71 1832 222 68 klimpern
337 1831 125 51 eines
492 1830 326 52 Salonslückes
858 1830 310 49 erforderlich.
1232 1828 221 51 Welches
1486 1827 144 50 Mittel

71 1915 82 51 soll
185 1916 95 51 also
308 1933 55 31 zu
397 1915 216 67 kräftiger
641 1913 222 67 Färbung
894 1913 80 50 des
1004 1912 244 50 Gemäldes
1277 1912 178 55 dienen,
1501 1927 131 33 wenn

71 2000 80 49 das
180 1999 269 50 Handwerk
481 1997 202 59 kraftlos,
729 1997 69 49 die
843 2014 55 32 zu
933 1995 314 51 behandelnde
1277 1995 239 51 Mechanik
1549 2011 84 32 nur

71 2082 70 50 für
183 2084 177 49 Damen
405 2080 195 70 passend
647 2080 91 51 und
781 2080 70 49 die
881 2079 293 67 Ausbildung
1216 2079 59 49 im
1320 2077 313 69 Allgemeinen

70 2166 121 51 nicht
223 2166 113 50 über
369 2166 79 50 das
478 2164 256 67 alltägliche
767 2164 457 49 Dilettanten-Maass
1256 2162 308 66 hinausgeht?

194 2334 93 48 Das
321 2334 269 65 Programm
619 2330 79 51 des
729 2331 153 49 Herrn
913 2330 118 50 Lutz
1075 2347 94 31 war
1214 2329 104 49 sehr
1356 2327 276 59 anziehend;

71 2416 162 50 darauf
273 2416 240 66 figurirlen
543 2416 52 50 F.
627 2413 268 52 Schubert's
924 2415 179 48 B-dur-
1107 2413 109 49 Trio
1258 2411 92 51 und
1376 2413 256 49 Hummel's

70 2501 217 65 Septuor.
327 2499 215 49 Ersteres
572 2498 79 49 hat
682 2496 219 50 Referent
931 2495 226 67 angehört
1186 2496 91 49 und
1310 2494 211 51 wünscht
1553 2495 77 50 das

70 2581 275 53 vorstehend
387 2580 114 51 über
531 2581 203 65 Vortrag
764 2580 202 66 Gesagte
1008 2580 79 48 auf
1125 2579 122 49 diese
1281 2578 347 68 Reproduction

70 2665 274 68 angewandt
387 2683 55 32 zu
485 2664 180 51 wissen.
726 2665 66 47 Im
824 2669 151 43 ersten
1007 2663 136 49 Satze
1172 2662 168 49 theilen
1371 2662 92 49 sich
1496 2669 134 42 unter

68 2748 234 51 Anderem
332 2748 70 49 die
434 2749 309 48 Instrumente
774 2747 42 48 in
849 2745 98 50 eine
979 2745 62 49 oft
1074 2744 401 50 wiederkehrende
1498 2744 104 50 Trio-

70 2832 251 66 len-Figur.
353 2832 86 48 Die
464 2829 161 51 beiden
642 2829 517 50 Streich-Instrumente
1191 2827 178 50 banden
1400 2827 70 49 die
1502 2835 121 41 erste

70 2916 81 49 mit
179 2916 81 49 der
285 2916 190 48 zweiten
500 2916 118 48 Note
649 2912 162 66 richtig
843 2912 90 49 und
966 2910 249 51 stakkirten
1248 2912 72 48 die
1351 2912 154 57 dritte,
1536 2929 62 31 wo-

71 2998 143 48 durch
261 2998 69 48 die
362 2998 246 64 Betonung
649 2996 80 49 der
772 2994 71 50 die
884 2994 194 49 Melodie
1126 2993 250 51 führenden
1425 3002 200 42 ersten

68 3083 118 48 Note
204 3081 92 49 sich
322 3098 84 32 von
424 3079 142 51 selbst
597 3079 162 65 ergibt.
793 3079 93 49 Der
909 3078 165 48 Pianist
1102 3077 109 49 aber
1238 3078 218 48 stakkirte
1477 3078 144 48 fortan

66 3164 84 49 alle
185 3163 108 53 drei,
322 3163 90 48 und
447 3180 122 31 zwar
599 3159 448 68 gleichmässig,
1082 3159 118 50 ohne
1232 3159 179 51 leiseste
1441 3159 155 50 Andeu-

68 3255 115 57 tung
222 3246 77 48 des
331 3244 80 50 auf
451 3244 71 50 die
552 3252 123 42 erste
701 3246 119 48 Note
861 3242 222 51 fallenden
1116 3244 215 56 Accents,
1379 3243 86 48 den
1514 3242 113 51 doch

67 3330 70 49 die
169 3328 491 50 Saiten-Instrumente
691 3333 114 42 stets
835 3326 198 49 deutlich
1066 3326 141 48 hören
1242 3326 176 51 liessen.
1465 3326 164 49 Solche

66 3411 303 66 Behandlung
401 3411 80 49 der
511 3408 266 51 leichtesten
795 3410 313 66 Tongruppen
1135 3408 144 65 zeigte
1300 3426 56 32 zu
1385 3407 239 51 auffallend

68 3495 70 49 die
158 3495 371 49 Nichtkenntniss
560 3492 81 51 der
670 3491 236 66 allgemein
939 3492 202 66 gültigen
1164 3491 168 66 Regel;
1364 3492 92 50 und
1484 3492 145 48 dieses

68 3578 116 50 Eine
228 3577 172 67 spricht
442 3577 69 48 für
552 3576 107 49 alles
701 3573 199 51 Andere.
962 3575 49 48 In
1044 3575 196 64 gleicher
1275 3575 160 49 Weise
1467 3576 162 48 hörten

70 3661 82 48 wir
183 3678 85 31 von
302 3661 151 47 Herrn
484 3661 116 47 Lutz
633 3657 70 50 die
735 3656 152 49 Triole
919 3655 254 50 behandeln
1205 3657 39 48 in
1275 3657 80 48 der
1387 3657 242 66 folgenden

68 3745 220 48 Nummer
708 3740 71 49 die
824 3756 85 32 von
952 3738 100 49 dem
1101 3738 329 68 Opernsänger
1474 3742 154 47 Herrn

71 3827 139 50 Karl
254 3825 331 52 Schneider
627 3840 238 48 gesungen
898 3821 171 51 wurde.

1359 3906 58 49 A.
1460 3906 42 49 S.

1891 353 244 56 Tages-
2178 353 141 44 und
2350 352 774 55 Unterhaltungs-Blatt.

1808 453 181 37 Kolli.
2023 456 79 34 Der
2130 452 339 48 grossherzoglich
2500 453 326 48 oldenburgische
2855 452 311 49 Capellmeister,
3198 452 99 38 Herr

1727 516 201 37 Professor
1955 516 204 47 August
2187 517 132 43 Pott,
2366 515 69 35 hat
2478 516 83 35 sich
2604 516 126 47 einige
2760 517 108 46 Tage
2916 517 83 36 hier
3040 514 260 49 aufgehalten

1727 579 81 35 und
1836 590 72 25 uns
1940 579 122 36 durch
2093 579 170 36 mehrere
2285 579 192 46 Vorträge
2509 579 152 45 eigener
2689 579 81 35 und
2799 579 164 36 fremder
2982 577 318 49 Compositionen

1727 641 62 35 für
1817 641 60 35 die
1906 640 150 38 Violine
2100 642 88 34 aufs
2230 640 165 36 höchste
2434 639 157 36 erfreut.
2646 640 44 34 In
2719 640 66 36 der
2813 640 303 36 musicalischen
3148 638 130 37 Gesell-

1726 703 129 36 schaft
1884 703 139 48 spielte
2053 716 39 23 er
2121 704 81 35 sein
2231 704 142 34 viertes
2403 701 170 36 Concert
2601 699 40 35 in
2667 700 142 46 E-dur,
2839 703 84 34 eine
2952 703 209 46 gediegene
3183 702 87 36 Com-

1725 767 180 46 position,
1948 766 148 36 welche
2138 765 119 36 schon
2299 765 41 35 in
2376 765 103 35 ihrer
2509 763 115 35 Form
2657 762 60 35 die
2745 763 399 47 Eigentümlichkeit
3172 765 126 35 seiner

1724 830 199 46 Richtung
1952 831 113 46 zeigt.
2095 832 79 33 Das
2199 828 166 35 Concert
2392 826 157 37 besteht
2576 825 173 36 nämlich
2778 838 73 23 nur
2881 838 70 24 aus
2978 828 123 34 einem
3118 826 155 47 Allegro-

1726 894 106 33 satze
1860 892 40 33 in
1928 903 174 35 grossem
2131 890 84 45 Stil,
2251 892 40 33 in
2318 889 189 36 welchem
2535 889 61 35 ein
2626 887 154 47 Adagio
2812 887 72 36 den
2914 887 214 38 Mittelsatz
3158 888 136 44 bildet,

1726 965 42 24 so
1797 953 90 36 dass
1917 953 67 36 der
2013 953 228 47 Componist
2284 951 99 37 nach
2430 950 85 36 dem
2560 950 155 47 Adagio
2762 950 73 36 den
2881 950 222 47 Hauptsatz
3149 950 144 36 wieder

1726 1016 216 45 aufnimmt,
1972 1016 234 36 durchführt
2233 1015 79 36 und
2333 1016 69 33 mit
2429 1016 104 36 einer
2552 1014 244 47 glänzenden
2817 1012 106 37 Coda
2953 1012 194 38 scliliesst.
3201 1012 96 37 Hier

1724 1080 52 33 ist
1817 1079 138 34 mithin
1982 1078 111 36 Alles
2122 1078 117 35 Ernst
2285 1077 79 36 und
2394 1078 156 46 Würde,
2594 1078 79 36 und
2716 1077 210 36 denselben
2970 1074 215 36 Charakter
3227 1073 69 37 hat

1724 1141 103 37 auch
1855 1141 123 38 Pott's
2008 1141 247 47 Violinspiel;
2302 1152 39 24 er
2369 1141 129 37 dürfte
2534 1143 107 45 jetzt
2675 1140 103 36 wohl
2809 1139 68 36 der
2903 1137 164 46 Einzige
3096 1136 95 45 sein,
3235 1134 65 37 der

1726 1205 60 37 die
1815 1205 231 48 Spohr'sche
2075 1205 140 35 Schule
2245 1207 68 34 mit
2342 1206 123 36 ihrem
2495 1205 222 36 herrlichen
2750 1202 131 36 vollen
2913 1202 109 33 Tone
3064 1197 78 36 und
3187 1195 112 37 edeln

1723 1269 190 46 Vortrage
1940 1267 101 36 noch
2070 1268 73 35 auf
2166 1270 260 36 meisterhafte
2456 1269 131 35 Weise
2616 1266 264 49 repräsentirt.
2930 1262 129 36 Selbst
3091 1260 105 36 seine
3225 1259 46 35 Sa-

1724 1329 408 47 lon-Compositionen,
2178 1343 31 22 z.
2240 1332 42 37 B.
2313 1332 62 35 die
2403 1331 252 34 Variationen
2688 1328 96 36 über
2814 1326 68 34 das
2913 1321 274 39 holländische
3217 1321 54 34 Na-

1724 1392 214 45 tionallied,
1985 1392 68 34 das
2084 1393 225 44 Minnelied,
2354 1393 67 35 das
2451 1392 201 45 Hommage
2684 1392 24 33 ä
2737 1389 38 35 la
2803 1388 88 35 lune
2919 1397 40 24 u.
2992 1397 30 25 s.
3052 1396 60 34 w.,
3142 1381 156 38 bleiben

1726 1455 85 36 dem
1841 1459 154 32 ernsten
2025 1454 217 37 Charakter
2271 1458 85 32 treu
2387 1454 79 36 und
2496 1452 147 47 stehen,
2688 1461 125 36 gegen
2852 1448 60 36 die
2947 1447 186 46 heutigen
3162 1445 135 35 Faxen

1726 1517 192 47 gehalten,
1964 1518 71 35 wie
2077 1517 219 35 natürliche
2338 1515 214 37 Gewächse
2597 1524 125 36 gegen
2765 1508 423 38 Treibhaus-Pflanzen
3232 1506 61 37 da.

1726 1579 123 35 Einen
1879 1577 403 37 ausserordentlichen
2310 1576 200 36 Eindruck
2547 1575 68 35 hat
2644 1574 72 35 auf
2739 1583 74 24 uns
2843 1574 113 32 unter
2984 1569 192 36 Anderem
3203 1568 94 36 aber

1726 1643 102 34 auch
1860 1642 67 35 der
1954 1642 168 45 Vortrag
2152 1640 66 36 der
2245 1640 221 37 bekannten
2492 1637 196 35 Ciciconna
2716 1647 78 23 von
2820 1633 133 35 Bach
2984 1631 190 48 gemacht,
3199 1628 72 38 wel-

1728 1703 71 37 che
1828 1705 70 34 wir
1926 1705 39 33 in
1993 1703 185 35 Hinsicht
2207 1703 66 34 der
2301 1700 243 45 Auffassung
2579 1696 80 36 und
2698 1696 66 35 der
2790 1694 260 45 Ausführung
3087 1691 100 36 noch
3215 1691 60 35 nie-

1727 1767 99 34 mals
1856 1776 42 25 so
1927 1764 195 36 vollendet
2161 1764 139 47 gehört
2338 1761 141 36 haben.
2539 1759 127 36 Pott's
2697 1757 106 47 Spiel
2844 1756 68 34 hat
2957 1753 210 47 durchweg
3210 1752 83 47 lon,

1727 1827 129 38 vollen
1886 1827 79 36 und
1995 1827 171 36 schönen
2196 1826 94 42 Ton,
2321 1822 148 37 sowohl
2496 1823 53 33 im
2579 1821 111 34 Vörie
2718 1819 59 35 als
2805 1819 52 34 im
2878 1816 121 35 Piano
3003 1843 8 17 ,
3041 1814 80 36 und
3150 1826 19 23 c
3185 1819 51 30 est
3265 1814 31 34 le

1726 1899 61 27 ton
1818 1893 64 46 qai
1906 1891 75 46 fait
2009 1889 37 35 la
2076 1889 168 45 musique
2249 1915 7 18 ,
2288 1885 80 36 und
2396 1882 234 38 namentlich
2660 1882 32 35 le
2719 1879 205 37 violoniste.

1806 1953 90 35 Pott
1925 1952 68 34 hat
2022 1952 69 34 auf
2124 1950 124 35 seiner
2281 1948 172 45 jetzigen
2483 1944 231 36 Kunstreise
2759 1943 52 33 im
2857 1951 275 36 vergangenen
3160 1938 137 36 Monat

1726 2014 116 36 theils
1872 2016 38 33 in
1941 2014 169 46 eigenen,
2154 2010 115 36 theils
2309 2011 39 33 in
2380 2009 72 34 den
2481 2002 523 40 Abonnements-Concerten
3048 2012 50 23 zu
3142 1999 122 35 Osna-

1727 2075 169 45 brück,
1926 2075 240 41 Münster,
2194 2068 263 38 Elberfeld
2486 2068 33 45 (2
2543 2065 95 48 Mal)
2668 2063 81 37 und
2777 2063 209 35 Barmen
3015 2060 186 47 gespielt;
3231 2071 62 23 am

1727 2138 250 45 Donnerstag
2008 2136 71 35 den
2110 2136 33 33 5.
2176 2134 35 37 d.
2240 2134 89 36 Mts.
2360 2132 39 34 in
2436 2128 212 43 Aachen,
2695 2139 76 23 von
2817 2137 57 23 wo
2911 2136 39 23 er
2991 2123 102 36 nach
3122 2122 172 45 Brüssel,

1729 2200 160 46 Belgien
1917 2199 80 35 und
2025 2196 171 37 Holland
2225 2194 124 48 gehen
2379 2192 107 36 wird.
2540 2188 115 37 Auch
2688 2188 109 35 darin
2825 2185 289 36 unterscheidet
3143 2197 39 24 er
3211 2187 83 34 sich

1731 2263 87 35 sehr
1846 2275 49 23 zu
1925 2263 144 35 seinem
2097 2259 177 37 Vortheil
2302 2268 75 24 von
2401 2254 165 36 anderen
2587 2253 223 42 Virtuosen,
2840 2248 89 36 dass
2960 2249 83 35 sein
3071 2248 223 48 Repertoire

1729 2326 61 34 ein
1820 2321 355 39 ausserordentlich
2202 2319 150 36 reiches
2381 2318 63 43 ist,
2488 2314 81 36 und
2598 2313 88 35 dass
2717 2323 40 24 er
2785 2310 124 36 neben
2939 2310 160 45 eigenen
3130 2308 135 48 Compo-

1727 2388 163 36 sitionen
1919 2386 60 35 die
2009 2384 186 37 Concerte
2225 2393 75 24 von
2328 2378 233 43 Beethoven,
2606 2374 124 48 Spohr
2758 2373 80 36 und
2866 2372 184 47 Lipinski
3093 2383 63 25 am
3198 2371 76 36 lieb-

1726 2454 83 34 sten
1839 2450 128 48 spielt.

1804 2509 288 41 Ferdinand
2133 2505 209 37 Hillens
2385 2512 120 26 neues
2536 2500 224 36 Oratorium
2801 2497 121 36 Saul
2967 2496 96 35 wird
3100 2495 110 36 nicht
3238 2496 54 34 im

1725 2579 124 32 ersten
1880 2574 260 46 diesjährigen
2168 2563 507 44 Abonnements-Concerte,
2706 2561 166 36 sondern
2900 2561 53 33 im
2984 2560 193 34 diitten

1726 2641 61 34 22.
1817 2634 228 48 December)
2077 2645 70 23 zur
2175 2628 259 46 Ausführung
2461 2627 192 34 kommen.

1802 2697 203 38 Mittwoch
2044 2696 73 35 den
2152 2698 33 31 4.
2217 2693 34 36 d.
2282 2691 91 35 Mts.
2417 2688 76 46 gab
2534 2686 102 35 Herr
2681 2685 113 34 Max
2839 2683 165 36 Bruch
3044 2683 72 34 mit
3155 2682 115 34 Unter-

1724 2762 186 44 stützung
1950 2758 66 36 der
2060 2757 148 35 Herren
2239 2748 226 44 Grunwald,
2508 2748 44 36 B.
2580 2747 156 43 Breuer,
2779 2746 43 34 E.
2852 2745 124 45 Koch,
3020 2745 50 35 M.
3101 2744 192 35 DuMont-

1722 2822 99 44 Fier,
1852 2822 60 34 W.
1941 2819 118 36 Hülle
2087 2816 80 37 und
2196 2816 104 35 eines
2331 2809 245 39 zahlreichen
2597 2808 123 35 Chors
2749 2819 77 23 von
2847 2807 240 34 Dilettanten
3116 2817 71 24 aus
3218 2805 73 36 den

1724 2882 303 37 verschiedenen
2050 2875 366 50 Gesang-Vereinen
2446 2873 84 34 eine
2559 2871 172 35 Soiree
2759 2870 52 33 im
2839 2869 117 34 Hotel
2979 2868 130 37 Disch.
3140 2869 149 34 Ausser

1724 2947 66 35 der
1819 2947 141 35 Sonate
1987 2946 40 33 in
2058 2942 147 36 E-moll
2232 2938 80 37 und
2341 2937 71 35 dur
2446 2947 75 23 von
2549 2933 229 42 Beethoven,
2825 2931 71 46 Op.
2929 2932 61 43 90,
3033 2931 147 35 welche
3224 2931 66 36 der

1724 3007 287 48 Concertgeber
2037 3006 108 36 recht
2171 3006 71 45 gut
2265 3000 148 47 spielte,
2443 3008 126 24 waren
2585 2992 244 38 sämmtliche
2845 2992 276 37 Musikstücke
3152 2994 133 47 eigene

1724 3070 325 47 Compositionen.
2107 3066 73 36 Die
2212 3065 128 34 Soiree
2370 3061 152 44 begann
2550 3058 70 33 mit
2648 3057 123 34 einem
2808 3057 19 32 I
2848 3056 73 34 lio
2962 3056 57 34 füi
3051 3056 18 33 I
3084 3058 202 43 ianoforte,

1723 3133 152 35 Violine
1913 3131 79 35 und
2020 3125 227 44 Violoncell,
2295 3123 68 34 das
2394 3131 73 25 uns
2497 3121 39 33 in
2566 3119 124 35 seiner
2731 3117 181 36 früheren
2942 3117 112 35 Form
3083 3117 108 36 mehr
3220 3129 45 23 an-

1724 3195 237 47 gesprochen
2002 3192 76 44 hat,
2122 3190 58 34 als
2206 3189 39 33 in
2276 3186 124 35 seiner
2424 3182 186 46 jetzigen,
2655 3191 59 23 wo
2745 3179 68 35 das
2843 3182 119 32 etwas
2991 3179 114 46 lange
3133 3180 152 46 Adagio

1724 3258 71 35 den
1825 3260 126 31 ersten
1980 3255 88 34 Satz
2097 3251 133 43 bildet,
2275 3249 86 35 dem
2404 3246 83 35 sich
2528 3244 100 35 dann
2670 3243 69 34 das
2778 3241 109 36 recht
2914 3242 174 37 hübsche
3119 3242 167 37 Scherzo

1722 3318 80 36 und
1830 3319 62 34 ein
1921 3316 168 46 feuriges
2119 3311 135 37 Finale
2284 3309 192 36 anreihen.
2528 3307 99 33 Dem
2657 3303 200 35 Eindruck
2886 3303 65 35 des
2982 3307 126 32 ersten
3139 3305 147 45 Satzes,

1724 3381 66 35 der
1812 3380 183 45 übrigens
2024 3377 108 36 recht
2160 3375 143 35 schöne
2331 3371 146 37 Stellen
2506 3368 163 44 enthält,
2700 3366 179 37 schadete
2909 3378 39 23 es
2980 3366 185 46 offenbar,
3196 3368 90 36 dass

1724 3441 61 35 die
1813 3441 174 35 Zuhörer
2014 3437 107 36 nicht
2149 3435 109 37 recht
2289 3436 184 42 wussten,
2519 3441 102 24 wass
2660 3430 54 34 sie
2758 3429 142 34 daraus
2940 3429 163 35 machen
3133 3430 152 45 sollten,

1722 3503 127 35 indem
1879 3504 61 34 ein
1969 3502 261 45 Anfangssatz
2260 3497 39 34 in
2329 3507 42 24 so
2399 3495 238 45 langsamem
2667 3492 143 45 Tempo
2839 3491 80 35 und
2938 3491 153 36 solcher
3109 3492 155 36 Ausdeh-

1722 3577 108 34 nung
1870 3564 59 36 als
1969 3567 130 40 erster,
2142 3561 82 35 also
2267 3559 219 44 Hauptsatz
2531 3556 104 33 eines
2664 3552 125 37 Trio's
2834 3556 118 32 etwas
2997 3554 289 38 Unerwartetes

1724 3639 90 25 war.
1860 3627 84 35 Wir
1972 3626 155 34 können
2156 3624 104 34 diese
2289 3622 114 33 Form
2431 3617 106 35 nicht
2564 3615 163 46 billigen
2767 3614 79 36 und
2876 3617 210 34 wünschen
3118 3618 151 35 aufrich-

1724 3690 69 45 tig,
1839 3688 88 35 dass
1971 3687 66 35 der
2075 3683 225 38 talentvolle
2330 3678 224 48 Componist
2594 3675 109 36 nicht
2740 3675 115 35 dahin
2898 3677 139 46 neigen
3079 3681 128 45 möge,
3251 3681 41 35 in

1724 3763 124 25 neuen
1877 3751 163 34 Formen
2070 3749 62 35 ein
2160 3749 190 34 Interesse
2379 3756 48 22 zu
2456 3742 158 43 suchen,
2660 3740 70 36 das
2767 3740 116 35 allein
2914 3740 66 35 der
3008 3740 132 36 Inhalt
3168 3742 125 48 geben

1725 3815 116 36 kann.
1943 3812 96 34 Eine
2068 3811 243 34 Romanze
2342 3808 61 33 für
2421 3804 222 35 Pianoforte
2672 3803 117 35 allein
2818 3802 79 36 und
2926 3804 62 34 ein
3018 3803 274 48 Capriccio

1727 3888 47 24 zu
1802 3876 81 35 vier
1912 3872 166 37 Händen
2122 3871 103 47 (sehr
2253 3870 96 35 brav
2386 3879 75 23 von
2489 3865 125 35 Herrn
2642 3864 119 35 Hülle
2789 3864 81 34 und
2900 3863 87 35 dem
3016 3865 278 47 Componisten

1727 3937 180 47 gespielt)
1952 3934 142 36 fanden
2121 3932 192 36 lebhaften
2342 3928 151 44 Beifall,
2540 3926 72 35 den
2655 3927 54 34 sie
2752 3925 101 36 auch
2897 3926 267 37 vollkommen
3208 3941 63 24 ver-

1726 4001 165 35 dienten.

1806 4062 74 34 Die
1910 4056 486 49 Gesang-Compositionen
2443 4065 128 23 waren
2613 4064 40 24 es
2687 4051 143 47 jedoch
2862 4053 239 46 vorzüglich,
3147 4055 149 37 welche

1732 4125 67 34 das
1829 4122 145 36 schöne
2003 4121 138 35 Talent
2169 4118 79 36 und
2277 4117 72 35 den
2378 4116 183 46 leichten,
2600 4114 137 35 klaren
2766 4114 117 36 Fluss
2925 4116 40 35 in
3009 4116 72 35 den
3111 4118 182 36 Arbeiten

1734 4188 65 37 des
1824 4188 149 46 jungen
2001 4186 272 46 Componisten
2302 4195 75 25 von
2407 4184 146 36 Neuem
2583 4183 73 36 auf
2681 4182 229 38 erfreuliche
2940 4182 130 37 Weise
3098 4182 176 41 bekunde-
