<?xml version="1.0" encoding="UTF-8"?>
<alto xmlns:xsi="http://www.w3.org/2001/XMLSchema-instance" xmlns="http://www.loc.gov/standards/alto/ns-v2#" xsi:schemaLocation="http://www.loc.gov/standards/alto/ns-v2# http://www.loc.gov/standards/alto/alto-v2.0.xsd" xmlns:xlink="http://www.w3.org/1999/xlink">
	<Description>
		<MeasurementUnit>mm10</MeasurementUnit>
		<sourceImageInformation>
			<fileName>//fileserver7/IN2/Princeton/Batch5/bmtnabi/1857/11/07_01/00000360.tif</fileName>
		</sourceImageInformation>
		<OCRProcessing ID="OCRPROCESSING_1">
			<preProcessingStep>
				<processingSoftware>
					<softwareCreator>CCS Content Conversion Specialists GmbH, Germany</softwareCreator>
					<softwareName>CCS docWORKS</softwareName>
					<softwareVersion>6.6-1.18</softwareVersion>
				</processingSoftware>
			</preProcessingStep>
			<ocrProcessingStep>
				<processingSoftware>
					<softwareCreator>ABBYY (BIT Software), Russia</softwareCreator>
					<softwareName>FineReader</softwareName>
					<softwareVersion>10.0</softwareVersion>
				</processingSoftware>
			</ocrProcessingStep>
		</OCRProcessing>
		<OCRProcessing ID="OCRPROCESSING_2">
			<preProcessingStep>
				<processingSoftware>
					<softwareCreator>CCS Content Conversion Specialists GmbH, Germany</softwareCreator>
					<softwareName>CCS docWORKS</softwareName>
					<softwareVersion>6.6-1.18</softwareVersion>
				</processingSoftware>
			</preProcessingStep>
			<ocrProcessingStep>
				<processingSoftware>
					<softwareCreator>ABBYY (BIT Software), Russia</softwareCreator>
					<softwareName>NA</softwareName>
				</processingSoftware>
			</ocrProcessingStep>
		</OCRProcessing>
	</Description>
	<Styles>
		<TextStyle ID="TXT_0" FONTSIZE="19" FONTFAMILY="Times New Roman"/>
		<TextStyle ID="TXT_1" FONTSIZE="16" FONTFAMILY="Arial"/>
		<TextStyle ID="TXT_2" FONTSIZE="20" FONTFAMILY="Arial"/>
		<TextStyle ID="TXT_3" FONTSIZE="12" FONTFAMILY="Arial" FONTSTYLE="bold"/>
		<TextStyle ID="TXT_4" FONTSIZE="14" FONTFAMILY="Times New Roman"/>
		<TextStyle ID="TXT_5" FONTSIZE="4" FONTFAMILY="Courier New"/>
		<TextStyle ID="TXT_6" FONTSIZE="16" FONTFAMILY="Arial" FONTSTYLE="italics"/>
		<ParagraphStyle ID="PAR_CENTER" ALIGN="Center"/>
		<ParagraphStyle ID="PAR_LEFT" ALIGN="Left"/>
		<ParagraphStyle ID="PAR_RIGHT" ALIGN="Right"/>
		<ParagraphStyle ID="PAR_BLOCK" ALIGN="Block"/>
	</Styles>
	<Layout>
		<Page ID="P2" PHYSICAL_IMG_NR="2" HEIGHT="4452" WIDTH="3513" PRINTED_IMG_NR="354" PC="0.935">
			<TopMargin ID="P2_TM00001" HPOS="0" VPOS="0" WIDTH="3513" HEIGHT="211">
				<TextBlock ID="P2_TB00001" HPOS="1704" VPOS="154" WIDTH="100" HEIGHT="55" STYLEREFS="TXT_0 PAR_CENTER">
					<TextLine ID="P2_TL00001" HPOS="1704" VPOS="154" WIDTH="100" HEIGHT="55">
						<String ID="P2_ST00001" HPOS="1704" VPOS="154" WIDTH="100" HEIGHT="55" CONTENT="354" WC="1.00" CC="000"/>
					</TextLine>
				</TextBlock>
			</TopMargin>
			<LeftMargin ID="P2_LM00001" HPOS="0" VPOS="211" WIDTH="135" HEIGHT="3988"/>
			<RightMargin ID="P2_RM00001" HPOS="3374" VPOS="211" WIDTH="139" HEIGHT="3988"/>
			<BottomMargin ID="P2_BM00001" HPOS="0" VPOS="4199" WIDTH="3513" HEIGHT="253"/>
			<PrintSpace ID="P2_PS00001" HPOS="135" VPOS="211" WIDTH="3239" HEIGHT="3988">
				<TextBlock ID="P2_TB00002" HPOS="135" VPOS="296" WIDTH="1576" HEIGHT="966" STYLEREFS="TXT_1 PAR_LEFT">
					<TextLine ID="P2_TL00002" HPOS="136" VPOS="296" WIDTH="1565" HEIGHT="60">
						<String ID="P2_ST00002" HPOS="136" VPOS="303" WIDTH="99" HEIGHT="52" CONTENT="eine" WC="1.00" CC="0000"/>
						<SP ID="P2_SP00001" HPOS="235" VPOS="355" WIDTH="29"/>
						<String ID="P2_ST00003" HPOS="264" VPOS="301" WIDTH="230" HEIGHT="55" CONTENT="Zuschrift" WC="0.99" CC="003060506"/>
						<SP ID="P2_SP00002" HPOS="494" VPOS="356" WIDTH="43"/>
						<String ID="P2_ST00004" HPOS="537" VPOS="301" WIDTH="80" HEIGHT="52" CONTENT="des" WC="0.97" CC="007"/>
						<SP ID="P2_SP00003" HPOS="617" VPOS="356" WIDTH="31"/>
						<String ID="P2_ST00005" HPOS="648" VPOS="300" WIDTH="287" HEIGHT="52" CONTENT="Vorstandes" WC="1.00" CC="0000055002"/>
						<SP ID="P2_SP00004" HPOS="935" VPOS="356" WIDTH="48"/>
						<String ID="P2_ST00006" HPOS="983" VPOS="300" WIDTH="80" HEIGHT="50" CONTENT="der" WC="1.00" CC="000"/>
						<SP ID="P2_SP00005" HPOS="1063" VPOS="356" WIDTH="32"/>
						<String ID="P2_ST00007" HPOS="1095" VPOS="299" WIDTH="185" HEIGHT="52" CONTENT="Anstalt" WC="0.99" CC="2001131"/>
						<SP ID="P2_SP00006" HPOS="1280" VPOS="356" WIDTH="32"/>
						<String ID="P2_ST00008" HPOS="1312" VPOS="298" WIDTH="71" HEIGHT="52" CONTENT="die" WC="0.96" CC="900"/>
						<SP ID="P2_SP00007" HPOS="1383" VPOS="356" WIDTH="32"/>
						<String ID="P2_ST00009" HPOS="1415" VPOS="296" WIDTH="258" HEIGHT="52" CONTENT="Ehren-Mit" SUBS_TYPE="HypPart1" SUBS_CONTENT="Ehren-Mitgliedschaft" WC="0.99" CC="212001565"/>
						<HYP HPOS="1673" VPOS="296" WIDTH="28" CONTENT="-"/>
					</TextLine>
					<TextLine ID="P2_TL00003" HPOS="136" VPOS="385" WIDTH="647" HEIGHT="69">
						<String ID="P2_ST00010" HPOS="136" VPOS="385" WIDTH="269" HEIGHT="69" CONTENT="gliedschaft" SUBS_TYPE="HypPart2" SUBS_CONTENT="Ehren-Mitgliedschaft" WC="0.99" CC="95209126065"/>
						<SP ID="P2_SP00008" HPOS="405" VPOS="454" WIDTH="31"/>
						<String ID="P2_ST00011" HPOS="436" VPOS="385" WIDTH="81" HEIGHT="51" CONTENT="der" WC="0.99" CC="020"/>
						<SP ID="P2_SP00009" HPOS="517" VPOS="454" WIDTH="29"/>
						<String ID="P2_ST00012" HPOS="546" VPOS="385" WIDTH="237" HEIGHT="50" CONTENT="letzteren." WC="1.00" CC="0022100041"/>
					</TextLine>
					<TextLine ID="P2_TL00004" HPOS="263" VPOS="464" WIDTH="1445" HEIGHT="71">
						<String ID="P2_ST00013" HPOS="263" VPOS="470" WIDTH="97" HEIGHT="50" CONTENT="Der" WC="0.98" CC="400"/>
						<SP ID="P2_SP00010" HPOS="360" VPOS="520" WIDTH="57"/>
						<String ID="P2_ST00014" HPOS="417" VPOS="468" WIDTH="269" HEIGHT="67" CONTENT="Königliche" WC="0.99" CC="0050970052"/>
						<SP ID="P2_SP00011" HPOS="686" VPOS="535" WIDTH="56"/>
						<String ID="P2_ST00015" HPOS="742" VPOS="465" WIDTH="395" HEIGHT="53" CONTENT="Musik-Director" WC="0.94" CC="00000000000305"/>
						<SP ID="P2_SP00012" HPOS="1137" VPOS="535" WIDTH="56"/>
						<String ID="P2_ST00016" HPOS="1193" VPOS="466" WIDTH="94" HEIGHT="51" CONTENT="und" WC="0.98" CC="330"/>
						<SP ID="P2_SP00013" HPOS="1287" VPOS="535" WIDTH="51"/>
						<String ID="P2_ST00017" HPOS="1338" VPOS="464" WIDTH="370" HEIGHT="67" CONTENT="Dom-Organist" WC="1.00" CC="209340000000"/>
					</TextLine>
					<TextLine ID="P2_TL00005" HPOS="136" VPOS="549" WIDTH="1572" HEIGHT="70">
						<String ID="P2_ST00018" HPOS="136" VPOS="554" WIDTH="187" HEIGHT="51" CONTENT="Franz" WC="1.00" CC="00003"/>
						<SP ID="P2_SP00014" HPOS="323" VPOS="605" WIDTH="35"/>
						<String ID="P2_ST00019" HPOS="358" VPOS="553" WIDTH="221" HEIGHT="52" CONTENT="Weber" WC="1.00" CC="00300"/>
						<SP ID="P2_SP00015" HPOS="579" VPOS="605" WIDTH="32"/>
						<String ID="P2_ST00020" HPOS="611" VPOS="552" WIDTH="116" HEIGHT="52" CONTENT="wird" WC="1.00" CC="0000"/>
						<SP ID="P2_SP00016" HPOS="727" VPOS="605" WIDTH="31"/>
						<String ID="P2_ST00021" HPOS="758" VPOS="549" WIDTH="414" HEIGHT="70" CONTENT="lebenslänglicher" WC="1.00" CC="0370103019300302"/>
						<SP ID="P2_SP00017" HPOS="1172" VPOS="619" WIDTH="34"/>
						<String ID="P2_ST00022" HPOS="1206" VPOS="550" WIDTH="389" HEIGHT="52" CONTENT="Musik-Director" WC="0.92" CC="02000050000200"/>
						<SP ID="P2_SP00018" HPOS="1595" VPOS="619" WIDTH="31"/>
						<String ID="P2_ST00023" HPOS="1626" VPOS="549" WIDTH="82" HEIGHT="50" CONTENT="der" WC="0.99" CC="003"/>
					</TextLine>
					<TextLine ID="P2_TL00006" HPOS="136" VPOS="637" WIDTH="196" HEIGHT="50">
						<String ID="P2_ST00024" HPOS="136" VPOS="637" WIDTH="196" HEIGHT="50" CONTENT="Anstalt." WC="0.99" CC="00215633"/>
					</TextLine>
					<TextLine ID="P2_TL00007" HPOS="259" VPOS="769" WIDTH="1451" HEIGHT="56">
						<String ID="P2_ST00025" HPOS="259" VPOS="772" WIDTH="160" HEIGHT="50" CONTENT="Durch" WC="0.98" CC="44101"/>
						<SP ID="P2_SP00019" HPOS="419" VPOS="822" WIDTH="33"/>
						<String ID="P2_ST00026" HPOS="452" VPOS="772" WIDTH="72" HEIGHT="51" CONTENT="die" WC="0.97" CC="800"/>
						<SP ID="P2_SP00020" HPOS="524" VPOS="823" WIDTH="31"/>
						<String ID="P2_ST00027" HPOS="555" VPOS="772" WIDTH="327" HEIGHT="53" CONTENT="Allerhöchste" WC="1.00" CC="500036002050"/>
						<SP ID="P2_SP00021" HPOS="882" VPOS="825" WIDTH="31"/>
						<String ID="P2_ST00028" HPOS="913" VPOS="772" WIDTH="399" HEIGHT="51" CONTENT="Cabinets-Ordre" WC="0.70" CC="20514040054750"/>
						<SP ID="P2_SP00022" HPOS="1312" VPOS="825" WIDTH="32"/>
						<String ID="P2_ST00029" HPOS="1344" VPOS="790" WIDTH="103" HEIGHT="35" CONTENT="vom" WC="1.00" CC="000"/>
						<SP ID="P2_SP00023" HPOS="1447" VPOS="825" WIDTH="35"/>
						<String ID="P2_ST00030" HPOS="1482" VPOS="769" WIDTH="89" HEIGHT="54" CONTENT="13." WC="0.53" CC="454"/>
						<SP ID="P2_SP00024" HPOS="1571" VPOS="825" WIDTH="32"/>
						<String ID="P2_ST00031" HPOS="1603" VPOS="772" WIDTH="107" HEIGHT="50" CONTENT="Juni" WC="0.97" CC="3504"/>
					</TextLine>
					<TextLine ID="P2_TL00008" HPOS="137" VPOS="855" WIDTH="1574" HEIGHT="71">
						<String ID="P2_ST00032" HPOS="137" VPOS="874" WIDTH="36" HEIGHT="33" CONTENT="c." WC="1.00" CC="00"/>
						<SP ID="P2_SP00025" HPOS="173" VPOS="907" WIDTH="27"/>
						<String ID="P2_ST00033" HPOS="200" VPOS="855" WIDTH="99" HEIGHT="52" CONTENT="sind" WC="0.99" CC="0040"/>
						<SP ID="P2_SP00026" HPOS="299" VPOS="907" WIDTH="26"/>
						<String ID="P2_ST00034" HPOS="325" VPOS="856" WIDTH="83" HEIGHT="50" CONTENT="der" WC="1.00" CC="000"/>
						<SP ID="P2_SP00027" HPOS="408" VPOS="907" WIDTH="18"/>
						<String ID="P2_ST00035" HPOS="426" VPOS="856" WIDTH="186" HEIGHT="52" CONTENT="Anstalt" WC="0.98" CC="5506056"/>
						<SP ID="P2_SP00028" HPOS="612" VPOS="908" WIDTH="31"/>
						<String ID="P2_ST00036" HPOS="643" VPOS="856" WIDTH="301" HEIGHT="70" CONTENT="Corporat" WC="0.77" CC="60300034"/>
						<SP ID="P2_SP00029" HPOS="944" VPOS="926" WIDTH="15"/>
						<String ID="P2_ST00037" HPOS="959" VPOS="856" WIDTH="381" HEIGHT="60" CONTENT="ionsrechte," WC="1.00" CC="42202000000"/>
						<SP ID="P2_SP00030" HPOS="1340" VPOS="926" WIDTH="31"/>
						<String ID="P2_ST00038" HPOS="1371" VPOS="856" WIDTH="166" HEIGHT="51" CONTENT="soweit" WC="1.00" CC="030000"/>
						<SP ID="P2_SP00031" HPOS="1537" VPOS="926" WIDTH="18"/>
						<String ID="P2_ST00039" HPOS="1555" VPOS="855" WIDTH="156" HEIGHT="51" CONTENT="solche" WC="0.99" CC="003030"/>
					</TextLine>
					<TextLine ID="P2_TL00009" HPOS="136" VPOS="940" WIDTH="1572" HEIGHT="69">
						<String ID="P2_ST00040" HPOS="136" VPOS="958" WIDTH="81" HEIGHT="34" CONTENT="zur" WC="0.98" CC="240"/>
						<SP ID="P2_SP00032" HPOS="217" VPOS="992" WIDTH="30"/>
						<String ID="P2_ST00041" HPOS="247" VPOS="940" WIDTH="298" HEIGHT="69" CONTENT="Erwerbung" WC="0.99" CC="240021056"/>
						<SP ID="P2_SP00033" HPOS="545" VPOS="1009" WIDTH="27"/>
						<String ID="P2_ST00042" HPOS="572" VPOS="960" WIDTH="89" HEIGHT="33" CONTENT="von" WC="0.97" CC="260"/>
						<SP ID="P2_SP00034" HPOS="661" VPOS="1009" WIDTH="28"/>
						<String ID="P2_ST00043" HPOS="689" VPOS="940" WIDTH="360" HEIGHT="53" CONTENT="Grundstücken" WC="1.00" CC="400500300006"/>
						<SP ID="P2_SP00035" HPOS="1049" VPOS="1009" WIDTH="31"/>
						<String ID="P2_ST00044" HPOS="1080" VPOS="941" WIDTH="95" HEIGHT="50" CONTENT="und" WC="0.95" CC="570"/>
						<SP ID="P2_SP00036" HPOS="1175" VPOS="1009" WIDTH="23"/>
						<String ID="P2_ST00045" HPOS="1198" VPOS="940" WIDTH="250" HEIGHT="69" CONTENT="Capitalien" WC="0.72" CC="7400471200"/>
						<SP ID="P2_SP00037" HPOS="1448" VPOS="1009" WIDTH="32"/>
						<String ID="P2_ST00046" HPOS="1480" VPOS="940" WIDTH="203" HEIGHT="51" CONTENT="erforder" SUBS_TYPE="HypPart1" SUBS_CONTENT="erforderlich" WC="1.00" CC="00000000"/>
						<HYP HPOS="1683" VPOS="940" WIDTH="25" CONTENT="-"/>
					</TextLine>
					<TextLine ID="P2_TL00010" HPOS="136" VPOS="1021" WIDTH="1571" HEIGHT="64">
						<String ID="P2_ST00047" HPOS="136" VPOS="1024" WIDTH="87" HEIGHT="51" CONTENT="lich" SUBS_TYPE="HypPart2" SUBS_CONTENT="erforderlich" WC="0.99" CC="3000"/>
						<SP ID="P2_SP00038" HPOS="223" VPOS="1075" WIDTH="30"/>
						<String ID="P2_ST00048" HPOS="253" VPOS="1025" WIDTH="117" HEIGHT="60" CONTENT="sind," WC="0.99" CC="00601"/>
						<SP ID="P2_SP00039" HPOS="370" VPOS="1085" WIDTH="32"/>
						<String ID="P2_ST00049" HPOS="402" VPOS="1026" WIDTH="249" HEIGHT="58" CONTENT="verliehen," WC="1.00" CC="0012040002"/>
						<SP ID="P2_SP00040" HPOS="651" VPOS="1085" WIDTH="31"/>
						<String ID="P2_ST00050" HPOS="682" VPOS="1025" WIDTH="93" HEIGHT="51" CONTENT="und" WC="0.94" CC="509"/>
						<SP ID="P2_SP00041" HPOS="775" VPOS="1085" WIDTH="33"/>
						<String ID="P2_ST00051" HPOS="808" VPOS="1025" WIDTH="69" HEIGHT="50" CONTENT="die" WC="0.99" CC="020"/>
						<SP ID="P2_SP00042" HPOS="877" VPOS="1085" WIDTH="26"/>
						<String ID="P2_ST00052" HPOS="903" VPOS="1025" WIDTH="217" HEIGHT="50" CONTENT="Statuten" WC="0.98" CC="38367600"/>
						<SP ID="P2_SP00043" HPOS="1120" VPOS="1085" WIDTH="27"/>
						<String ID="P2_ST00053" HPOS="1147" VPOS="1024" WIDTH="113" HEIGHT="58" CONTENT="sind," WC="0.98" CC="24500"/>
						<SP ID="P2_SP00044" HPOS="1260" VPOS="1085" WIDTH="33"/>
						<String ID="P2_ST00054" HPOS="1293" VPOS="1023" WIDTH="219" HEIGHT="61" CONTENT="Coblenz," WC="0.81" CC="50600110"/>
						<SP ID="P2_SP00045" HPOS="1512" VPOS="1085" WIDTH="35"/>
						<String ID="P2_ST00055" HPOS="1547" VPOS="1024" WIDTH="88" HEIGHT="51" CONTENT="den" WC="1.00" CC="000"/>
						<SP ID="P2_SP00046" HPOS="1635" VPOS="1085" WIDTH="23"/>
						<String ID="P2_ST00056" HPOS="1658" VPOS="1021" WIDTH="49" HEIGHT="54" CONTENT="3." WC="0.42" CC="74"/>
					</TextLine>
					<TextLine ID="P2_TL00011" HPOS="137" VPOS="1108" WIDTH="1574" HEIGHT="70">
						<String ID="P2_ST00057" HPOS="137" VPOS="1108" WIDTH="281" HEIGHT="70" CONTENT="September" WC="1.00" CC="005000100"/>
						<SP ID="P2_SP00047" HPOS="418" VPOS="1178" WIDTH="41"/>
						<String ID="P2_ST00058" HPOS="459" VPOS="1108" WIDTH="170" HEIGHT="61" CONTENT="1857," WC="0.54" CC="42681"/>
						<SP ID="P2_SP00048" HPOS="629" VPOS="1178" WIDTH="33"/>
						<String ID="P2_ST00059" HPOS="662" VPOS="1109" WIDTH="142" HEIGHT="50" CONTENT="durch" WC="0.98" CC="01307"/>
						<SP ID="P2_SP00049" HPOS="804" VPOS="1178" WIDTH="34"/>
						<String ID="P2_ST00060" HPOS="838" VPOS="1109" WIDTH="87" HEIGHT="50" CONTENT="den" WC="1.00" CC="000"/>
						<SP ID="P2_SP00050" HPOS="925" VPOS="1178" WIDTH="34"/>
						<String ID="P2_ST00061" HPOS="959" VPOS="1108" WIDTH="151" HEIGHT="49" CONTENT="Herrn" WC="0.99" CC="70100"/>
						<SP ID="P2_SP00051" HPOS="1110" VPOS="1178" WIDTH="33"/>
						<String ID="P2_ST00062" HPOS="1143" VPOS="1108" WIDTH="455" HEIGHT="51" CONTENT="Ober-Präsidenten" WC="1.00" CC="7503053000004306"/>
						<SP ID="P2_SP00052" HPOS="1598" VPOS="1178" WIDTH="33"/>
						<String ID="P2_ST00063" HPOS="1631" VPOS="1108" WIDTH="80" HEIGHT="49" CONTENT="der" WC="1.00" CC="000"/>
					</TextLine>
					<TextLine ID="P2_TL00012" HPOS="136" VPOS="1192" WIDTH="833" HEIGHT="68">
						<String ID="P2_ST00064" HPOS="136" VPOS="1192" WIDTH="339" HEIGHT="68" CONTENT="Rheinprovinz" WC="1.00" CC="470030010007"/>
						<SP ID="P2_SP00053" HPOS="475" VPOS="1260" WIDTH="36"/>
						<String ID="P2_ST00065" HPOS="511" VPOS="1192" WIDTH="222" HEIGHT="67" CONTENT="bestätigt" WC="1.00" CC="300600000"/>
						<SP ID="P2_SP00054" HPOS="733" VPOS="1260" WIDTH="32"/>
						<String ID="P2_ST00066" HPOS="765" VPOS="1192" WIDTH="204" HEIGHT="49" CONTENT="worden." WC="1.00" CC="0000080"/>
					</TextLine>
				</TextBlock>
				<TextBlock ID="P2_TB00003" HPOS="479" VPOS="1427" WIDTH="893" HEIGHT="63" STYLEREFS="TXT_2 PAR_LEFT">
					<TextLine ID="P2_TL00013" HPOS="480" VPOS="1428" WIDTH="889" HEIGHT="59">
						<String ID="P2_ST00067" HPOS="480" VPOS="1428" WIDTH="86" HEIGHT="59" CONTENT="Die" WC="0.97" CC="303"/>
						<SP ID="P2_SP00055" HPOS="566" VPOS="1487" WIDTH="39"/>
						<String ID="P2_ST00068" HPOS="605" VPOS="1428" WIDTH="263" HEIGHT="59" CONTENT="Heimkehr" WC="0.98" CC="65010376"/>
						<SP ID="P2_SP00056" HPOS="868" VPOS="1487" WIDTH="40"/>
						<String ID="P2_ST00069" HPOS="908" VPOS="1428" WIDTH="87" HEIGHT="59" CONTENT="des" WC="0.98" CC="051"/>
						<SP ID="P2_SP00057" HPOS="995" VPOS="1487" WIDTH="38"/>
						<String ID="P2_ST00070" HPOS="1033" VPOS="1428" WIDTH="336" HEIGHT="59" CONTENT="Verbannten." WC="0.99" CC="64402671064"/>
					</TextLine>
				</TextBlock>
				<TextBlock ID="P2_TB00004" HPOS="612" VPOS="1534" WIDTH="635" HEIGHT="52" STYLEREFS="TXT_3 PAR_LEFT">
					<TextLine ID="P2_TL00014" HPOS="613" VPOS="1536" WIDTH="632" HEIGHT="48">
						<String ID="P2_ST00071" HPOS="613" VPOS="1536" WIDTH="104" HEIGHT="48" CONTENT="Oper" WC="0.97" CC="3703"/>
						<SP ID="P2_SP00058" HPOS="717" VPOS="1584" WIDTH="31"/>
						<String ID="P2_ST00072" HPOS="748" VPOS="1542" WIDTH="78" HEIGHT="30" CONTENT="von" WC="0.98" CC="500"/>
						<SP ID="P2_SP00059" HPOS="826" VPOS="1584" WIDTH="40"/>
						<String ID="P2_ST00073" HPOS="866" VPOS="1536" WIDTH="121" HEIGHT="36" CONTENT="Otto" WC="0.97" CC="5006"/>
						<SP ID="P2_SP00060" HPOS="987" VPOS="1584" WIDTH="38"/>
						<String ID="P2_ST00074" HPOS="1025" VPOS="1536" WIDTH="220" HEIGHT="37" CONTENT="Nicolai." WC="0.99" CC="10130300"/>
					</TextLine>
				</TextBlock>
				<TextBlock ID="P2_TB00005" HPOS="137" VPOS="1632" WIDTH="1577" HEIGHT="2567" STYLEREFS="TXT_1 PAR_RIGHT">
					<TextLine ID="P2_TL00015" HPOS="838" VPOS="1634" WIDTH="796" HEIGHT="46">
						<String ID="P2_ST00075" HPOS="838" VPOS="1635" WIDTH="151" HEIGHT="45" CONTENT="Wien," WC="0.98" CC="60053" STYLEREFS="TXT_4"/>
						<SP ID="P2_SP00061" HPOS="989" VPOS="1680" WIDTH="46"/>
						<String ID="P2_ST00076" HPOS="1035" VPOS="1634" WIDTH="89" HEIGHT="37" CONTENT="den" WC="0.94" CC="636" STYLEREFS="TXT_4"/>
						<SP ID="P2_SP00062" HPOS="1124" VPOS="1680" WIDTH="42"/>
						<String ID="P2_ST00077" HPOS="1166" VPOS="1637" WIDTH="58" HEIGHT="35" CONTENT="13." WC="0.48" CC="662" STYLEREFS="TXT_4"/>
						<SP ID="P2_SP00063" HPOS="1224" VPOS="1680" WIDTH="37"/>
						<String ID="P2_ST00078" HPOS="1261" VPOS="1634" WIDTH="223" HEIGHT="38" CONTENT="October" WC="0.70" CC="0614700" STYLEREFS="TXT_4"/>
						<SP ID="P2_SP00064" HPOS="1484" VPOS="1680" WIDTH="39"/>
						<String ID="P2_ST00079" HPOS="1523" VPOS="1637" WIDTH="111" HEIGHT="37" CONTENT="1857." WC="0.77" CC="10404" STYLEREFS="TXT_4"/>
					</TextLine>
					<TextLine ID="P2_TL00016" HPOS="270" VPOS="1720" WIDTH="1444" HEIGHT="70">
						<String ID="P2_ST00080" HPOS="270" VPOS="1721" WIDTH="106" HEIGHT="51" CONTENT="Wir" WC="0.98" CC="203"/>
						<SP ID="P2_SP00065" HPOS="376" VPOS="1772" WIDTH="31"/>
						<String ID="P2_ST00081" HPOS="407" VPOS="1720" WIDTH="148" HEIGHT="52" CONTENT="haben" WC="0.97" CC="44505"/>
						<SP ID="P2_SP00066" HPOS="555" VPOS="1772" WIDTH="32"/>
						<String ID="P2_ST00082" HPOS="587" VPOS="1721" WIDTH="89" HEIGHT="50" CONTENT="den" WC="0.97" CC="602"/>
						<SP ID="P2_SP00067" HPOS="676" VPOS="1772" WIDTH="32"/>
						<String ID="P2_ST00083" HPOS="708" VPOS="1720" WIDTH="304" HEIGHT="58" CONTENT="Schlummer," WC="0.99" CC="0041640027"/>
						<SP ID="P2_SP00068" HPOS="1012" VPOS="1778" WIDTH="46"/>
						<String ID="P2_ST00084" HPOS="1058" VPOS="1721" WIDTH="87" HEIGHT="50" CONTENT="den" WC="0.97" CC="213"/>
						<SP ID="P2_SP00069" HPOS="1145" VPOS="1778" WIDTH="43"/>
						<String ID="P2_ST00085" HPOS="1188" VPOS="1721" WIDTH="122" HEIGHT="50" CONTENT="diese" WC="0.99" CC="81000"/>
						<SP ID="P2_SP00070" HPOS="1310" VPOS="1778" WIDTH="30"/>
						<String ID="P2_ST00086" HPOS="1340" VPOS="1721" WIDTH="131" HEIGHT="69" CONTENT="Oper" WC="0.98" CC="6200"/>
						<SP ID="P2_SP00071" HPOS="1471" VPOS="1790" WIDTH="42"/>
						<String ID="P2_ST00087" HPOS="1513" VPOS="1722" WIDTH="84" HEIGHT="50" CONTENT="seit" WC="0.98" CC="0027"/>
						<SP ID="P2_SP00072" HPOS="1597" VPOS="1790" WIDTH="30"/>
						<String ID="P2_ST00088" HPOS="1627" VPOS="1722" WIDTH="87" HEIGHT="51" CONTENT="den" WC="0.94" CC="807"/>
					</TextLine>
					<TextLine ID="P2_TL00017" HPOS="144" VPOS="1804" WIDTH="1567" HEIGHT="68">
						<String ID="P2_ST00089" HPOS="144" VPOS="1805" WIDTH="292" HEIGHT="53" CONTENT="Glanzzeiten" WC="0.99" CC="03096110600"/>
						<SP ID="P2_SP00073" HPOS="436" VPOS="1858" WIDTH="34"/>
						<String ID="P2_ST00090" HPOS="470" VPOS="1805" WIDTH="247" HEIGHT="66" CONTENT="Staudigl's" WC="0.70" CC="0525080025"/>
						<SP ID="P2_SP00074" HPOS="717" VPOS="1871" WIDTH="47"/>
						<String ID="P2_ST00091" HPOS="764" VPOS="1804" WIDTH="90" HEIGHT="49" CONTENT="und" WC="0.95" CC="760"/>
						<SP ID="P2_SP00075" HPOS="854" VPOS="1871" WIDTH="45"/>
						<String ID="P2_ST00092" HPOS="899" VPOS="1805" WIDTH="80" HEIGHT="48" CONTENT="der" WC="0.98" CC="006"/>
						<SP ID="P2_SP00076" HPOS="979" VPOS="1871" WIDTH="30"/>
						<String ID="P2_ST00093" HPOS="1009" VPOS="1805" WIDTH="186" HEIGHT="50" CONTENT="Hasselt" WC="0.98" CC="8009035"/>
						<SP ID="P2_SP00077" HPOS="1195" VPOS="1871" WIDTH="44"/>
						<String ID="P2_ST00094" HPOS="1239" VPOS="1810" WIDTH="243" HEIGHT="61" CONTENT="ungestört" WC="0.99" CC="024008301"/>
						<SP ID="P2_SP00078" HPOS="1482" VPOS="1871" WIDTH="46"/>
						<String ID="P2_ST00095" HPOS="1528" VPOS="1824" WIDTH="183" HEIGHT="48" CONTENT="genoss," WC="0.92" CC="0100004"/>
					</TextLine>
					<TextLine ID="P2_TL00018" HPOS="143" VPOS="1888" WIDTH="1568" HEIGHT="68">
						<String ID="P2_ST00096" HPOS="143" VPOS="1890" WIDTH="120" HEIGHT="51" CONTENT="ohne" WC="0.99" CC="0050"/>
						<SP ID="P2_SP00079" HPOS="263" VPOS="1941" WIDTH="28"/>
						<String ID="P2_ST00097" HPOS="291" VPOS="1888" WIDTH="451" HEIGHT="68" CONTENT="Gewissensscrupel" WC="0.76" CC="0500040000853305"/>
						<SP ID="P2_SP00080" HPOS="742" VPOS="1956" WIDTH="32"/>
						<String ID="P2_ST00098" HPOS="774" VPOS="1888" WIDTH="70" HEIGHT="49" CONTENT="für" WC="0.93" CC="772"/>
						<SP ID="P2_SP00081" HPOS="844" VPOS="1956" WIDTH="22"/>
						<String ID="P2_ST00099" HPOS="866" VPOS="1888" WIDTH="130" HEIGHT="50" CONTENT="einen" WC="0.97" CC="23355"/>
						<SP ID="P2_SP00082" HPOS="996" VPOS="1956" WIDTH="25"/>
						<String ID="P2_ST00100" HPOS="1021" VPOS="1889" WIDTH="177" HEIGHT="66" CONTENT="ewigen" WC="1.00" CC="010003"/>
						<SP ID="P2_SP00083" HPOS="1198" VPOS="1956" WIDTH="35"/>
						<String ID="P2_ST00101" HPOS="1233" VPOS="1889" WIDTH="230" HEIGHT="66" CONTENT="gehalten," WC="0.99" CC="056460021"/>
						<SP ID="P2_SP00084" HPOS="1463" VPOS="1956" WIDTH="31"/>
						<String ID="P2_ST00102" HPOS="1494" VPOS="1890" WIDTH="93" HEIGHT="50" CONTENT="und" WC="0.96" CC="604"/>
						<SP ID="P2_SP00085" HPOS="1587" VPOS="1956" WIDTH="33"/>
						<String ID="P2_ST00103" HPOS="1620" VPOS="1907" WIDTH="61" HEIGHT="34" CONTENT="wa" SUBS_TYPE="HypPart1" SUBS_CONTENT="waren" WC="0.97" CC="31"/>
						<HYP HPOS="1681" VPOS="1907" WIDTH="30" CONTENT="-"/>
					</TextLine>
					<TextLine ID="P2_TL00019" HPOS="141" VPOS="1970" WIDTH="1567" HEIGHT="66">
						<String ID="P2_ST00104" HPOS="141" VPOS="1989" WIDTH="84" HEIGHT="34" CONTENT="ren" SUBS_TYPE="HypPart2" SUBS_CONTENT="waren" WC="0.97" CC="502"/>
						<SP ID="P2_SP00086" HPOS="225" VPOS="2023" WIDTH="32"/>
						<String ID="P2_ST00105" HPOS="257" VPOS="1971" WIDTH="140" HEIGHT="51" CONTENT="daher" WC="0.99" CC="00004"/>
						<SP ID="P2_SP00087" HPOS="397" VPOS="2023" WIDTH="29"/>
						<String ID="P2_ST00106" HPOS="426" VPOS="1971" WIDTH="124" HEIGHT="50" CONTENT="nicht" WC="0.97" CC="95070"/>
						<SP ID="P2_SP00088" HPOS="550" VPOS="2023" WIDTH="32"/>
						<String ID="P2_ST00107" HPOS="582" VPOS="1971" WIDTH="150" HEIGHT="65" CONTENT="wenig" WC="0.97" CC="50129"/>
						<SP ID="P2_SP00089" HPOS="732" VPOS="2036" WIDTH="33"/>
						<String ID="P2_ST00108" HPOS="765" VPOS="1970" WIDTH="284" HEIGHT="61" CONTENT="überrascht," WC="0.99" CC="08036333070"/>
						<SP ID="P2_SP00090" HPOS="1049" VPOS="2036" WIDTH="32"/>
						<String ID="P2_ST00109" HPOS="1081" VPOS="1971" WIDTH="64" HEIGHT="49" CONTENT="sie" WC="0.98" CC="400"/>
						<SP ID="P2_SP00091" HPOS="1145" VPOS="2036" WIDTH="33"/>
						<String ID="P2_ST00110" HPOS="1178" VPOS="1971" WIDTH="168" HEIGHT="51" CONTENT="wieder" WC="1.00" CC="000003"/>
						<SP ID="P2_SP00092" HPOS="1346" VPOS="2036" WIDTH="30"/>
						<String ID="P2_ST00111" HPOS="1376" VPOS="1973" WIDTH="82" HEIGHT="49" CONTENT="auf" WC="0.95" CC="506"/>
						<SP ID="P2_SP00093" HPOS="1458" VPOS="2036" WIDTH="24"/>
						<String ID="P2_ST00112" HPOS="1482" VPOS="1971" WIDTH="103" HEIGHT="51" CONTENT="dem" WC="0.99" CC="020"/>
						<SP ID="P2_SP00094" HPOS="1585" VPOS="2036" WIDTH="36"/>
						<String ID="P2_ST00113" HPOS="1621" VPOS="1974" WIDTH="58" HEIGHT="49" CONTENT="Re" SUBS_TYPE="HypPart1" SUBS_CONTENT="Repertoire" WC="0.97" CC="70"/>
						<HYP HPOS="1679" VPOS="1974" WIDTH="29" CONTENT="-"/>
					</TextLine>
					<TextLine ID="P2_TL00020" HPOS="141" VPOS="2054" WIDTH="1566" HEIGHT="70">
						<String ID="P2_ST00114" HPOS="141" VPOS="2055" WIDTH="203" HEIGHT="69" CONTENT="pertoire" SUBS_TYPE="HypPart2" SUBS_CONTENT="Repertoire" WC="0.99" CC="20000360"/>
						<SP ID="P2_SP00095" HPOS="344" VPOS="2124" WIDTH="32"/>
						<String ID="P2_ST00115" HPOS="376" VPOS="2055" WIDTH="80" HEIGHT="50" CONTENT="des" WC="1.00" CC="000"/>
						<SP ID="P2_SP00096" HPOS="456" VPOS="2124" WIDTH="34"/>
						<String ID="P2_ST00116" HPOS="490" VPOS="2054" WIDTH="488" HEIGHT="69" CONTENT="Hof-Operntheaters" WC="0.99" CC="60704803267046021"/>
						<SP ID="P2_SP00097" HPOS="978" VPOS="2124" WIDTH="32"/>
						<String ID="P2_ST00117" HPOS="1010" VPOS="2054" WIDTH="277" HEIGHT="52" CONTENT="auftauchen" WC="1.00" CC="5106010000"/>
						<SP ID="P2_SP00098" HPOS="1287" VPOS="2124" WIDTH="30"/>
						<String ID="P2_ST00118" HPOS="1317" VPOS="2073" WIDTH="54" HEIGHT="32" CONTENT="zu" WC="0.56" CC="62"/>
						<SP ID="P2_SP00099" HPOS="1371" VPOS="2124" WIDTH="35"/>
						<String ID="P2_ST00119" HPOS="1406" VPOS="2055" WIDTH="155" HEIGHT="51" CONTENT="sehen." WC="0.99" CC="305003"/>
						<SP ID="P2_SP00100" HPOS="1561" VPOS="2124" WIDTH="61"/>
						<String ID="P2_ST00120" HPOS="1622" VPOS="2056" WIDTH="85" HEIGHT="50" CONTENT="Die" WC="0.98" CC="600"/>
					</TextLine>
					<TextLine ID="P2_TL00021" HPOS="140" VPOS="2138" WIDTH="1570" HEIGHT="70">
						<String ID="P2_ST00121" HPOS="140" VPOS="2139" WIDTH="264" HEIGHT="51" CONTENT="Aufnahme" WC="0.99" CC="20003600"/>
						<SP ID="P2_SP00101" HPOS="404" VPOS="2190" WIDTH="46"/>
						<String ID="P2_ST00122" HPOS="450" VPOS="2156" WIDTH="87" HEIGHT="33" CONTENT="von" WC="0.98" CC="004"/>
						<SP ID="P2_SP00102" HPOS="537" VPOS="2190" WIDTH="31"/>
						<String ID="P2_ST00123" HPOS="568" VPOS="2139" WIDTH="157" HEIGHT="50" CONTENT="Seiten" WC="0.99" CC="200030"/>
						<SP ID="P2_SP00103" HPOS="725" VPOS="2190" WIDTH="47"/>
						<String ID="P2_ST00124" HPOS="772" VPOS="2138" WIDTH="79" HEIGHT="51" CONTENT="des" WC="1.00" CC="000"/>
						<SP ID="P2_SP00104" HPOS="851" VPOS="2190" WIDTH="32"/>
						<String ID="P2_ST00125" HPOS="883" VPOS="2138" WIDTH="265" HEIGHT="51" CONTENT="Publicums" WC="0.49" CC="567454433"/>
						<SP ID="P2_SP00105" HPOS="1148" VPOS="2190" WIDTH="44"/>
						<String ID="P2_ST00126" HPOS="1192" VPOS="2157" WIDTH="95" HEIGHT="32" CONTENT="war" WC="0.96" CC="065"/>
						<SP ID="P2_SP00106" HPOS="1287" VPOS="2190" WIDTH="30"/>
						<String ID="P2_ST00127" HPOS="1317" VPOS="2139" WIDTH="107" HEIGHT="51" CONTENT="sehr" WC="0.97" CC="0672"/>
						<SP ID="P2_SP00107" HPOS="1424" VPOS="2190" WIDTH="30"/>
						<String ID="P2_ST00128" HPOS="1454" VPOS="2140" WIDTH="256" HEIGHT="68" CONTENT="anständig," WC="0.99" CC="5354029003"/>
					</TextLine>
					<TextLine ID="P2_TL00022" HPOS="141" VPOS="2220" WIDTH="1567" HEIGHT="70">
						<String ID="P2_ST00129" HPOS="141" VPOS="2222" WIDTH="285" HEIGHT="67" CONTENT="wenngleich" WC="0.99" CC="7044060003"/>
						<SP ID="P2_SP00108" HPOS="426" VPOS="2289" WIDTH="45"/>
						<String ID="P2_ST00130" HPOS="471" VPOS="2222" WIDTH="120" HEIGHT="50" CONTENT="ohne" WC="0.99" CC="0500"/>
						<SP ID="P2_SP00109" HPOS="591" VPOS="2289" WIDTH="30"/>
						<String ID="P2_ST00131" HPOS="621" VPOS="2220" WIDTH="384" HEIGHT="52" CONTENT="enthusiastische" WC="1.00" CC="465200050500250"/>
						<SP ID="P2_SP00110" HPOS="1005" VPOS="2289" WIDTH="33"/>
						<String ID="P2_ST00132" HPOS="1038" VPOS="2224" WIDTH="296" HEIGHT="66" CONTENT="Symptome;" WC="0.99" CC="270070905"/>
						<SP ID="P2_SP00111" HPOS="1334" VPOS="2290" WIDTH="45"/>
						<String ID="P2_ST00133" HPOS="1379" VPOS="2223" WIDTH="79" HEIGHT="51" CONTENT="das" WC="0.98" CC="050"/>
						<SP ID="P2_SP00112" HPOS="1458" VPOS="2290" WIDTH="33"/>
						<String ID="P2_ST00134" HPOS="1491" VPOS="2223" WIDTH="186" HEIGHT="52" CONTENT="Wieder" SUBS_TYPE="HypPart1" SUBS_CONTENT="Wiedereinstudiren" WC="0.96" CC="000002"/>
						<HYP HPOS="1677" VPOS="2223" WIDTH="31" CONTENT="-"/>
					</TextLine>
					<TextLine ID="P2_TL00023" HPOS="143" VPOS="2304" WIDTH="1568" HEIGHT="71">
						<String ID="P2_ST00135" HPOS="143" VPOS="2307" WIDTH="280" HEIGHT="50" CONTENT="einstudiren" SUBS_TYPE="HypPart2" SUBS_CONTENT="Wiedereinstudiren" WC="0.78" CC="00500090502"/>
						<SP ID="P2_SP00113" HPOS="423" VPOS="2357" WIDTH="33"/>
						<String ID="P2_ST00136" HPOS="456" VPOS="2305" WIDTH="80" HEIGHT="51" CONTENT="des" WC="1.00" CC="001"/>
						<SP ID="P2_SP00114" HPOS="536" VPOS="2357" WIDTH="33"/>
						<String ID="P2_ST00137" HPOS="569" VPOS="2305" WIDTH="203" HEIGHT="52" CONTENT="Werkes" WC="0.99" CC="104120"/>
						<SP ID="P2_SP00115" HPOS="772" VPOS="2357" WIDTH="42"/>
						<String ID="P2_ST00138" HPOS="814" VPOS="2304" WIDTH="230" HEIGHT="52" CONTENT="erscheint" WC="1.00" CC="055000001"/>
						<SP ID="P2_SP00116" HPOS="1044" VPOS="2357" WIDTH="31"/>
						<String ID="P2_ST00139" HPOS="1075" VPOS="2305" WIDTH="136" HEIGHT="51" CONTENT="somit" WC="0.98" CC="00743"/>
						<SP ID="P2_SP00117" HPOS="1211" VPOS="2357" WIDTH="44"/>
						<String ID="P2_ST00140" HPOS="1255" VPOS="2307" WIDTH="144" HEIGHT="49" CONTENT="durch" WC="0.98" CC="04333"/>
						<SP ID="P2_SP00118" HPOS="1399" VPOS="2357" WIDTH="33"/>
						<String ID="P2_ST00141" HPOS="1432" VPOS="2307" WIDTH="86" HEIGHT="49" CONTENT="den" WC="1.00" CC="000"/>
						<SP ID="P2_SP00119" HPOS="1518" VPOS="2357" WIDTH="33"/>
						<String ID="P2_ST00142" HPOS="1551" VPOS="2308" WIDTH="160" HEIGHT="67" CONTENT="Erfolg" WC="0.98" CC="030660"/>
					</TextLine>
					<TextLine ID="P2_TL00024" HPOS="143" VPOS="2388" WIDTH="1565" HEIGHT="69">
						<String ID="P2_ST00143" HPOS="143" VPOS="2388" WIDTH="217" HEIGHT="69" CONTENT="gebilligt," WC="0.99" CC="9060100064"/>
						<SP ID="P2_SP00120" HPOS="360" VPOS="2457" WIDTH="47"/>
						<String ID="P2_ST00144" HPOS="407" VPOS="2388" WIDTH="287" HEIGHT="67" CONTENT="keineswegs" WC="1.00" CC="2003000004"/>
						<SP ID="P2_SP00121" HPOS="694" VPOS="2457" WIDTH="31"/>
						<String ID="P2_ST00145" HPOS="725" VPOS="2388" WIDTH="117" HEIGHT="51" CONTENT="auch" WC="1.00" CC="0000"/>
						<SP ID="P2_SP00122" HPOS="842" VPOS="2457" WIDTH="42"/>
						<String ID="P2_ST00146" HPOS="884" VPOS="2388" WIDTH="145" HEIGHT="51" CONTENT="durch" WC="0.99" CC="00005"/>
						<SP ID="P2_SP00123" HPOS="1029" VPOS="2457" WIDTH="34"/>
						<String ID="P2_ST00147" HPOS="1063" VPOS="2388" WIDTH="88" HEIGHT="51" CONTENT="den" WC="0.98" CC="005"/>
						<SP ID="P2_SP00124" HPOS="1151" VPOS="2457" WIDTH="32"/>
						<String ID="P2_ST00148" HPOS="1183" VPOS="2388" WIDTH="185" HEIGHT="51" CONTENT="inneren" WC="1.00" CC="0600000"/>
						<SP ID="P2_SP00125" HPOS="1368" VPOS="2457" WIDTH="34"/>
						<String ID="P2_ST00149" HPOS="1402" VPOS="2389" WIDTH="174" HEIGHT="52" CONTENT="Werth" WC="0.99" CC="04000"/>
						<SP ID="P2_SP00126" HPOS="1576" VPOS="2457" WIDTH="31"/>
						<String ID="P2_ST00150" HPOS="1607" VPOS="2390" WIDTH="76" HEIGHT="50" CONTENT="des" SUBS_TYPE="HypPart1" SUBS_CONTENT="desselben." WC="0.97" CC="406"/>
						<HYP HPOS="1683" VPOS="2390" WIDTH="25" CONTENT="-"/>
					</TextLine>
					<TextLine ID="P2_TL00025" HPOS="143" VPOS="2473" WIDTH="174" HEIGHT="51">
						<String ID="P2_ST00151" HPOS="143" VPOS="2473" WIDTH="174" HEIGHT="51" CONTENT="selben." SUBS_TYPE="HypPart2" SUBS_CONTENT="desselben." WC="0.99" CC="0034007"/>
					</TextLine>
					<TextLine ID="P2_TL00026" HPOS="270" VPOS="2554" WIDTH="1438" HEIGHT="68">
						<String ID="P2_ST00152" HPOS="270" VPOS="2556" WIDTH="137" HEIGHT="50" CONTENT="Flach" WC="0.99" CC="40500"/>
						<SP ID="P2_SP00127" HPOS="407" VPOS="2606" WIDTH="31"/>
						<String ID="P2_ST00153" HPOS="438" VPOS="2557" WIDTH="93" HEIGHT="49" CONTENT="und" WC="0.99" CC="200"/>
						<SP ID="P2_SP00128" HPOS="531" VPOS="2606" WIDTH="28"/>
						<String ID="P2_ST00154" HPOS="559" VPOS="2556" WIDTH="239" HEIGHT="66" CONTENT="gehaltlos," WC="1.00" CC="0033000003"/>
						<SP ID="P2_SP00129" HPOS="798" VPOS="2622" WIDTH="33"/>
						<String ID="P2_ST00155" HPOS="831" VPOS="2556" WIDTH="85" HEIGHT="49" CONTENT="wie" WC="1.00" CC="000"/>
						<SP ID="P2_SP00130" HPOS="916" VPOS="2622" WIDTH="33"/>
						<String ID="P2_ST00156" HPOS="949" VPOS="2556" WIDTH="62" HEIGHT="50" CONTENT="sie" WC="0.99" CC="003"/>
						<SP ID="P2_SP00131" HPOS="1011" VPOS="2622" WIDTH="32"/>
						<String ID="P2_ST00157" HPOS="1043" VPOS="2557" WIDTH="72" HEIGHT="60" CONTENT="ist," WC="0.97" CC="3162"/>
						<SP ID="P2_SP00132" HPOS="1115" VPOS="2622" WIDTH="33"/>
						<String ID="P2_ST00158" HPOS="1148" VPOS="2554" WIDTH="108" HEIGHT="54" CONTENT="böte" WC="0.97" CC="7500"/>
						<SP ID="P2_SP00133" HPOS="1256" VPOS="2622" WIDTH="33"/>
						<String ID="P2_ST00159" HPOS="1289" VPOS="2554" WIDTH="122" HEIGHT="52" CONTENT="diese" WC="1.00" CC="02000"/>
						<SP ID="P2_SP00134" HPOS="1411" VPOS="2622" WIDTH="24"/>
						<String ID="P2_ST00160" HPOS="1435" VPOS="2556" WIDTH="149" HEIGHT="52" CONTENT="Musik" WC="0.99" CC="41000"/>
						<SP ID="P2_SP00135" HPOS="1584" VPOS="2622" WIDTH="32"/>
						<String ID="P2_ST00161" HPOS="1616" VPOS="2575" WIDTH="62" HEIGHT="31" CONTENT="we" SUBS_TYPE="HypPart1" SUBS_CONTENT="wenig" WC="0.99" CC="00"/>
						<HYP HPOS="1678" VPOS="2575" WIDTH="30" CONTENT="-"/>
					</TextLine>
					<TextLine ID="P2_TL00027" HPOS="144" VPOS="2639" WIDTH="1563" HEIGHT="69">
						<String ID="P2_ST00162" HPOS="144" VPOS="2641" WIDTH="80" HEIGHT="66" CONTENT="nig" SUBS_TYPE="HypPart2" SUBS_CONTENT="wenig" WC="0.99" CC="300"/>
						<SP ID="P2_SP00136" HPOS="224" VPOS="2707" WIDTH="32"/>
						<String ID="P2_ST00163" HPOS="256" VPOS="2639" WIDTH="124" HEIGHT="51" CONTENT="Stoff" WC="0.98" CC="24022"/>
						<SP ID="P2_SP00137" HPOS="380" VPOS="2707" WIDTH="38"/>
						<String ID="P2_ST00164" HPOS="418" VPOS="2658" WIDTH="80" HEIGHT="31" CONTENT="zur" WC="0.95" CC="561"/>
						<SP ID="P2_SP00138" HPOS="498" VPOS="2707" WIDTH="42"/>
						<String ID="P2_ST00165" HPOS="540" VPOS="2641" WIDTH="344" HEIGHT="67" CONTENT="Besprechung," WC="0.99" CC="600050073493"/>
						<SP ID="P2_SP00139" HPOS="884" VPOS="2708" WIDTH="46"/>
						<String ID="P2_ST00166" HPOS="930" VPOS="2657" WIDTH="136" HEIGHT="34" CONTENT="wenn" WC="0.96" CC="6136"/>
						<SP ID="P2_SP00140" HPOS="1066" VPOS="2708" WIDTH="40"/>
						<String ID="P2_ST00167" HPOS="1106" VPOS="2641" WIDTH="64" HEIGHT="50" CONTENT="sie" WC="0.99" CC="200"/>
						<SP ID="P2_SP00141" HPOS="1170" VPOS="2708" WIDTH="47"/>
						<String ID="P2_ST00168" HPOS="1217" VPOS="2639" WIDTH="123" HEIGHT="52" CONTENT="nicht" WC="0.99" CC="00054"/>
						<SP ID="P2_SP00142" HPOS="1340" VPOS="2708" WIDTH="45"/>
						<String ID="P2_ST00169" HPOS="1385" VPOS="2641" WIDTH="204" HEIGHT="66" CONTENT="zugleich" WC="0.99" CC="64050413"/>
						<SP ID="P2_SP00143" HPOS="1589" VPOS="2708" WIDTH="46"/>
						<String ID="P2_ST00170" HPOS="1635" VPOS="2642" WIDTH="72" HEIGHT="49" CONTENT="ein" WC="0.99" CC="001"/>
					</TextLine>
					<TextLine ID="P2_TL00028" HPOS="144" VPOS="2722" WIDTH="1564" HEIGHT="52">
						<String ID="P2_ST00171" HPOS="144" VPOS="2723" WIDTH="141" HEIGHT="51" CONTENT="helles" WC="0.98" CC="607400"/>
						<SP ID="P2_SP00144" HPOS="285" VPOS="2774" WIDTH="42"/>
						<String ID="P2_ST00172" HPOS="327" VPOS="2722" WIDTH="133" HEIGHT="51" CONTENT="Licht" WC="0.98" CC="10074"/>
						<SP ID="P2_SP00145" HPOS="460" VPOS="2774" WIDTH="38"/>
						<String ID="P2_ST00173" HPOS="498" VPOS="2723" WIDTH="79" HEIGHT="48" CONTENT="auf" WC="0.94" CC="563"/>
						<SP ID="P2_SP00146" HPOS="577" VPOS="2774" WIDTH="42"/>
						<String ID="P2_ST00174" HPOS="619" VPOS="2723" WIDTH="70" HEIGHT="48" CONTENT="die" WC="0.97" CC="035"/>
						<SP ID="P2_SP00147" HPOS="689" VPOS="2774" WIDTH="45"/>
						<String ID="P2_ST00175" HPOS="734" VPOS="2723" WIDTH="331" HEIGHT="50" CONTENT="künstlerische" WC="0.99" CC="8050170300630"/>
						<SP ID="P2_SP00148" HPOS="1065" VPOS="2774" WIDTH="30"/>
						<String ID="P2_ST00176" HPOS="1095" VPOS="2722" WIDTH="361" HEIGHT="52" CONTENT="Persönlichkeit" WC="0.99" CC="42043450070033"/>
						<SP ID="P2_SP00149" HPOS="1456" VPOS="2774" WIDTH="43"/>
						<String ID="P2_ST00177" HPOS="1499" VPOS="2723" WIDTH="209" HEIGHT="51" CONTENT="Nicolai's" WC="0.75" CC="505303004"/>
					</TextLine>
					<TextLine ID="P2_TL00029" HPOS="141" VPOS="2806" WIDTH="1567" HEIGHT="52">
						<String ID="P2_ST00178" HPOS="141" VPOS="2807" WIDTH="94" HEIGHT="51" CONTENT="und" WC="0.95" CC="750"/>
						<SP ID="P2_SP00150" HPOS="235" VPOS="2858" WIDTH="33"/>
						<String ID="P2_ST00179" HPOS="268" VPOS="2807" WIDTH="82" HEIGHT="50" CONTENT="auf" WC="0.96" CC="720"/>
						<SP ID="P2_SP00151" HPOS="350" VPOS="2858" WIDTH="26"/>
						<String ID="P2_ST00180" HPOS="376" VPOS="2807" WIDTH="94" HEIGHT="48" CONTENT="sein" WC="0.99" CC="0005"/>
						<SP ID="P2_SP00152" HPOS="470" VPOS="2858" WIDTH="36"/>
						<String ID="P2_ST00181" HPOS="506" VPOS="2806" WIDTH="284" HEIGHT="51" CONTENT="Verhältniss" WC="0.77" CC="20454340000"/>
						<SP ID="P2_SP00153" HPOS="790" VPOS="2858" WIDTH="47"/>
						<String ID="P2_ST00182" HPOS="837" VPOS="2825" WIDTH="54" HEIGHT="32" CONTENT="zu" WC="0.65" CC="70"/>
						<SP ID="P2_SP00154" HPOS="891" VPOS="2858" WIDTH="45"/>
						<String ID="P2_ST00183" HPOS="936" VPOS="2807" WIDTH="108" HEIGHT="50" CONTENT="zwei" WC="0.99" CC="6000"/>
						<SP ID="P2_SP00155" HPOS="1044" VPOS="2858" WIDTH="35"/>
						<String ID="P2_ST00184" HPOS="1079" VPOS="2807" WIDTH="355" HEIGHT="51" CONTENT="verschiedenen" WC="1.00" CC="5050460000000"/>
						<SP ID="P2_SP00156" HPOS="1434" VPOS="2858" WIDTH="29"/>
						<String ID="P2_ST00185" HPOS="1463" VPOS="2807" WIDTH="221" HEIGHT="51" CONTENT="Nationali" SUBS_TYPE="HypPart1" SUBS_CONTENT="Nationalitäten" WC="0.99" CC="534003030"/>
						<HYP HPOS="1684" VPOS="2807" WIDTH="24" CONTENT="-"/>
					</TextLine>
					<TextLine ID="P2_TL00030" HPOS="140" VPOS="2890" WIDTH="320" HEIGHT="50">
						<String ID="P2_ST00186" HPOS="140" VPOS="2895" WIDTH="127" HEIGHT="45" CONTENT="täten" SUBS_TYPE="HypPart2" SUBS_CONTENT="Nationalitäten" WC="0.99" CC="04300"/>
						<SP ID="P2_SP00157" HPOS="267" VPOS="2940" WIDTH="36"/>
						<String ID="P2_ST00187" HPOS="303" VPOS="2890" WIDTH="157" HEIGHT="50" CONTENT="würfe." WC="0.98" CC="085900"/>
					</TextLine>
					<TextLine ID="P2_TL00031" HPOS="264" VPOS="2971" WIDTH="1446" HEIGHT="66">
						<String ID="P2_ST00188" HPOS="264" VPOS="2975" WIDTH="53" HEIGHT="48" CONTENT="In" WC="0.72" CC="50"/>
						<SP ID="P2_SP00158" HPOS="317" VPOS="3023" WIDTH="41"/>
						<String ID="P2_ST00189" HPOS="358" VPOS="2980" WIDTH="201" HEIGHT="42" CONTENT="ersterer" WC="0.79" CC="01050522"/>
						<SP ID="P2_SP00159" HPOS="559" VPOS="3023" WIDTH="32"/>
						<String ID="P2_ST00190" HPOS="591" VPOS="2971" WIDTH="265" HEIGHT="66" CONTENT="Beziehung" WC="0.98" CC="707507760"/>
						<SP ID="P2_SP00160" HPOS="856" VPOS="3037" WIDTH="46"/>
						<String ID="P2_ST00191" HPOS="902" VPOS="2971" WIDTH="151" HEIGHT="52" CONTENT="leistet" WC="0.99" CC="0020800"/>
						<SP ID="P2_SP00161" HPOS="1053" VPOS="3037" WIDTH="45"/>
						<String ID="P2_ST00192" HPOS="1098" VPOS="2973" WIDTH="71" HEIGHT="50" CONTENT="die" WC="1.00" CC="000"/>
						<SP ID="P2_SP00162" HPOS="1169" VPOS="3037" WIDTH="42"/>
						<String ID="P2_ST00193" HPOS="1211" VPOS="2972" WIDTH="313" HEIGHT="59" CONTENT='»Heimkehr"' WC="0.99" CC="7500000307"/>
						<SP ID="P2_SP00163" HPOS="1524" VPOS="3037" WIDTH="42"/>
						<String ID="P2_ST00194" HPOS="1566" VPOS="2972" WIDTH="144" HEIGHT="50" CONTENT="ihrem" WC="0.98" CC="06500"/>
					</TextLine>
					<TextLine ID="P2_TL00032" HPOS="141" VPOS="3055" WIDTH="1567" HEIGHT="70">
						<String ID="P2_ST00195" HPOS="141" VPOS="3056" WIDTH="329" HEIGHT="69" CONTENT="Componisten" WC="0.78" CC="70402030600"/>
						<SP ID="P2_SP00164" HPOS="470" VPOS="3125" WIDTH="34"/>
						<String ID="P2_ST00196" HPOS="504" VPOS="3056" WIDTH="87" HEIGHT="48" CONTENT="den" WC="1.00" CC="000"/>
						<SP ID="P2_SP00165" HPOS="591" VPOS="3125" WIDTH="34"/>
						<String ID="P2_ST00197" HPOS="625" VPOS="3055" WIDTH="235" HEIGHT="66" CONTENT="traurigen" WC="0.99" CC="890003062"/>
						<SP ID="P2_SP00166" HPOS="860" VPOS="3125" WIDTH="37"/>
						<String ID="P2_ST00198" HPOS="897" VPOS="3056" WIDTH="174" HEIGHT="58" CONTENT="Dienst," WC="0.98" CC="7019050"/>
						<SP ID="P2_SP00167" HPOS="1071" VPOS="3125" WIDTH="32"/>
						<String ID="P2_ST00199" HPOS="1103" VPOS="3057" WIDTH="72" HEIGHT="50" CONTENT="die" WC="1.00" CC="000"/>
						<SP ID="P2_SP00168" HPOS="1175" VPOS="3125" WIDTH="29"/>
						<String ID="P2_ST00200" HPOS="1204" VPOS="3056" WIDTH="257" HEIGHT="51" CONTENT="Schwäche" WC="0.99" CC="50600400"/>
						<SP ID="P2_SP00169" HPOS="1461" VPOS="3125" WIDTH="32"/>
						<String ID="P2_ST00201" HPOS="1493" VPOS="3055" WIDTH="91" HEIGHT="49" CONTENT="und" WC="0.97" CC="250"/>
						<SP ID="P2_SP00170" HPOS="1584" VPOS="3125" WIDTH="34"/>
						<String ID="P2_ST00202" HPOS="1618" VPOS="3055" WIDTH="60" HEIGHT="49" CONTENT="Un" SUBS_TYPE="HypPart1" SUBS_CONTENT="Unselbständigkeit" WC="0.97" CC="80"/>
						<HYP HPOS="1678" VPOS="3055" WIDTH="30" CONTENT="-"/>
					</TextLine>
					<TextLine ID="P2_TL00033" HPOS="140" VPOS="3139" WIDTH="1568" HEIGHT="68">
						<String ID="P2_ST00203" HPOS="140" VPOS="3139" WIDTH="423" HEIGHT="68" CONTENT="selbständigkeit" SUBS_TYPE="HypPart2" SUBS_CONTENT="Unselbständigkeit" WC="0.99" CC="503008049290505"/>
						<SP ID="P2_SP00171" HPOS="563" VPOS="3207" WIDTH="42"/>
						<String ID="P2_ST00204" HPOS="605" VPOS="3140" WIDTH="147" HEIGHT="49" CONTENT="seines" WC="0.99" CC="005600"/>
						<SP ID="P2_SP00172" HPOS="752" VPOS="3207" WIDTH="33"/>
						<String ID="P2_ST00205" HPOS="785" VPOS="3140" WIDTH="213" HEIGHT="49" CONTENT="Talentes" WC="0.98" CC="65638707"/>
						<SP ID="P2_SP00173" HPOS="998" VPOS="3207" WIDTH="44"/>
						<String ID="P2_ST00206" HPOS="1042" VPOS="3158" WIDTH="158" HEIGHT="33" CONTENT="ausser" WC="0.98" CC="016530"/>
						<SP ID="P2_SP00174" HPOS="1200" VPOS="3207" WIDTH="31"/>
						<String ID="P2_ST00207" HPOS="1231" VPOS="3140" WIDTH="187" HEIGHT="49" CONTENT="Zweifel" WC="0.99" CC="2000902"/>
						<SP ID="P2_SP00175" HPOS="1418" VPOS="3207" WIDTH="31"/>
						<String ID="P2_ST00208" HPOS="1449" VPOS="3158" WIDTH="56" HEIGHT="31" CONTENT="zu" WC="0.57" CC="71"/>
						<SP ID="P2_SP00176" HPOS="1505" VPOS="3207" WIDTH="33"/>
						<String ID="P2_ST00209" HPOS="1538" VPOS="3146" WIDTH="170" HEIGHT="42" CONTENT="setzen." WC="0.99" CC="0005044"/>
					</TextLine>
					<TextLine ID="P2_TL00034" HPOS="139" VPOS="3221" WIDTH="1568" HEIGHT="67">
						<String ID="P2_ST00210" HPOS="139" VPOS="3224" WIDTH="52" HEIGHT="49" CONTENT="In" WC="0.62" CC="70"/>
						<SP ID="P2_SP00177" HPOS="191" VPOS="3273" WIDTH="33"/>
						<String ID="P2_ST00211" HPOS="224" VPOS="3224" WIDTH="157" HEIGHT="58" CONTENT="Wien," WC="0.99" CC="01062"/>
						<SP ID="P2_SP00178" HPOS="381" VPOS="3282" WIDTH="49"/>
						<String ID="P2_ST00212" HPOS="430" VPOS="3241" WIDTH="71" HEIGHT="31" CONTENT="wo" WC="0.74" CC="05"/>
						<SP ID="P2_SP00179" HPOS="501" VPOS="3282" WIDTH="31"/>
						<String ID="P2_ST00213" HPOS="532" VPOS="3221" WIDTH="211" HEIGHT="51" CONTENT="Nicolai's" WC="0.50" CC="614456509"/>
						<SP ID="P2_SP00180" HPOS="743" VPOS="3282" WIDTH="47"/>
						<String ID="P2_ST00214" HPOS="790" VPOS="3221" WIDTH="385" HEIGHT="67" CONTENT="liebenswürdige" WC="1.00" CC="40070100040290"/>
						<SP ID="P2_SP00181" HPOS="1175" VPOS="3288" WIDTH="31"/>
						<String ID="P2_ST00215" HPOS="1206" VPOS="3221" WIDTH="363" HEIGHT="51" CONTENT="Persönlichkeit" WC="1.00" CC="00501504050006"/>
						<SP ID="P2_SP00182" HPOS="1569" VPOS="3288" WIDTH="45"/>
						<String ID="P2_ST00216" HPOS="1614" VPOS="3221" WIDTH="93" HEIGHT="50" CONTENT="und" WC="0.97" CC="510"/>
					</TextLine>
					<TextLine ID="P2_TL00035" HPOS="140" VPOS="3304" WIDTH="1566" HEIGHT="69">
						<String ID="P2_ST00217" HPOS="140" VPOS="3307" WIDTH="123" HEIGHT="50" CONTENT="seine" WC="0.98" CC="20080"/>
						<SP ID="P2_SP00183" HPOS="263" VPOS="3357" WIDTH="33"/>
						<String ID="P2_ST00218" HPOS="296" VPOS="3306" WIDTH="154" HEIGHT="51" CONTENT="bisher" WC="0.98" CC="655600"/>
						<SP ID="P2_SP00184" HPOS="450" VPOS="3357" WIDTH="30"/>
						<String ID="P2_ST00219" HPOS="480" VPOS="3306" WIDTH="320" HEIGHT="48" CONTENT="unerreichten" WC="0.99" CC="000300356605"/>
						<SP ID="P2_SP00185" HPOS="800" VPOS="3357" WIDTH="22"/>
						<String ID="P2_ST00220" HPOS="822" VPOS="3305" WIDTH="273" HEIGHT="51" CONTENT="Verdienste" WC="0.99" CC="0049005020"/>
						<SP ID="P2_SP00186" HPOS="1095" VPOS="3357" WIDTH="30"/>
						<String ID="P2_ST00221" HPOS="1125" VPOS="3306" WIDTH="64" HEIGHT="50" CONTENT="als" WC="0.95" CC="562"/>
						<SP ID="P2_SP00187" HPOS="1189" VPOS="3357" WIDTH="25"/>
						<String ID="P2_ST00222" HPOS="1214" VPOS="3305" WIDTH="345" HEIGHT="68" CONTENT="Capellmeister" WC="0.83" CC="7400320000004"/>
						<SP ID="P2_SP00188" HPOS="1559" VPOS="3373" WIDTH="30"/>
						<String ID="P2_ST00223" HPOS="1589" VPOS="3304" WIDTH="117" HEIGHT="50" CONTENT="noch" WC="0.98" CC="5200"/>
					</TextLine>
					<TextLine ID="P2_TL00036" HPOS="141" VPOS="3387" WIDTH="1565" HEIGHT="69">
						<String ID="P2_ST00224" HPOS="141" VPOS="3390" WIDTH="42" HEIGHT="49" CONTENT="in" WC="1.00" CC="00"/>
						<SP ID="P2_SP00189" HPOS="183" VPOS="3439" WIDTH="33"/>
						<String ID="P2_ST00225" HPOS="216" VPOS="3393" WIDTH="103" HEIGHT="48" CONTENT="sehr" WC="0.96" CC="3363"/>
						<SP ID="P2_SP00190" HPOS="319" VPOS="3441" WIDTH="32"/>
						<String ID="P2_ST00226" HPOS="351" VPOS="3390" WIDTH="244" HEIGHT="49" CONTENT="lebhaftem" WC="0.97" CC="607957859"/>
						<SP ID="P2_SP00191" HPOS="595" VPOS="3441" WIDTH="31"/>
						<String ID="P2_ST00227" HPOS="626" VPOS="3389" WIDTH="259" HEIGHT="49" CONTENT="Andenken" WC="0.99" CC="06600046"/>
						<SP ID="P2_SP00192" HPOS="885" VPOS="3441" WIDTH="33"/>
						<String ID="P2_ST00228" HPOS="918" VPOS="3389" WIDTH="176" HEIGHT="58" CONTENT="stehen," WC="0.99" CC="5000353"/>
						<SP ID="P2_SP00193" HPOS="1094" VPOS="3447" WIDTH="45"/>
						<String ID="P2_ST00229" HPOS="1139" VPOS="3389" WIDTH="141" HEIGHT="67" CONTENT="pflegt" WC="0.97" CC="044494"/>
						<SP ID="P2_SP00194" HPOS="1280" VPOS="3456" WIDTH="42"/>
						<String ID="P2_ST00230" HPOS="1322" VPOS="3406" WIDTH="104" HEIGHT="33" CONTENT="man" WC="0.96" CC="540"/>
						<SP ID="P2_SP00195" HPOS="1426" VPOS="3456" WIDTH="44"/>
						<String ID="P2_ST00231" HPOS="1470" VPOS="3387" WIDTH="123" HEIGHT="51" CONTENT="nicht" WC="0.99" CC="00045"/>
						<SP ID="P2_SP00196" HPOS="1593" VPOS="3456" WIDTH="29"/>
						<String ID="P2_ST00232" HPOS="1622" VPOS="3405" WIDTH="56" HEIGHT="32" CONTENT="un" SUBS_TYPE="HypPart1" SUBS_CONTENT="un-4" WC="0.62" CC="63"/>
						<HYP HPOS="1678" VPOS="3405" WIDTH="28" CONTENT="-"/>
					</TextLine>
					<TextLine ID="P2_TL00037" HPOS="1117" VPOS="3457" WIDTH="5" HEIGHT="9">
						<String ID="P2_ST00233" HPOS="1117" VPOS="3457" WIDTH="5" HEIGHT="9" CONTENT="-4" SUBS_TYPE="HypPart2" SUBS_CONTENT="un-4" WC="0.19" CC="80" STYLEREFS="TXT_5"/>
					</TextLine>
					<TextLine ID="P2_TL00038" HPOS="143" VPOS="3471" WIDTH="1564" HEIGHT="69">
						<String ID="P2_ST00234" HPOS="143" VPOS="3490" WIDTH="109" HEIGHT="50" CONTENT="gern" WC="0.98" CC="0017"/>
						<SP ID="P2_SP00197" HPOS="252" VPOS="3540" WIDTH="33"/>
						<String ID="P2_ST00235" HPOS="285" VPOS="3475" WIDTH="114" HEIGHT="48" CONTENT="auch" WC="0.97" CC="0606"/>
						<SP ID="P2_SP00198" HPOS="399" VPOS="3540" WIDTH="32"/>
						<String ID="P2_ST00236" HPOS="431" VPOS="3474" WIDTH="126" HEIGHT="49" CONTENT="seine" WC="0.99" CC="00033"/>
						<SP ID="P2_SP00199" HPOS="557" VPOS="3540" WIDTH="26"/>
						<String ID="P2_ST00237" HPOS="583" VPOS="3471" WIDTH="369" HEIGHT="69" CONTENT="schöpferischen" WC="0.99" CC="67600902010363"/>
						<SP ID="P2_SP00200" HPOS="952" VPOS="3540" WIDTH="22"/>
						<String ID="P2_ST00238" HPOS="974" VPOS="3471" WIDTH="299" HEIGHT="66" CONTENT="Fähigkeiten" WC="1.00" CC="00500000400"/>
						<SP ID="P2_SP00201" HPOS="1273" VPOS="3540" WIDTH="32"/>
						<String ID="P2_ST00239" HPOS="1305" VPOS="3479" WIDTH="143" HEIGHT="43" CONTENT="etwas" WC="0.99" CC="06000"/>
						<SP ID="P2_SP00202" HPOS="1448" VPOS="3540" WIDTH="33"/>
						<String ID="P2_ST00240" HPOS="1481" VPOS="3471" WIDTH="116" HEIGHT="50" CONTENT="hoch" WC="0.96" CC="6067"/>
						<SP ID="P2_SP00203" HPOS="1597" VPOS="3540" WIDTH="33"/>
						<String ID="P2_ST00241" HPOS="1630" VPOS="3488" WIDTH="52" HEIGHT="32" CONTENT="an" SUBS_TYPE="HypPart1" SUBS_CONTENT="anzuschlagen." WC="0.98" CC="20"/>
						<HYP HPOS="1682" VPOS="3488" WIDTH="25" CONTENT="-"/>
					</TextLine>
					<TextLine ID="P2_TL00039" HPOS="144" VPOS="3553" WIDTH="1562" HEIGHT="72">
						<String ID="P2_ST00242" HPOS="144" VPOS="3556" WIDTH="284" HEIGHT="69" CONTENT="zuschlagen." SUBS_TYPE="HypPart2" SUBS_CONTENT="anzuschlagen." WC="0.99" CC="00077729060"/>
						<SP ID="P2_SP00204" HPOS="428" VPOS="3625" WIDTH="60"/>
						<String ID="P2_ST00243" HPOS="488" VPOS="3556" WIDTH="208" HEIGHT="49" CONTENT="Nicolai's" WC="0.68" CC="030351707"/>
						<SP ID="P2_SP00205" HPOS="696" VPOS="3625" WIDTH="35"/>
						<String ID="P2_ST00244" HPOS="731" VPOS="3555" WIDTH="292" HEIGHT="67" CONTENT="productives" WC="0.74" CC="01291660000"/>
						<SP ID="P2_SP00206" HPOS="1023" VPOS="3625" WIDTH="31"/>
						<String ID="P2_ST00245" HPOS="1054" VPOS="3555" WIDTH="164" HEIGHT="50" CONTENT="Talent" WC="0.98" CC="490062"/>
						<SP ID="P2_SP00207" HPOS="1218" VPOS="3625" WIDTH="46"/>
						<String ID="P2_ST00246" HPOS="1264" VPOS="3572" WIDTH="95" HEIGHT="31" CONTENT="war" WC="0.98" CC="041"/>
						<SP ID="P2_SP00208" HPOS="1359" VPOS="3625" WIDTH="45"/>
						<String ID="P2_ST00247" HPOS="1404" VPOS="3554" WIDTH="185" HEIGHT="49" CONTENT="niemals" WC="0.99" CC="5007700"/>
						<SP ID="P2_SP00209" HPOS="1589" VPOS="3625" WIDTH="50"/>
						<String ID="P2_ST00248" HPOS="1639" VPOS="3553" WIDTH="67" HEIGHT="49" CONTENT="ein" WC="0.98" CC="006"/>
					</TextLine>
					<TextLine ID="P2_TL00040" HPOS="143" VPOS="3635" WIDTH="1564" HEIGHT="70">
						<String ID="P2_ST00249" HPOS="143" VPOS="3640" WIDTH="241" HEIGHT="50" CONTENT="intensives" WC="0.99" CC="0370605000"/>
						<SP ID="P2_SP00210" HPOS="384" VPOS="3690" WIDTH="26"/>
						<String ID="P2_ST00250" HPOS="410" VPOS="3641" WIDTH="110" HEIGHT="49" CONTENT="oder" WC="0.99" CC="0500"/>
						<SP ID="P2_SP00211" HPOS="520" VPOS="3690" WIDTH="26"/>
						<String ID="P2_ST00251" HPOS="546" VPOS="3639" WIDTH="423" HEIGHT="66" CONTENT="eigenthümliches," WC="0.80" CC="0000806040007012"/>
						<SP ID="P2_SP00212" HPOS="969" VPOS="3705" WIDTH="23"/>
						<String ID="P2_ST00252" HPOS="992" VPOS="3638" WIDTH="200" HEIGHT="50" CONTENT="sondern" WC="0.99" CC="0060040"/>
						<SP ID="P2_SP00213" HPOS="1192" VPOS="3705" WIDTH="25"/>
						<String ID="P2_ST00253" HPOS="1217" VPOS="3655" WIDTH="85" HEIGHT="32" CONTENT="von" WC="1.00" CC="000"/>
						<SP ID="P2_SP00214" HPOS="1302" VPOS="3705" WIDTH="27"/>
						<String ID="P2_ST00254" HPOS="1329" VPOS="3638" WIDTH="131" HEIGHT="64" CONTENT="jener" WC="0.99" CC="20302"/>
						<SP ID="P2_SP00215" HPOS="1460" VPOS="3705" WIDTH="29"/>
						<String ID="P2_ST00255" HPOS="1489" VPOS="3635" WIDTH="218" HEIGHT="58" CONTENT="weichen," WC="1.00" CC="00003060"/>
					</TextLine>
					<TextLine ID="P2_TL00041" HPOS="143" VPOS="3718" WIDTH="1565" HEIGHT="71">
						<String ID="P2_ST00256" HPOS="143" VPOS="3721" WIDTH="314" HEIGHT="68" CONTENT="aneignenden" WC="0.99" CC="00000607805"/>
						<SP ID="P2_SP00216" HPOS="457" VPOS="3789" WIDTH="47"/>
						<String ID="P2_ST00257" HPOS="504" VPOS="3720" WIDTH="220" HEIGHT="67" CONTENT="Gattung," WC="0.98" CC="49880502"/>
						<SP ID="P2_SP00217" HPOS="724" VPOS="3789" WIDTH="46"/>
						<String ID="P2_ST00258" HPOS="770" VPOS="3721" WIDTH="175" HEIGHT="50" CONTENT="welche" WC="1.00" CC="000000"/>
						<SP ID="P2_SP00218" HPOS="945" VPOS="3789" WIDTH="47"/>
						<String ID="P2_ST00259" HPOS="992" VPOS="3721" WIDTH="79" HEIGHT="49" CONTENT="des" WC="0.98" CC="060"/>
						<SP ID="P2_SP00219" HPOS="1071" VPOS="3789" WIDTH="48"/>
						<String ID="P2_ST00260" HPOS="1119" VPOS="3720" WIDTH="188" HEIGHT="50" CONTENT="inneren" WC="0.98" CC="1511645"/>
						<SP ID="P2_SP00220" HPOS="1307" VPOS="3789" WIDTH="47"/>
						<String ID="P2_ST00261" HPOS="1354" VPOS="3718" WIDTH="354" HEIGHT="52" CONTENT="Widerstandes" WC="0.99" CC="000024567800"/>
					</TextLine>
					<TextLine ID="P2_TL00042" HPOS="144" VPOS="3801" WIDTH="1562" HEIGHT="70">
						<String ID="P2_ST00262" HPOS="144" VPOS="3805" WIDTH="258" HEIGHT="66" CONTENT="ermangelt" WC="1.00" CC="000380000"/>
						<SP ID="P2_SP00221" HPOS="402" VPOS="3871" WIDTH="42"/>
						<String ID="P2_ST00263" HPOS="444" VPOS="3805" WIDTH="90" HEIGHT="49" CONTENT="und" WC="0.94" CC="097"/>
						<SP ID="P2_SP00222" HPOS="534" VPOS="3871" WIDTH="49"/>
						<String ID="P2_ST00264" HPOS="583" VPOS="3804" WIDTH="140" HEIGHT="50" CONTENT="daher" WC="0.97" CC="95502"/>
						<SP ID="P2_SP00223" HPOS="723" VPOS="3871" WIDTH="42"/>
						<String ID="P2_ST00265" HPOS="765" VPOS="3807" WIDTH="42" HEIGHT="47" CONTENT="in" WC="1.00" CC="00"/>
						<SP ID="P2_SP00224" HPOS="807" VPOS="3871" WIDTH="44"/>
						<String ID="P2_ST00266" HPOS="851" VPOS="3804" WIDTH="127" HEIGHT="50" CONTENT="ihren" WC="0.99" CC="06003"/>
						<SP ID="P2_SP00225" HPOS="978" VPOS="3871" WIDTH="31"/>
						<String ID="P2_ST00267" HPOS="1009" VPOS="3804" WIDTH="273" HEIGHT="50" CONTENT="Resultaten" WC="0.99" CC="4241042030"/>
						<SP ID="P2_SP00226" HPOS="1282" VPOS="3871" WIDTH="37"/>
						<String ID="P2_ST00268" HPOS="1319" VPOS="3803" WIDTH="132" HEIGHT="49" CONTENT="meist" WC="1.00" CC="00000"/>
						<SP ID="P2_SP00227" HPOS="1451" VPOS="3871" WIDTH="33"/>
						<String ID="P2_ST00269" HPOS="1484" VPOS="3819" WIDTH="86" HEIGHT="33" CONTENT="von" WC="1.00" CC="000"/>
						<SP ID="P2_SP00228" HPOS="1570" VPOS="3871" WIDTH="33"/>
						<String ID="P2_ST00270" HPOS="1603" VPOS="3801" WIDTH="103" HEIGHT="50" CONTENT="dem" WC="0.99" CC="001"/>
					</TextLine>
					<TextLine ID="P2_TL00043" HPOS="141" VPOS="3885" WIDTH="1273" HEIGHT="70">
						<String ID="P2_ST00271" HPOS="141" VPOS="3888" WIDTH="148" HEIGHT="52" CONTENT="Zufall" WC="0.98" CC="050575"/>
						<SP ID="P2_SP00229" HPOS="289" VPOS="3940" WIDTH="34"/>
						<String ID="P2_ST00272" HPOS="323" VPOS="3895" WIDTH="136" HEIGHT="60" CONTENT="guter" WC="0.98" CC="07306"/>
						<SP ID="P2_SP00230" HPOS="459" VPOS="3955" WIDTH="31"/>
						<String ID="P2_ST00273" HPOS="490" VPOS="3888" WIDTH="111" HEIGHT="48" CONTENT="oder" WC="1.00" CC="0010"/>
						<SP ID="P2_SP00231" HPOS="601" VPOS="3955" WIDTH="32"/>
						<String ID="P2_ST00274" HPOS="633" VPOS="3888" WIDTH="255" HEIGHT="49" CONTENT="schlechter" WC="0.99" CC="2475047402"/>
						<SP ID="P2_SP00232" HPOS="888" VPOS="3955" WIDTH="32"/>
						<String ID="P2_ST00275" HPOS="920" VPOS="3888" WIDTH="245" HEIGHT="49" CONTENT="Vorbilder" WC="0.99" CC="045517009"/>
						<SP ID="P2_SP00233" HPOS="1165" VPOS="3955" WIDTH="30"/>
						<String ID="P2_ST00276" HPOS="1195" VPOS="3885" WIDTH="219" HEIGHT="66" CONTENT="abhängt." WC="0.98" CC="60705063"/>
					</TextLine>
					<TextLine ID="P2_TL00044" HPOS="270" VPOS="3968" WIDTH="1436" HEIGHT="66">
						<String ID="P2_ST00277" HPOS="270" VPOS="3973" WIDTH="87" HEIGHT="48" CONTENT="Die" WC="0.97" CC="105"/>
						<SP ID="P2_SP00234" HPOS="357" VPOS="4021" WIDTH="31"/>
						<String ID="P2_ST00278" HPOS="388" VPOS="3969" WIDTH="260" HEIGHT="57" CONTENT="Vorbilder," WC="0.99" CC="0406069094"/>
						<SP ID="P2_SP00235" HPOS="648" VPOS="4026" WIDTH="47"/>
						<String ID="P2_ST00279" HPOS="695" VPOS="3970" WIDTH="145" HEIGHT="50" CONTENT="denen" WC="0.97" CC="93063"/>
						<SP ID="P2_SP00236" HPOS="840" VPOS="4026" WIDTH="31"/>
						<String ID="P2_ST00280" HPOS="871" VPOS="3970" WIDTH="167" HEIGHT="51" CONTENT="Nicolai" WC="0.99" CC="0442050"/>
						<SP ID="P2_SP00237" HPOS="1038" VPOS="4026" WIDTH="43"/>
						<String ID="P2_ST00281" HPOS="1081" VPOS="3972" WIDTH="42" HEIGHT="48" CONTENT="in" WC="1.00" CC="00"/>
						<SP ID="P2_SP00238" HPOS="1123" VPOS="4026" WIDTH="42"/>
						<String ID="P2_ST00282" HPOS="1165" VPOS="3970" WIDTH="154" HEIGHT="50" CONTENT="seinen" WC="0.99" CC="001800"/>
						<SP ID="P2_SP00239" HPOS="1319" VPOS="4026" WIDTH="43"/>
						<String ID="P2_ST00283" HPOS="1362" VPOS="3975" WIDTH="152" HEIGHT="42" CONTENT="ersten" WC="0.99" CC="000600"/>
						<SP ID="P2_SP00240" HPOS="1514" VPOS="4026" WIDTH="32"/>
						<String ID="P2_ST00284" HPOS="1546" VPOS="3968" WIDTH="160" HEIGHT="66" CONTENT="Opern" WC="0.98" CC="20066"/>
					</TextLine>
					<TextLine ID="P2_TL00045" HPOS="140" VPOS="4050" WIDTH="1568" HEIGHT="74">
						<String ID="P2_ST00285" HPOS="140" VPOS="4058" WIDTH="46" HEIGHT="66" CONTENT="(„" WC="0.25" CC="77" STYLEREFS="TXT_6"/>
						<SP ID="P2_SP00241" HPOS="186" VPOS="4124" WIDTH="15"/>
						<String ID="P2_ST00286" HPOS="201" VPOS="4059" WIDTH="43" HEIGHT="49" CONTENT="11" WC="1.00" CC="00" STYLEREFS="TXT_6"/>
						<SP ID="P2_SP00242" HPOS="244" VPOS="4124" WIDTH="22"/>
						<String ID="P2_ST00287" HPOS="266" VPOS="4057" WIDTH="299" HEIGHT="53" CONTENT='Proscritlo",' WC="0.72" CC="240044061042" STYLEREFS="TXT_6"/>
						<SP ID="P2_SP00243" HPOS="565" VPOS="4124" WIDTH="33"/>
						<String ID="P2_ST00288" HPOS="598" VPOS="4050" WIDTH="75" HEIGHT="60" CONTENT="„Ii" WC="0.97" CC="006" STYLEREFS="TXT_6"/>
						<SP ID="P2_SP00244" HPOS="673" VPOS="4124" WIDTH="25"/>
						<String ID="P2_ST00289" HPOS="698" VPOS="4055" WIDTH="307" HEIGHT="64" CONTENT='Templario",' WC="0.88" CC="10030000040" STYLEREFS="TXT_6"/>
						<SP ID="P2_SP00245" HPOS="1005" VPOS="4124" WIDTH="24"/>
						<String ID="P2_ST00290" HPOS="1029" VPOS="4050" WIDTH="679" HEIGHT="69" CONTENT='„Elisabelta&lt;Tlnghilterra")' WC="0.81" CC="30000000160581003000500047" STYLEREFS="TXT_6"/>
					</TextLine>
					<TextLine ID="P2_TL00046" HPOS="140" VPOS="4132" WIDTH="1568" HEIGHT="66">
						<String ID="P2_ST00291" HPOS="140" VPOS="4141" WIDTH="293" HEIGHT="57" CONTENT="nacheiferte," WC="0.99" CC="902626004504"/>
						<SP ID="P2_SP00246" HPOS="433" VPOS="4198" WIDTH="33"/>
						<String ID="P2_ST00292" HPOS="466" VPOS="4153" WIDTH="155" HEIGHT="35" CONTENT="waren" WC="0.97" CC="90414"/>
						<SP ID="P2_SP00247" HPOS="621" VPOS="4198" WIDTH="32"/>
						<String ID="P2_ST00293" HPOS="653" VPOS="4134" WIDTH="70" HEIGHT="50" CONTENT="für" WC="0.95" CC="705"/>
						<SP ID="P2_SP00248" HPOS="723" VPOS="4198" WIDTH="19"/>
						<String ID="P2_ST00294" HPOS="742" VPOS="4137" WIDTH="93" HEIGHT="47" CONTENT="sein" WC="0.98" CC="0222"/>
						<SP ID="P2_SP00249" HPOS="835" VPOS="4198" WIDTH="19"/>
						<String ID="P2_ST00295" HPOS="854" VPOS="4135" WIDTH="161" HEIGHT="51" CONTENT="Talent" WC="0.98" CC="007076"/>
						<SP ID="P2_SP00250" HPOS="1015" VPOS="4198" WIDTH="23"/>
						<String ID="P2_ST00296" HPOS="1038" VPOS="4135" WIDTH="160" HEIGHT="50" CONTENT="höchst" WC="0.99" CC="010640"/>
						<SP ID="P2_SP00251" HPOS="1198" VPOS="4198" WIDTH="23"/>
						<String ID="P2_ST00297" HPOS="1221" VPOS="4133" WIDTH="297" HEIGHT="52" CONTENT="verderblich." WC="1.00" CC="000002770330"/>
						<SP ID="P2_SP00252" HPOS="1518" VPOS="4198" WIDTH="33"/>
						<String ID="P2_ST00298" HPOS="1551" VPOS="4132" WIDTH="157" HEIGHT="50" CONTENT="Durch" WC="1.00" CC="00000"/>
					</TextLine>
				</TextBlock>
				<TextBlock ID="P2_TB00006" HPOS="1801" VPOS="291" WIDTH="1573" HEIGHT="3908" STYLEREFS="TXT_1 PAR_BLOCK">
					<TextLine ID="P2_TL00047" HPOS="1806" VPOS="291" WIDTH="1567" HEIGHT="70">
						<String ID="P2_ST00299" HPOS="1806" VPOS="294" WIDTH="156" HEIGHT="52" CONTENT="seinen" WC="1.00" CC="000000"/>
						<SP ID="P2_SP00253" HPOS="1962" VPOS="346" WIDTH="46"/>
						<String ID="P2_ST00300" HPOS="2008" VPOS="294" WIDTH="271" HEIGHT="53" CONTENT="Aufenthalt" WC="0.99" CC="5020455553"/>
						<SP ID="P2_SP00254" HPOS="2279" VPOS="347" WIDTH="58"/>
						<String ID="P2_ST00301" HPOS="2337" VPOS="295" WIDTH="45" HEIGHT="51" CONTENT="in" WC="0.67" CC="06"/>
						<SP ID="P2_SP00255" HPOS="2382" VPOS="347" WIDTH="41"/>
						<String ID="P2_ST00302" HPOS="2423" VPOS="294" WIDTH="158" HEIGHT="52" CONTENT="Italien" WC="0.99" CC="4360000"/>
						<SP ID="P2_SP00256" HPOS="2581" VPOS="347" WIDTH="47"/>
						<String ID="P2_ST00303" HPOS="2628" VPOS="292" WIDTH="86" HEIGHT="53" CONTENT="den" WC="1.00" CC="000"/>
						<SP ID="P2_SP00257" HPOS="2714" VPOS="347" WIDTH="45"/>
						<String ID="P2_ST00304" HPOS="2759" VPOS="291" WIDTH="284" HEIGHT="70" CONTENT="Triumphen" WC="0.99" CC="300199400"/>
						<SP ID="P2_SP00258" HPOS="3043" VPOS="361" WIDTH="45"/>
						<String ID="P2_ST00305" HPOS="3088" VPOS="295" WIDTH="285" HEIGHT="63" CONTENT="Donizetti's," WC="0.71" CC="302560044070"/>
					</TextLine>
					<TextLine ID="P2_TL00048" HPOS="1806" VPOS="376" WIDTH="1566" HEIGHT="66">
						<String ID="P2_ST00306" HPOS="1806" VPOS="379" WIDTH="348" HEIGHT="61" CONTENT="Mercadante's," WC="0.74" CC="0000596610004"/>
						<SP ID="P2_SP00259" HPOS="2154" VPOS="440" WIDTH="46"/>
						<String ID="P2_ST00307" HPOS="2200" VPOS="379" WIDTH="198" HEIGHT="52" CONTENT="Bellini's" WC="0.80" CC="700406000"/>
						<SP ID="P2_SP00260" HPOS="2398" VPOS="440" WIDTH="48"/>
						<String ID="P2_ST00308" HPOS="2446" VPOS="379" WIDTH="115" HEIGHT="51" CONTENT="allzu" WC="0.98" CC="00860"/>
						<SP ID="P2_SP00261" HPOS="2561" VPOS="440" WIDTH="39"/>
						<String ID="P2_ST00309" HPOS="2600" VPOS="376" WIDTH="118" HEIGHT="52" CONTENT="nahe" WC="0.98" CC="3520"/>
						<SP ID="P2_SP00262" HPOS="2718" VPOS="440" WIDTH="46"/>
						<String ID="P2_ST00310" HPOS="2764" VPOS="376" WIDTH="207" HEIGHT="66" CONTENT="gerückt," WC="1.00" CC="00200043"/>
						<SP ID="P2_SP00263" HPOS="2971" VPOS="442" WIDTH="44"/>
						<String ID="P2_ST00311" HPOS="3015" VPOS="378" WIDTH="156" HEIGHT="50" CONTENT="verfiel" WC="0.99" CC="6000007"/>
						<SP ID="P2_SP00264" HPOS="3171" VPOS="442" WIDTH="32"/>
						<String ID="P2_ST00312" HPOS="3203" VPOS="380" WIDTH="169" HEIGHT="52" CONTENT="Nicolai" WC="1.00" CC="4001000"/>
					</TextLine>
					<TextLine ID="P2_TL00049" HPOS="1807" VPOS="459" WIDTH="1563" HEIGHT="72">
						<String ID="P2_ST00313" HPOS="1807" VPOS="463" WIDTH="83" HEIGHT="50" CONTENT="der" WC="1.00" CC="000"/>
						<SP ID="P2_SP00265" HPOS="1890" VPOS="513" WIDTH="29"/>
						<String ID="P2_ST00314" HPOS="1919" VPOS="463" WIDTH="313" HEIGHT="68" CONTENT="Verlockung," WC="0.99" CC="00240205290"/>
						<SP ID="P2_SP00266" HPOS="2232" VPOS="531" WIDTH="42"/>
						<String ID="P2_ST00315" HPOS="2274" VPOS="464" WIDTH="69" HEIGHT="51" CONTENT="die" WC="1.00" CC="000"/>
						<SP ID="P2_SP00267" HPOS="2343" VPOS="531" WIDTH="31"/>
						<String ID="P2_ST00316" HPOS="2374" VPOS="464" WIDTH="201" HEIGHT="51" CONTENT="schönen" WC="1.00" CC="0000303"/>
						<SP ID="P2_SP00268" HPOS="2575" VPOS="531" WIDTH="30"/>
						<String ID="P2_ST00317" HPOS="2605" VPOS="459" WIDTH="210" HEIGHT="67" CONTENT="Anfänge" WC="0.99" CC="0366200"/>
						<SP ID="P2_SP00269" HPOS="2815" VPOS="531" WIDTH="30"/>
						<String ID="P2_ST00318" HPOS="2845" VPOS="460" WIDTH="150" HEIGHT="51" CONTENT="seiner" WC="1.00" CC="000000"/>
						<SP ID="P2_SP00270" HPOS="2995" VPOS="531" WIDTH="29"/>
						<String ID="P2_ST00319" HPOS="3024" VPOS="461" WIDTH="346" HEIGHT="54" CONTENT="musicalischen" WC="1.00" CC="9210050150300"/>
					</TextLine>
					<TextLine ID="P2_TL00050" HPOS="1807" VPOS="544" WIDTH="1564" HEIGHT="71">
						<String ID="P2_ST00320" HPOS="1807" VPOS="546" WIDTH="201" HEIGHT="69" CONTENT="Bildung" WC="0.99" CC="4020270"/>
						<SP ID="P2_SP00271" HPOS="2008" VPOS="615" WIDTH="29"/>
						<String ID="P2_ST00321" HPOS="2037" VPOS="545" WIDTH="125" HEIGHT="51" CONTENT="bloss" WC="0.99" CC="06000"/>
						<SP ID="P2_SP00272" HPOS="2162" VPOS="615" WIDTH="26"/>
						<String ID="P2_ST00322" HPOS="2188" VPOS="546" WIDTH="64" HEIGHT="50" CONTENT="als" WC="0.95" CC="652"/>
						<SP ID="P2_SP00273" HPOS="2252" VPOS="615" WIDTH="25"/>
						<String ID="P2_ST00323" HPOS="2277" VPOS="546" WIDTH="153" HEIGHT="51" CONTENT="Leiter" WC="0.99" CC="202500"/>
						<SP ID="P2_SP00274" HPOS="2430" VPOS="615" WIDTH="30"/>
						<String ID="P2_ST00324" HPOS="2460" VPOS="565" WIDTH="56" HEIGHT="32" CONTENT="zu" WC="0.55" CC="44"/>
						<SP ID="P2_SP00275" HPOS="2516" VPOS="615" WIDTH="33"/>
						<String ID="P2_ST00325" HPOS="2549" VPOS="545" WIDTH="243" HEIGHT="56" CONTENT="benutzen," WC="1.00" CC="200025003"/>
						<SP ID="P2_SP00276" HPOS="2792" VPOS="615" WIDTH="30"/>
						<String ID="P2_ST00326" HPOS="2822" VPOS="544" WIDTH="80" HEIGHT="49" CONTENT="auf" WC="0.98" CC="600"/>
						<SP ID="P2_SP00277" HPOS="2902" VPOS="615" WIDTH="26"/>
						<String ID="P2_ST00327" HPOS="2928" VPOS="544" WIDTH="199" HEIGHT="51" CONTENT="welcher" WC="1.00" CC="0000005"/>
						<SP ID="P2_SP00278" HPOS="3127" VPOS="615" WIDTH="32"/>
						<String ID="P2_ST00328" HPOS="3159" VPOS="545" WIDTH="92" HEIGHT="51" CONTENT="sich" WC="0.99" CC="0005"/>
						<SP ID="P2_SP00279" HPOS="3251" VPOS="615" WIDTH="32"/>
						<String ID="P2_ST00329" HPOS="3283" VPOS="546" WIDTH="88" HEIGHT="51" CONTENT="den" WC="1.00" CC="000"/>
					</TextLine>
					<TextLine ID="P2_TL00051" HPOS="1810" VPOS="629" WIDTH="973" HEIGHT="71">
						<String ID="P2_ST00330" HPOS="1810" VPOS="632" WIDTH="246" HEIGHT="50" CONTENT="Italiänern" WC="0.68" CC="4646070100"/>
						<SP ID="P2_SP00280" HPOS="2056" VPOS="682" WIDTH="35"/>
						<String ID="P2_ST00331" HPOS="2091" VPOS="630" WIDTH="195" HEIGHT="70" CONTENT="bequem" WC="0.99" CC="306500"/>
						<SP ID="P2_SP00281" HPOS="2286" VPOS="700" WIDTH="33"/>
						<String ID="P2_ST00332" HPOS="2319" VPOS="630" WIDTH="314" HEIGHT="51" CONTENT="nachklettern" WC="1.00" CC="010000085020"/>
						<SP ID="P2_SP00282" HPOS="2633" VPOS="700" WIDTH="32"/>
						<String ID="P2_ST00333" HPOS="2665" VPOS="629" WIDTH="118" HEIGHT="48" CONTENT="liess." WC="0.86" CC="100132"/>
					</TextLine>
					<TextLine ID="P2_TL00052" HPOS="1934" VPOS="709" WIDTH="1437" HEIGHT="74">
						<String ID="P2_ST00334" HPOS="1934" VPOS="715" WIDTH="87" HEIGHT="51" CONTENT="Ein" WC="1.00" CC="000"/>
						<SP ID="P2_SP00283" HPOS="2021" VPOS="766" WIDTH="30"/>
						<String ID="P2_ST00335" HPOS="2051" VPOS="714" WIDTH="356" HEIGHT="69" CONTENT="aufgeweckter," WC="1.00" CC="2540000000022"/>
						<SP ID="P2_SP00284" HPOS="2407" VPOS="783" WIDTH="32"/>
						<String ID="P2_ST00336" HPOS="2439" VPOS="714" WIDTH="189" HEIGHT="50" CONTENT="deutsch" WC="0.99" CC="0006403"/>
						<SP ID="P2_SP00285" HPOS="2628" VPOS="783" WIDTH="24"/>
						<String ID="P2_ST00337" HPOS="2652" VPOS="709" WIDTH="262" HEIGHT="70" CONTENT="geschulter" WC="0.99" CC="0031410303"/>
						<SP ID="P2_SP00286" HPOS="2914" VPOS="783" WIDTH="24"/>
						<String ID="P2_ST00338" HPOS="2938" VPOS="710" WIDTH="269" HEIGHT="69" CONTENT="Componist" WC="0.84" CC="500002004"/>
						<SP ID="P2_SP00287" HPOS="3207" VPOS="783" WIDTH="27"/>
						<String ID="P2_ST00339" HPOS="3234" VPOS="712" WIDTH="110" HEIGHT="53" CONTENT="über" SUBS_TYPE="HypPart1" SUBS_CONTENT="überredet" WC="0.99" CC="0100"/>
						<HYP HPOS="3344" VPOS="712" WIDTH="27" CONTENT="-"/>
					</TextLine>
					<TextLine ID="P2_TL00053" HPOS="1809" VPOS="793" WIDTH="1561" HEIGHT="72">
						<String ID="P2_ST00340" HPOS="1809" VPOS="799" WIDTH="131" HEIGHT="50" CONTENT="redet" SUBS_TYPE="HypPart2" SUBS_CONTENT="überredet" WC="0.99" CC="00008"/>
						<SP ID="P2_SP00288" HPOS="1940" VPOS="849" WIDTH="21"/>
						<String ID="P2_ST00341" HPOS="1961" VPOS="799" WIDTH="90" HEIGHT="50" CONTENT="sich" WC="0.99" CC="0006"/>
						<SP ID="P2_SP00289" HPOS="2051" VPOS="849" WIDTH="27"/>
						<String ID="P2_ST00342" HPOS="2078" VPOS="817" WIDTH="81" HEIGHT="48" CONTENT="gar" WC="0.99" CC="010"/>
						<SP ID="P2_SP00290" HPOS="2159" VPOS="865" WIDTH="17"/>
						<String ID="P2_ST00343" HPOS="2176" VPOS="817" WIDTH="53" HEIGHT="32" CONTENT="zu" WC="0.70" CC="50"/>
						<SP ID="P2_SP00291" HPOS="2229" VPOS="865" WIDTH="20"/>
						<String ID="P2_ST00344" HPOS="2249" VPOS="798" WIDTH="149" HEIGHT="57" CONTENT="leicht," WC="0.99" CC="0030050"/>
						<SP ID="P2_SP00292" HPOS="2398" VPOS="865" WIDTH="27"/>
						<String ID="P2_ST00345" HPOS="2425" VPOS="798" WIDTH="86" HEIGHT="49" CONTENT="den" WC="0.98" CC="004"/>
						<SP ID="P2_SP00293" HPOS="2511" VPOS="865" WIDTH="27"/>
						<String ID="P2_ST00346" HPOS="2538" VPOS="797" WIDTH="228" HEIGHT="50" CONTENT="wälschen" WC="0.65" CC="09160604"/>
						<SP ID="P2_SP00294" HPOS="2766" VPOS="865" WIDTH="21"/>
						<String ID="P2_ST00347" HPOS="2787" VPOS="793" WIDTH="583" HEIGHT="70" CONTENT="Opern-Schnickschnack" WC="1.00" CC="50031440550000040530"/>
					</TextLine>
					<TextLine ID="P2_TL00054" HPOS="1809" VPOS="877" WIDTH="1563" HEIGHT="63">
						<String ID="P2_ST00348" HPOS="1809" VPOS="882" WIDTH="132" HEIGHT="51" CONTENT="treffe" WC="0.98" CC="600119"/>
						<SP ID="P2_SP00295" HPOS="1941" VPOS="933" WIDTH="25"/>
						<String ID="P2_ST00349" HPOS="1966" VPOS="882" WIDTH="294" HEIGHT="58" CONTENT="Jedermann," WC="1.00" CC="0600022040"/>
						<SP ID="P2_SP00296" HPOS="2260" VPOS="940" WIDTH="47"/>
						<String ID="P2_ST00350" HPOS="2307" VPOS="880" WIDTH="92" HEIGHT="50" CONTENT="und" WC="0.99" CC="030"/>
						<SP ID="P2_SP00297" HPOS="2399" VPOS="940" WIDTH="38"/>
						<String ID="P2_ST00351" HPOS="2437" VPOS="898" WIDTH="49" HEIGHT="32" CONTENT="es" WC="1.00" CC="00"/>
						<SP ID="P2_SP00298" HPOS="2486" VPOS="940" WIDTH="44"/>
						<String ID="P2_ST00352" HPOS="2530" VPOS="880" WIDTH="130" HEIGHT="50" CONTENT="koste" WC="0.99" CC="00070"/>
						<SP ID="P2_SP00299" HPOS="2660" VPOS="940" WIDTH="31"/>
						<String ID="P2_ST00353" HPOS="2691" VPOS="878" WIDTH="124" HEIGHT="51" CONTENT="bloss" WC="0.99" CC="70000"/>
						<SP ID="P2_SP00300" HPOS="2815" VPOS="940" WIDTH="33"/>
						<String ID="P2_ST00354" HPOS="2848" VPOS="877" WIDTH="86" HEIGHT="50" CONTENT="den" WC="1.00" CC="000"/>
						<SP ID="P2_SP00301" HPOS="2934" VPOS="940" WIDTH="33"/>
						<String ID="P2_ST00355" HPOS="2967" VPOS="877" WIDTH="286" HEIGHT="62" CONTENT="Entschluss," WC="0.71" CC="07300750043"/>
						<SP ID="P2_SP00302" HPOS="3253" VPOS="940" WIDTH="47"/>
						<String ID="P2_ST00356" HPOS="3300" VPOS="880" WIDTH="72" HEIGHT="51" CONTENT="ein" WC="0.98" CC="032"/>
					</TextLine>
					<TextLine ID="P2_TL00055" HPOS="1810" VPOS="960" WIDTH="1562" HEIGHT="68">
						<String ID="P2_ST00357" HPOS="1810" VPOS="966" WIDTH="187" HEIGHT="50" CONTENT="zweiter" WC="1.00" CC="1002500"/>
						<SP ID="P2_SP00303" HPOS="1997" VPOS="1016" WIDTH="17"/>
						<String ID="P2_ST00358" HPOS="2014" VPOS="964" WIDTH="225" HEIGHT="52" CONTENT="Donizetti" WC="0.84" CC="000070700"/>
						<SP ID="P2_SP00304" HPOS="2239" VPOS="1016" WIDTH="32"/>
						<String ID="P2_ST00359" HPOS="2271" VPOS="982" WIDTH="55" HEIGHT="32" CONTENT="zu" WC="0.89" CC="10"/>
						<SP ID="P2_SP00305" HPOS="2326" VPOS="1016" WIDTH="29"/>
						<String ID="P2_ST00360" HPOS="2355" VPOS="963" WIDTH="199" HEIGHT="52" CONTENT="werden." WC="0.99" CC="0040040"/>
						<SP ID="P2_SP00306" HPOS="2554" VPOS="1016" WIDTH="32"/>
						<String ID="P2_ST00361" HPOS="2586" VPOS="963" WIDTH="51" HEIGHT="50" CONTENT="In" WC="0.72" CC="50"/>
						<SP ID="P2_SP00307" HPOS="2637" VPOS="1016" WIDTH="28"/>
						<String ID="P2_ST00362" HPOS="2665" VPOS="962" WIDTH="142" HEIGHT="53" CONTENT="vielen" WC="0.98" CC="940600"/>
						<SP ID="P2_SP00308" HPOS="2807" VPOS="1016" WIDTH="19"/>
						<String ID="P2_ST00363" HPOS="2826" VPOS="960" WIDTH="203" HEIGHT="51" CONTENT="Stücken" WC="1.00" CC="0600000"/>
						<SP ID="P2_SP00309" HPOS="3029" VPOS="1016" WIDTH="31"/>
						<String ID="P2_ST00364" HPOS="3060" VPOS="978" WIDTH="105" HEIGHT="50" CONTENT="mag" WC="0.93" CC="747"/>
						<SP ID="P2_SP00310" HPOS="3165" VPOS="1028" WIDTH="29"/>
						<String ID="P2_ST00365" HPOS="3194" VPOS="980" WIDTH="51" HEIGHT="31" CONTENT="er" WC="0.76" CC="04"/>
						<SP ID="P2_SP00311" HPOS="3245" VPOS="1028" WIDTH="32"/>
						<String ID="P2_ST00366" HPOS="3277" VPOS="964" WIDTH="95" HEIGHT="51" CONTENT="sein" WC="1.00" CC="0010"/>
					</TextLine>
					<TextLine ID="P2_TL00056" HPOS="1809" VPOS="1044" WIDTH="1562" HEIGHT="68">
						<String ID="P2_ST00367" HPOS="1809" VPOS="1049" WIDTH="192" HEIGHT="51" CONTENT="Vorbild" WC="0.99" CC="0007007"/>
						<SP ID="P2_SP00312" HPOS="2001" VPOS="1100" WIDTH="43"/>
						<String ID="P2_ST00368" HPOS="2044" VPOS="1048" WIDTH="258" HEIGHT="52" CONTENT="erreichen:" WC="0.99" CC="0430065002"/>
						<SP ID="P2_SP00313" HPOS="2302" VPOS="1100" WIDTH="47"/>
						<String ID="P2_ST00369" HPOS="2349" VPOS="1048" WIDTH="68" HEIGHT="51" CONTENT="ein" WC="0.97" CC="008"/>
						<SP ID="P2_SP00314" HPOS="2417" VPOS="1100" WIDTH="32"/>
						<String ID="P2_ST00370" HPOS="2449" VPOS="1051" WIDTH="199" HEIGHT="54" CONTENT="Letztes," WC="0.99" CC="00555232"/>
						<SP ID="P2_SP00315" HPOS="2648" VPOS="1105" WIDTH="47"/>
						<String ID="P2_ST00371" HPOS="2695" VPOS="1044" WIDTH="306" HEIGHT="68" CONTENT="Wichtigstes" WC="0.99" CC="00644104200"/>
						<SP ID="P2_SP00316" HPOS="3001" VPOS="1112" WIDTH="45"/>
						<String ID="P2_ST00372" HPOS="3046" VPOS="1044" WIDTH="115" HEIGHT="52" CONTENT="wird" WC="0.98" CC="0420"/>
						<SP ID="P2_SP00317" HPOS="3161" VPOS="1112" WIDTH="47"/>
						<String ID="P2_ST00373" HPOS="3208" VPOS="1046" WIDTH="163" HEIGHT="52" CONTENT="immer" WC="0.98" CC="02304"/>
					</TextLine>
					<TextLine ID="P2_TL00057" HPOS="1810" VPOS="1128" WIDTH="1561" HEIGHT="72">
						<String ID="P2_ST00374" HPOS="1810" VPOS="1133" WIDTH="164" HEIGHT="60" CONTENT="fehlen," WC="0.99" CC="0070002"/>
						<SP ID="P2_SP00318" HPOS="1974" VPOS="1193" WIDTH="46"/>
						<String ID="P2_ST00375" HPOS="2020" VPOS="1133" WIDTH="69" HEIGHT="50" CONTENT="die" WC="1.00" CC="000"/>
						<SP ID="P2_SP00319" HPOS="2089" VPOS="1193" WIDTH="40"/>
						<String ID="P2_ST00376" HPOS="2129" VPOS="1132" WIDTH="292" HEIGHT="68" CONTENT="angeborene" WC="0.99" CC="0103602060"/>
						<SP ID="P2_SP00320" HPOS="2421" VPOS="1200" WIDTH="32"/>
						<String ID="P2_ST00377" HPOS="2453" VPOS="1131" WIDTH="139" HEIGHT="52" CONTENT="Gluth" WC="0.64" CC="04075"/>
						<SP ID="P2_SP00321" HPOS="2592" VPOS="1200" WIDTH="45"/>
						<String ID="P2_ST00378" HPOS="2637" VPOS="1131" WIDTH="90" HEIGHT="49" CONTENT="und" WC="0.96" CC="360"/>
						<SP ID="P2_SP00322" HPOS="2727" VPOS="1200" WIDTH="32"/>
						<String ID="P2_ST00379" HPOS="2759" VPOS="1128" WIDTH="294" HEIGHT="52" CONTENT="Sinnlichkeit" WC="1.00" CC="006010060054"/>
						<SP ID="P2_SP00323" HPOS="3053" VPOS="1200" WIDTH="42"/>
						<String ID="P2_ST00380" HPOS="3095" VPOS="1128" WIDTH="82" HEIGHT="52" CONTENT="des" WC="1.00" CC="000"/>
						<SP ID="P2_SP00324" HPOS="3177" VPOS="1200" WIDTH="44"/>
						<String ID="P2_ST00381" HPOS="3221" VPOS="1131" WIDTH="129" HEIGHT="50" CONTENT="Italiä" SUBS_TYPE="HypPart1" SUBS_CONTENT="Italiäners," WC="0.66" CC="164600"/>
						<HYP HPOS="3350" VPOS="1131" WIDTH="21" CONTENT="-"/>
					</TextLine>
					<TextLine ID="P2_TL00058" HPOS="1811" VPOS="1211" WIDTH="1560" HEIGHT="69">
						<String ID="P2_ST00382" HPOS="1811" VPOS="1235" WIDTH="121" HEIGHT="42" CONTENT="ners," SUBS_TYPE="HypPart2" SUBS_CONTENT="Italiäners," WC="0.64" CC="50570"/>
						<SP ID="P2_SP00325" HPOS="1932" VPOS="1277" WIDTH="47"/>
						<String ID="P2_ST00383" HPOS="1979" VPOS="1216" WIDTH="71" HEIGHT="51" CONTENT="die" WC="0.99" CC="020"/>
						<SP ID="P2_SP00326" HPOS="2050" VPOS="1277" WIDTH="28"/>
						<String ID="P2_ST00384" HPOS="2078" VPOS="1234" WIDTH="105" HEIGHT="34" CONTENT="man" WC="0.93" CC="656"/>
						<SP ID="P2_SP00327" HPOS="2183" VPOS="1277" WIDTH="32"/>
						<String ID="P2_ST00385" HPOS="2215" VPOS="1216" WIDTH="93" HEIGHT="51" CONTENT="sich" WC="1.00" CC="0000"/>
						<SP ID="P2_SP00328" HPOS="2308" VPOS="1277" WIDTH="29"/>
						<String ID="P2_ST00386" HPOS="2337" VPOS="1214" WIDTH="116" HEIGHT="51" CONTENT="eben" WC="0.98" CC="0601"/>
						<SP ID="P2_SP00329" HPOS="2453" VPOS="1277" WIDTH="29"/>
						<String ID="P2_ST00387" HPOS="2482" VPOS="1232" WIDTH="49" HEIGHT="33" CONTENT="so" WC="1.00" CC="00"/>
						<SP ID="P2_SP00330" HPOS="2531" VPOS="1277" WIDTH="33"/>
						<String ID="P2_ST00388" HPOS="2564" VPOS="1213" WIDTH="152" HEIGHT="66" CONTENT="wenig" WC="0.99" CC="00500"/>
						<SP ID="P2_SP00331" HPOS="2716" VPOS="1279" WIDTH="30"/>
						<String ID="P2_ST00389" HPOS="2746" VPOS="1211" WIDTH="149" HEIGHT="69" CONTENT="geben" WC="0.99" CC="00104"/>
						<SP ID="P2_SP00332" HPOS="2895" VPOS="1280" WIDTH="29"/>
						<String ID="P2_ST00390" HPOS="2924" VPOS="1211" WIDTH="134" HEIGHT="61" CONTENT="kann," WC="0.98" CC="00663"/>
						<SP ID="P2_SP00333" HPOS="3058" VPOS="1280" WIDTH="32"/>
						<String ID="P2_ST00391" HPOS="3090" VPOS="1212" WIDTH="65" HEIGHT="51" CONTENT="als" WC="0.97" CC="401"/>
						<SP ID="P2_SP00334" HPOS="3155" VPOS="1280" WIDTH="32"/>
						<String ID="P2_ST00392" HPOS="3187" VPOS="1213" WIDTH="70" HEIGHT="51" CONTENT="ein" WC="0.99" CC="002"/>
						<SP ID="P2_SP00335" HPOS="3257" VPOS="1280" WIDTH="34"/>
						<String ID="P2_ST00393" HPOS="3291" VPOS="1212" WIDTH="54" HEIGHT="53" CONTENT="be" SUBS_TYPE="HypPart1" SUBS_CONTENT="beliebiges" WC="0.97" CC="70"/>
						<HYP HPOS="3345" VPOS="1212" WIDTH="26" CONTENT="-"/>
					</TextLine>
					<TextLine ID="P2_TL00059" HPOS="1810" VPOS="1297" WIDTH="1558" HEIGHT="70">
						<String ID="P2_ST00394" HPOS="1810" VPOS="1301" WIDTH="189" HEIGHT="66" CONTENT="liebiges" SUBS_TYPE="HypPart2" SUBS_CONTENT="beliebiges" WC="0.99" CC="70070010"/>
						<SP ID="P2_SP00336" HPOS="1999" VPOS="1367" WIDTH="32"/>
						<String ID="P2_ST00395" HPOS="2031" VPOS="1300" WIDTH="324" HEIGHT="52" CONTENT="Geburtsland." WC="0.99" CC="005818022606"/>
						<SP ID="P2_SP00337" HPOS="2355" VPOS="1367" WIDTH="32"/>
						<String ID="P2_ST00396" HPOS="2387" VPOS="1300" WIDTH="166" HEIGHT="50" CONTENT="Nicolai" WC="0.99" CC="6006070"/>
						<SP ID="P2_SP00338" HPOS="2553" VPOS="1367" WIDTH="37"/>
						<String ID="P2_ST00397" HPOS="2590" VPOS="1300" WIDTH="123" HEIGHT="48" CONTENT="hatte" WC="0.97" CC="65062"/>
						<SP ID="P2_SP00339" HPOS="2713" VPOS="1367" WIDTH="32"/>
						<String ID="P2_ST00398" HPOS="2745" VPOS="1297" WIDTH="80" HEIGHT="51" CONTENT="mit" WC="0.95" CC="731"/>
						<SP ID="P2_SP00340" HPOS="2825" VPOS="1367" WIDTH="29"/>
						<String ID="P2_ST00399" HPOS="2854" VPOS="1314" WIDTH="51" HEIGHT="33" CONTENT="so" WC="1.00" CC="00"/>
						<SP ID="P2_SP00341" HPOS="2905" VPOS="1367" WIDTH="33"/>
						<String ID="P2_ST00400" HPOS="2938" VPOS="1297" WIDTH="81" HEIGHT="48" CONTENT="viel" WC="0.99" CC="0004"/>
						<SP ID="P2_SP00342" HPOS="3019" VPOS="1367" WIDTH="29"/>
						<String ID="P2_ST00401" HPOS="3048" VPOS="1298" WIDTH="202" HEIGHT="66" CONTENT="Sorgfalt" WC="0.98" CC="00509636"/>
						<SP ID="P2_SP00343" HPOS="3250" VPOS="1367" WIDTH="32"/>
						<String ID="P2_ST00402" HPOS="3282" VPOS="1297" WIDTH="86" HEIGHT="53" CONTENT="den" WC="0.99" CC="001"/>
					</TextLine>
					<TextLine ID="P2_TL00060" HPOS="1810" VPOS="1378" WIDTH="1558" HEIGHT="73">
						<String ID="P2_ST00403" HPOS="1810" VPOS="1382" WIDTH="267" HEIGHT="53" CONTENT="Deutschen" WC="1.00" CC="101000700"/>
						<SP ID="P2_SP00344" HPOS="2077" VPOS="1435" WIDTH="30"/>
						<String ID="P2_ST00404" HPOS="2107" VPOS="1400" WIDTH="308" HEIGHT="49" CONTENT="ausgezogen," WC="0.99" CC="06401609004"/>
						<SP ID="P2_SP00345" HPOS="2415" VPOS="1449" WIDTH="30"/>
						<String ID="P2_ST00405" HPOS="2445" VPOS="1385" WIDTH="103" HEIGHT="48" CONTENT="dass" WC="0.86" CC="0005"/>
						<SP ID="P2_SP00346" HPOS="2548" VPOS="1449" WIDTH="29"/>
						<String ID="P2_ST00406" HPOS="2577" VPOS="1382" WIDTH="89" HEIGHT="50" CONTENT="ihm" WC="0.94" CC="079"/>
						<SP ID="P2_SP00347" HPOS="2666" VPOS="1449" WIDTH="33"/>
						<String ID="P2_ST00407" HPOS="2699" VPOS="1397" WIDTH="102" HEIGHT="33" CONTENT="zum" WC="0.96" CC="560"/>
						<SP ID="P2_SP00348" HPOS="2801" VPOS="1449" WIDTH="33"/>
						<String ID="P2_ST00408" HPOS="2834" VPOS="1378" WIDTH="304" HEIGHT="52" CONTENT="italiänischen" WC="0.85" CC="0600007000201"/>
						<SP ID="P2_SP00349" HPOS="3138" VPOS="1449" WIDTH="31"/>
						<String ID="P2_ST00409" HPOS="3169" VPOS="1380" WIDTH="166" HEIGHT="71" CONTENT="Compo" SUBS_TYPE="HypPart1" SUBS_CONTENT="Componisten" WC="0.65" CC="52090"/>
						<HYP HPOS="3335" VPOS="1380" WIDTH="33" CONTENT="-"/>
					</TextLine>
					<TextLine ID="P2_TL00061" HPOS="1811" VPOS="1463" WIDTH="1560" HEIGHT="70">
						<String ID="P2_ST00410" HPOS="1811" VPOS="1467" WIDTH="149" HEIGHT="51" CONTENT="nisten" SUBS_TYPE="HypPart2" SUBS_CONTENT="Componisten" WC="0.70" CC="440602"/>
						<SP ID="P2_SP00350" HPOS="1960" VPOS="1518" WIDTH="33"/>
						<String ID="P2_ST00411" HPOS="1993" VPOS="1466" WIDTH="203" HEIGHT="51" CONTENT="wirklich" WC="0.99" CC="03403003"/>
						<SP ID="P2_SP00351" HPOS="2196" VPOS="1518" WIDTH="41"/>
						<String ID="P2_ST00412" HPOS="2237" VPOS="1484" WIDTH="87" HEIGHT="33" CONTENT="nur" WC="0.98" CC="051"/>
						<SP ID="P2_SP00352" HPOS="2324" VPOS="1518" WIDTH="41"/>
						<String ID="P2_ST00413" HPOS="2365" VPOS="1467" WIDTH="149" HEIGHT="66" CONTENT="wenig" WC="0.97" CC="80640"/>
						<SP ID="P2_SP00353" HPOS="2514" VPOS="1533" WIDTH="47"/>
						<String ID="P2_ST00414" HPOS="2561" VPOS="1466" WIDTH="124" HEIGHT="49" CONTENT="fehlt." WC="0.98" CC="103154"/>
						<SP ID="P2_SP00354" HPOS="2685" VPOS="1533" WIDTH="60"/>
						<String ID="P2_ST00415" HPOS="2745" VPOS="1465" WIDTH="158" HEIGHT="49" CONTENT="Dieses" WC="0.99" CC="203004"/>
						<SP ID="P2_SP00355" HPOS="2903" VPOS="1533" WIDTH="35"/>
						<String ID="P2_ST00416" HPOS="2938" VPOS="1463" WIDTH="202" HEIGHT="68" CONTENT="Wenige" WC="0.99" CC="004300"/>
						<SP ID="P2_SP00356" HPOS="3140" VPOS="1533" WIDTH="31"/>
						<String ID="P2_ST00417" HPOS="3171" VPOS="1463" WIDTH="112" HEIGHT="52" CONTENT="aber" WC="0.98" CC="4600"/>
						<SP ID="P2_SP00357" HPOS="3283" VPOS="1533" WIDTH="29"/>
						<String ID="P2_ST00418" HPOS="3312" VPOS="1467" WIDTH="59" HEIGHT="50" CONTENT="ist" WC="0.98" CC="004"/>
					</TextLine>
					<TextLine ID="P2_TL00062" HPOS="1811" VPOS="1547" WIDTH="1559" HEIGHT="64">
						<String ID="P2_ST00419" HPOS="1811" VPOS="1550" WIDTH="338" HEIGHT="52" CONTENT="entscheidend." WC="1.00" CC="0060030000383"/>
						<SP ID="P2_SP00358" HPOS="2149" VPOS="1602" WIDTH="59"/>
						<String ID="P2_ST00420" HPOS="2208" VPOS="1550" WIDTH="83" HEIGHT="51" CONTENT="Nie" WC="0.96" CC="730"/>
						<SP ID="P2_SP00359" HPOS="2291" VPOS="1602" WIDTH="42"/>
						<String ID="P2_ST00421" HPOS="2333" VPOS="1550" WIDTH="78" HEIGHT="49" CONTENT="hat" WC="0.96" CC="703"/>
						<SP ID="P2_SP00360" HPOS="2411" VPOS="1602" WIDTH="30"/>
						<String ID="P2_ST00422" HPOS="2441" VPOS="1568" WIDTH="50" HEIGHT="31" CONTENT="er" WC="0.94" CC="01"/>
						<SP ID="P2_SP00361" HPOS="2491" VPOS="1602" WIDTH="30"/>
						<String ID="P2_ST00423" HPOS="2521" VPOS="1550" WIDTH="70" HEIGHT="49" CONTENT="die" WC="0.99" CC="020"/>
						<SP ID="P2_SP00362" HPOS="2591" VPOS="1602" WIDTH="27"/>
						<String ID="P2_ST00424" HPOS="2618" VPOS="1547" WIDTH="200" HEIGHT="60" CONTENT="Frische," WC="0.99" CC="03740602"/>
						<SP ID="P2_SP00363" HPOS="2818" VPOS="1607" WIDTH="45"/>
						<String ID="P2_ST00425" HPOS="2863" VPOS="1547" WIDTH="70" HEIGHT="51" CONTENT="die" WC="1.00" CC="000"/>
						<SP ID="P2_SP00364" HPOS="2933" VPOS="1607" WIDTH="40"/>
						<String ID="P2_ST00426" HPOS="2973" VPOS="1547" WIDTH="218" HEIGHT="50" CONTENT="sinnliche" WC="0.99" CC="024705060"/>
						<SP ID="P2_SP00365" HPOS="3191" VPOS="1607" WIDTH="31"/>
						<String ID="P2_ST00427" HPOS="3222" VPOS="1550" WIDTH="148" HEIGHT="61" CONTENT="Kraft," WC="0.98" CC="032083"/>
					</TextLine>
					<TextLine ID="P2_TL00063" HPOS="1810" VPOS="1630" WIDTH="1557" HEIGHT="71">
						<String ID="P2_ST00428" HPOS="1810" VPOS="1635" WIDTH="86" HEIGHT="51" CONTENT="den" WC="1.00" CC="000"/>
						<SP ID="P2_SP00366" HPOS="1896" VPOS="1686" WIDTH="32"/>
						<String ID="P2_ST00429" HPOS="1928" VPOS="1634" WIDTH="374" HEIGHT="67" CONTENT="schwungvollen" WC="0.99" CC="0010340004645"/>
						<SP ID="P2_SP00367" HPOS="2302" VPOS="1701" WIDTH="33"/>
						<String ID="P2_ST00430" HPOS="2335" VPOS="1632" WIDTH="259" HEIGHT="51" CONTENT="Leichtsinn" WC="0.99" CC="0000760650"/>
						<SP ID="P2_SP00368" HPOS="2594" VPOS="1701" WIDTH="33"/>
						<String ID="P2_ST00431" HPOS="2627" VPOS="1634" WIDTH="78" HEIGHT="49" CONTENT="des" WC="0.98" CC="050"/>
						<SP ID="P2_SP00369" HPOS="2705" VPOS="1701" WIDTH="23"/>
						<String ID="P2_ST00432" HPOS="2728" VPOS="1630" WIDTH="238" HEIGHT="52" CONTENT="Italiäners" WC="0.76" CC="1764000040"/>
						<SP ID="P2_SP00370" HPOS="2966" VPOS="1701" WIDTH="31"/>
						<String ID="P2_ST00433" HPOS="2997" VPOS="1631" WIDTH="211" HEIGHT="60" CONTENT="erreicht," WC="0.99" CC="033040613"/>
						<SP ID="P2_SP00371" HPOS="3208" VPOS="1701" WIDTH="32"/>
						<String ID="P2_ST00434" HPOS="3240" VPOS="1632" WIDTH="96" HEIGHT="51" CONTENT="wäh" SUBS_TYPE="HypPart1" SUBS_CONTENT="während" WC="0.98" CC="004"/>
						<HYP HPOS="3336" VPOS="1632" WIDTH="31" CONTENT="-"/>
					</TextLine>
					<TextLine ID="P2_TL00064" HPOS="1807" VPOS="1715" WIDTH="1560" HEIGHT="70">
						<String ID="P2_ST00435" HPOS="1807" VPOS="1719" WIDTH="115" HEIGHT="50" CONTENT="rend" SUBS_TYPE="HypPart2" SUBS_CONTENT="während" WC="0.99" CC="0050"/>
						<SP ID="P2_SP00372" HPOS="1922" VPOS="1769" WIDTH="46"/>
						<String ID="P2_ST00436" HPOS="1968" VPOS="1736" WIDTH="48" HEIGHT="32" CONTENT="er" WC="0.81" CC="03"/>
						<SP ID="P2_SP00373" HPOS="2016" VPOS="1769" WIDTH="44"/>
						<String ID="P2_ST00437" HPOS="2060" VPOS="1719" WIDTH="107" HEIGHT="49" CONTENT="sehr" WC="0.97" CC="0075"/>
						<SP ID="P2_SP00374" HPOS="2167" VPOS="1769" WIDTH="46"/>
						<String ID="P2_ST00438" HPOS="2213" VPOS="1717" WIDTH="265" HEIGHT="51" CONTENT="werthvolle" WC="0.99" CC="0005500770"/>
						<SP ID="P2_SP00375" HPOS="2478" VPOS="1769" WIDTH="47"/>
						<String ID="P2_ST00439" HPOS="2525" VPOS="1716" WIDTH="220" HEIGHT="52" CONTENT="deutsche" WC="1.00" CC="00030070"/>
						<SP ID="P2_SP00376" HPOS="2745" VPOS="1769" WIDTH="29"/>
						<String ID="P2_ST00440" HPOS="2774" VPOS="1715" WIDTH="208" HEIGHT="66" CONTENT="Anlagen" WC="0.98" CC="4660004"/>
						<SP ID="P2_SP00377" HPOS="2982" VPOS="1781" WIDTH="32"/>
						<String ID="P2_ST00441" HPOS="3014" VPOS="1715" WIDTH="130" HEIGHT="51" CONTENT="dafür" WC="0.98" CC="04700"/>
						<SP ID="P2_SP00378" HPOS="3144" VPOS="1781" WIDTH="30"/>
						<String ID="P2_ST00442" HPOS="3174" VPOS="1716" WIDTH="193" HEIGHT="69" CONTENT="opferte." WC="0.99" CC="30600601"/>
					</TextLine>
					<TextLine ID="P2_TL00065" HPOS="1810" VPOS="1797" WIDTH="1557" HEIGHT="63">
						<String ID="P2_ST00443" HPOS="1810" VPOS="1802" WIDTH="119" HEIGHT="51" CONTENT="Wer" WC="0.97" CC="042"/>
						<SP ID="P2_SP00379" HPOS="1929" VPOS="1853" WIDTH="31"/>
						<String ID="P2_ST00444" HPOS="1960" VPOS="1804" WIDTH="159" HEIGHT="48" CONTENT="immer" WC="0.99" CC="00900"/>
						<SP ID="P2_SP00380" HPOS="2119" VPOS="1853" WIDTH="47"/>
						<String ID="P2_ST00445" HPOS="2166" VPOS="1800" WIDTH="91" HEIGHT="51" CONTENT="sich" WC="0.98" CC="0007"/>
						<SP ID="P2_SP00381" HPOS="2257" VPOS="1853" WIDTH="38"/>
						<String ID="P2_ST00446" HPOS="2295" VPOS="1800" WIDTH="41" HEIGHT="51" CONTENT="in" WC="1.00" CC="00"/>
						<SP ID="P2_SP00382" HPOS="2336" VPOS="1853" WIDTH="42"/>
						<String ID="P2_ST00447" HPOS="2378" VPOS="1802" WIDTH="98" HEIGHT="49" CONTENT="eine" WC="0.99" CC="0060"/>
						<SP ID="P2_SP00383" HPOS="2476" VPOS="1853" WIDTH="31"/>
						<String ID="P2_ST00448" HPOS="2507" VPOS="1800" WIDTH="173" HEIGHT="49" CONTENT="fremde" WC="1.00" CC="020000"/>
						<SP ID="P2_SP00384" HPOS="2680" VPOS="1853" WIDTH="29"/>
						<String ID="P2_ST00449" HPOS="2709" VPOS="1799" WIDTH="296" HEIGHT="52" CONTENT="Nationalität" WC="0.99" CC="800010526804"/>
						<SP ID="P2_SP00385" HPOS="3005" VPOS="1853" WIDTH="31"/>
						<String ID="P2_ST00450" HPOS="3036" VPOS="1797" WIDTH="331" HEIGHT="63" CONTENT="hineinbettelt," WC="0.99" CC="40304350550613"/>
					</TextLine>
					<TextLine ID="P2_TL00066" HPOS="1804" VPOS="1882" WIDTH="1563" HEIGHT="68">
						<String ID="P2_ST00451" HPOS="1804" VPOS="1885" WIDTH="188" HEIGHT="61" CONTENT="erfährt," WC="0.98" CC="00705662"/>
						<SP ID="P2_SP00386" HPOS="1992" VPOS="1946" WIDTH="31"/>
						<String ID="P2_ST00452" HPOS="2023" VPOS="1886" WIDTH="103" HEIGHT="50" CONTENT="dass" WC="0.79" CC="0205"/>
						<SP ID="P2_SP00387" HPOS="2126" VPOS="1946" WIDTH="23"/>
						<String ID="P2_ST00453" HPOS="2149" VPOS="1885" WIDTH="123" HEIGHT="57" CONTENT="alles," WC="0.99" CC="524001"/>
						<SP ID="P2_SP00388" HPOS="2272" VPOS="1946" WIDTH="33"/>
						<String ID="P2_ST00454" HPOS="2305" VPOS="1902" WIDTH="93" HEIGHT="33" CONTENT="was" WC="0.97" CC="052"/>
						<SP ID="P2_SP00389" HPOS="2398" VPOS="1946" WIDTH="33"/>
						<String ID="P2_ST00455" HPOS="2431" VPOS="1885" WIDTH="64" HEIGHT="50" CONTENT="sie" WC="1.00" CC="000"/>
						<SP ID="P2_SP00390" HPOS="2495" VPOS="1946" WIDTH="29"/>
						<String ID="P2_ST00456" HPOS="2524" VPOS="1884" WIDTH="90" HEIGHT="51" CONTENT="ihm" WC="0.98" CC="040"/>
						<SP ID="P2_SP00391" HPOS="2614" VPOS="1946" WIDTH="32"/>
						<String ID="P2_ST00457" HPOS="2646" VPOS="1884" WIDTH="114" HEIGHT="51" CONTENT="auch" WC="1.00" CC="0001"/>
						<SP ID="P2_SP00392" HPOS="2760" VPOS="1946" WIDTH="33"/>
						<String ID="P2_ST00458" HPOS="2793" VPOS="1882" WIDTH="248" HEIGHT="68" CONTENT="gewähren" WC="1.00" CC="00000000"/>
						<SP ID="P2_SP00393" HPOS="3041" VPOS="1950" WIDTH="28"/>
						<String ID="P2_ST00459" HPOS="3069" VPOS="1900" WIDTH="120" HEIGHT="50" CONTENT="mag," WC="0.97" CC="0183"/>
						<SP ID="P2_SP00394" HPOS="3189" VPOS="1950" WIDTH="31"/>
						<String ID="P2_ST00460" HPOS="3220" VPOS="1884" WIDTH="147" HEIGHT="51" CONTENT="einem" WC="0.98" CC="01606"/>
					</TextLine>
					<TextLine ID="P2_TL00067" HPOS="1806" VPOS="1965" WIDTH="1350" HEIGHT="69">
						<String ID="P2_ST00461" HPOS="1806" VPOS="1970" WIDTH="220" HEIGHT="50" CONTENT="Almosen" WC="0.99" CC="7150400"/>
						<SP ID="P2_SP00395" HPOS="2026" VPOS="2020" WIDTH="35"/>
						<String ID="P2_ST00462" HPOS="2061" VPOS="1969" WIDTH="106" HEIGHT="51" CONTENT="weit" WC="0.99" CC="0122"/>
						<SP ID="P2_SP00396" HPOS="2167" VPOS="2020" WIDTH="29"/>
						<String ID="P2_ST00463" HPOS="2196" VPOS="1968" WIDTH="230" HEIGHT="50" CONTENT="ähnlicher" WC="0.99" CC="007006000"/>
						<SP ID="P2_SP00397" HPOS="2426" VPOS="2020" WIDTH="27"/>
						<String ID="P2_ST00464" HPOS="2453" VPOS="1969" WIDTH="130" HEIGHT="60" CONTENT="sieht," WC="0.99" CC="010461"/>
						<SP ID="P2_SP00398" HPOS="2583" VPOS="2029" WIDTH="32"/>
						<String ID="P2_ST00465" HPOS="2615" VPOS="1969" WIDTH="65" HEIGHT="48" CONTENT="als" WC="0.96" CC="703"/>
						<SP ID="P2_SP00399" HPOS="2680" VPOS="2029" WIDTH="32"/>
						<String ID="P2_ST00466" HPOS="2712" VPOS="1968" WIDTH="122" HEIGHT="50" CONTENT="einer" WC="1.00" CC="00002"/>
						<SP ID="P2_SP00400" HPOS="2834" VPOS="2029" WIDTH="29"/>
						<String ID="P2_ST00467" HPOS="2863" VPOS="1965" WIDTH="293" HEIGHT="69" CONTENT="Eroberung." WC="0.99" CC="0056044404"/>
					</TextLine>
					<TextLine ID="P2_TL00068" HPOS="1932" VPOS="2049" WIDTH="1434" HEIGHT="70">
						<String ID="P2_ST00468" HPOS="1932" VPOS="2054" WIDTH="157" HEIGHT="48" CONTENT="Etwas" WC="0.98" CC="04910"/>
						<SP ID="P2_SP00401" HPOS="2089" VPOS="2102" WIDTH="31"/>
						<String ID="P2_ST00469" HPOS="2120" VPOS="2051" WIDTH="118" HEIGHT="51" CONTENT="kann" WC="0.97" CC="6500"/>
						<SP ID="P2_SP00402" HPOS="2238" VPOS="2102" WIDTH="32"/>
						<String ID="P2_ST00470" HPOS="2270" VPOS="2051" WIDTH="70" HEIGHT="50" CONTENT="ein" WC="1.00" CC="000"/>
						<SP ID="P2_SP00403" HPOS="2340" VPOS="2102" WIDTH="25"/>
						<String ID="P2_ST00471" HPOS="2365" VPOS="2051" WIDTH="246" HEIGHT="50" CONTENT="deutscher" WC="1.00" CC="001000602"/>
						<SP ID="P2_SP00404" HPOS="2611" VPOS="2102" WIDTH="26"/>
						<String ID="P2_ST00472" HPOS="2637" VPOS="2049" WIDTH="269" HEIGHT="70" CONTENT="Componist" WC="0.77" CC="700005113"/>
						<SP ID="P2_SP00405" HPOS="2906" VPOS="2119" WIDTH="25"/>
						<String ID="P2_ST00473" HPOS="2931" VPOS="2049" WIDTH="129" HEIGHT="60" CONTENT="thun," WC="0.75" CC="02242"/>
						<SP ID="P2_SP00406" HPOS="3060" VPOS="2119" WIDTH="31"/>
						<String ID="P2_ST00474" HPOS="3091" VPOS="2067" WIDTH="94" HEIGHT="33" CONTENT="was" WC="0.99" CC="010"/>
						<SP ID="P2_SP00407" HPOS="3185" VPOS="2119" WIDTH="32"/>
						<String ID="P2_ST00475" HPOS="3217" VPOS="2050" WIDTH="149" HEIGHT="51" CONTENT="noch" WC="0.97" CC="4206"/>
					</TextLine>
					<TextLine ID="P2_TL00069" HPOS="1806" VPOS="2133" WIDTH="1560" HEIGHT="70">
						<String ID="P2_ST00476" HPOS="1806" VPOS="2136" WIDTH="252" HEIGHT="50" CONTENT="misslicher" WC="0.99" CC="0300260410"/>
						<SP ID="P2_SP00408" HPOS="2058" VPOS="2186" WIDTH="43"/>
						<String ID="P2_ST00477" HPOS="2101" VPOS="2136" WIDTH="74" HEIGHT="59" CONTENT="ist," WC="1.00" CC="0000"/>
						<SP ID="P2_SP00409" HPOS="2175" VPOS="2195" WIDTH="44"/>
						<String ID="P2_ST00478" HPOS="2219" VPOS="2135" WIDTH="63" HEIGHT="51" CONTENT="als" WC="0.99" CC="003"/>
						<SP ID="P2_SP00410" HPOS="2282" VPOS="2195" WIDTH="47"/>
						<String ID="P2_ST00479" HPOS="2329" VPOS="2135" WIDTH="70" HEIGHT="50" CONTENT="die" WC="1.00" CC="000"/>
						<SP ID="P2_SP00411" HPOS="2399" VPOS="2195" WIDTH="47"/>
						<String ID="P2_ST00480" HPOS="2446" VPOS="2135" WIDTH="249" HEIGHT="68" CONTENT="freiwillige" WC="1.00" CC="00000014000"/>
						<SP ID="P2_SP00412" HPOS="2695" VPOS="2203" WIDTH="42"/>
						<String ID="P2_ST00481" HPOS="2737" VPOS="2133" WIDTH="534" HEIGHT="68" CONTENT="Selbstverwälschung:" WC="0.84" CC="0016040200035041000"/>
						<SP ID="P2_SP00413" HPOS="3271" VPOS="2203" WIDTH="45"/>
						<String ID="P2_ST00482" HPOS="3316" VPOS="2152" WIDTH="50" HEIGHT="33" CONTENT="er" WC="0.83" CC="11"/>
					</TextLine>
					<TextLine ID="P2_TL00070" HPOS="1804" VPOS="2215" WIDTH="1555" HEIGHT="62">
						<String ID="P2_ST00483" HPOS="1804" VPOS="2220" WIDTH="119" HEIGHT="50" CONTENT="kann" WC="1.00" CC="0110"/>
						<SP ID="P2_SP00414" HPOS="1923" VPOS="2270" WIDTH="28"/>
						<String ID="P2_ST00484" HPOS="1951" VPOS="2237" WIDTH="48" HEIGHT="33" CONTENT="es" WC="1.00" CC="00"/>
						<SP ID="P2_SP00415" HPOS="1999" VPOS="2270" WIDTH="32"/>
						<String ID="P2_ST00485" HPOS="2031" VPOS="2219" WIDTH="93" HEIGHT="51" CONTENT="sich" WC="0.99" CC="0006"/>
						<SP ID="P2_SP00416" HPOS="2124" VPOS="2270" WIDTH="31"/>
						<String ID="P2_ST00486" HPOS="2155" VPOS="2219" WIDTH="291" HEIGHT="51" CONTENT="beikommen" WC="1.00" CC="501002001"/>
						<SP ID="P2_SP00417" HPOS="2446" VPOS="2270" WIDTH="31"/>
						<String ID="P2_ST00487" HPOS="2477" VPOS="2219" WIDTH="164" HEIGHT="58" CONTENT="lassen," WC="0.99" CC="4501033"/>
						<SP ID="P2_SP00418" HPOS="2641" VPOS="2277" WIDTH="31"/>
						<String ID="P2_ST00488" HPOS="2672" VPOS="2218" WIDTH="124" HEIGHT="49" CONTENT="seine" WC="1.00" CC="00000"/>
						<SP ID="P2_SP00419" HPOS="2796" VPOS="2277" WIDTH="31"/>
						<String ID="P2_ST00489" HPOS="2827" VPOS="2215" WIDTH="311" HEIGHT="51" CONTENT="italiänischen" WC="0.71" CC="0651604123300"/>
						<SP ID="P2_SP00420" HPOS="3138" VPOS="2277" WIDTH="33"/>
						<String ID="P2_ST00490" HPOS="3171" VPOS="2215" WIDTH="162" HEIGHT="52" CONTENT="Halbfa" SUBS_TYPE="HypPart1" SUBS_CONTENT="Halbfabricate" WC="0.65" CC="520660"/>
						<HYP HPOS="3333" VPOS="2215" WIDTH="26" CONTENT="-"/>
					</TextLine>
					<TextLine ID="P2_TL00071" HPOS="1804" VPOS="2299" WIDTH="1561" HEIGHT="53">
						<String ID="P2_ST00491" HPOS="1804" VPOS="2300" WIDTH="172" HEIGHT="52" CONTENT="bricate" SUBS_TYPE="HypPart2" SUBS_CONTENT="Halbfabricate" WC="0.68" CC="6320134"/>
						<SP ID="P2_SP00421" HPOS="1976" VPOS="2352" WIDTH="31"/>
						<String ID="P2_ST00492" HPOS="2007" VPOS="2302" WIDTH="201" HEIGHT="50" CONTENT="nachher" WC="0.99" CC="0005501"/>
						<SP ID="P2_SP00422" HPOS="2208" VPOS="2352" WIDTH="30"/>
						<String ID="P2_ST00493" HPOS="2238" VPOS="2302" WIDTH="170" HEIGHT="49" CONTENT="wieder" WC="1.00" CC="000040"/>
						<SP ID="P2_SP00423" HPOS="2408" VPOS="2352" WIDTH="32"/>
						<String ID="P2_ST00494" HPOS="2440" VPOS="2302" WIDTH="70" HEIGHT="49" CONTENT="für" WC="0.97" CC="800"/>
						<SP ID="P2_SP00424" HPOS="2510" VPOS="2352" WIDTH="29"/>
						<String ID="P2_ST00495" HPOS="2539" VPOS="2302" WIDTH="71" HEIGHT="49" CONTENT="die" WC="1.00" CC="000"/>
						<SP ID="P2_SP00425" HPOS="2610" VPOS="2352" WIDTH="33"/>
						<String ID="P2_ST00496" HPOS="2643" VPOS="2299" WIDTH="349" HEIGHT="51" CONTENT="Deutschen" WC="0.99" CC="506000008"/>
						<SP ID="P2_SP00426" HPOS="2992" VPOS="2352" WIDTH="33"/>
						<String ID="P2_ST00497" HPOS="3025" VPOS="2299" WIDTH="340" HEIGHT="52" CONTENT="herzurichten." WC="0.99" CC="5035402043034"/>
					</TextLine>
					<TextLine ID="P2_TL00072" HPOS="1927" VPOS="2383" WIDTH="1439" HEIGHT="53">
						<String ID="P2_ST00498" HPOS="1927" VPOS="2385" WIDTH="170" HEIGHT="51" CONTENT="Nicolai" WC="0.98" CC="8060250"/>
						<SP ID="P2_SP00427" HPOS="2097" VPOS="2436" WIDTH="24"/>
						<String ID="P2_ST00499" HPOS="2121" VPOS="2385" WIDTH="154" HEIGHT="51" CONTENT="verfiel" WC="1.00" CC="0000004"/>
						<SP ID="P2_SP00428" HPOS="2275" VPOS="2436" WIDTH="35"/>
						<String ID="P2_ST00500" HPOS="2310" VPOS="2385" WIDTH="115" HEIGHT="50" CONTENT="auch" WC="0.98" CC="5001"/>
						<SP ID="P2_SP00429" HPOS="2425" VPOS="2436" WIDTH="34"/>
						<String ID="P2_ST00501" HPOS="2459" VPOS="2384" WIDTH="225" HEIGHT="52" CONTENT="diesem" WC="0.99" CC="060002"/>
						<SP ID="P2_SP00430" HPOS="2684" VPOS="2436" WIDTH="32"/>
						<String ID="P2_ST00502" HPOS="2716" VPOS="2383" WIDTH="229" HEIGHT="51" CONTENT="Irrthume" WC="0.62" CC="63282500"/>
						<SP ID="P2_SP00431" HPOS="2945" VPOS="2436" WIDTH="28"/>
						<String ID="P2_ST00503" HPOS="2973" VPOS="2383" WIDTH="91" HEIGHT="49" CONTENT="und" WC="0.98" CC="040"/>
						<SP ID="P2_SP00432" HPOS="3064" VPOS="2436" WIDTH="27"/>
						<String ID="P2_ST00504" HPOS="3091" VPOS="2390" WIDTH="176" HEIGHT="42" CONTENT="musste" WC="0.75" CC="500062"/>
						<SP ID="P2_SP00433" HPOS="3267" VPOS="2436" WIDTH="23"/>
						<String ID="P2_ST00505" HPOS="3290" VPOS="2383" WIDTH="76" HEIGHT="49" CONTENT="ihn" WC="0.97" CC="240"/>
					</TextLine>
					<TextLine ID="P2_TL00073" HPOS="1804" VPOS="2464" WIDTH="1561" HEIGHT="73">
						<String ID="P2_ST00506" HPOS="1804" VPOS="2469" WIDTH="164" HEIGHT="50" CONTENT="theuer" WC="0.60" CC="570505"/>
						<SP ID="P2_SP00434" HPOS="1968" VPOS="2519" WIDTH="44"/>
						<String ID="P2_ST00507" HPOS="2012" VPOS="2486" WIDTH="155" HEIGHT="51" CONTENT="genug" WC="0.98" CC="05450"/>
						<SP ID="P2_SP00435" HPOS="2167" VPOS="2537" WIDTH="46"/>
						<String ID="P2_ST00508" HPOS="2213" VPOS="2468" WIDTH="181" HEIGHT="52" CONTENT="büssen." WC="0.77" CC="6011070"/>
						<SP ID="P2_SP00436" HPOS="2394" VPOS="2537" WIDTH="61"/>
						<String ID="P2_ST00509" HPOS="2455" VPOS="2469" WIDTH="98" HEIGHT="48" CONTENT="Aus" WC="0.97" CC="240"/>
						<SP ID="P2_SP00437" HPOS="2553" VPOS="2537" WIDTH="30"/>
						<String ID="P2_ST00510" HPOS="2583" VPOS="2468" WIDTH="159" HEIGHT="49" CONTENT="Italien" WC="0.99" CC="4550002"/>
						<SP ID="P2_SP00438" HPOS="2742" VPOS="2537" WIDTH="42"/>
						<String ID="P2_ST00511" HPOS="2784" VPOS="2464" WIDTH="367" HEIGHT="67" CONTENT="zurückgekehrt" WC="1.00" CC="5040600000706"/>
						<SP ID="P2_SP00439" HPOS="3151" VPOS="2537" WIDTH="32"/>
						<String ID="P2_ST00512" HPOS="3183" VPOS="2465" WIDTH="91" HEIGHT="51" CONTENT="und" WC="0.99" CC="001"/>
						<SP ID="P2_SP00440" HPOS="3274" VPOS="2537" WIDTH="33"/>
						<String ID="P2_ST00513" HPOS="3307" VPOS="2467" WIDTH="58" HEIGHT="49" CONTENT="im" WC="0.53" CC="09"/>
					</TextLine>
					<TextLine ID="P2_TL00074" HPOS="1804" VPOS="2549" WIDTH="1562" HEIGHT="70">
						<String ID="P2_ST00514" HPOS="1804" VPOS="2553" WIDTH="150" HEIGHT="50" CONTENT="Besitz" WC="0.98" CC="700043"/>
						<SP ID="P2_SP00441" HPOS="1954" VPOS="2603" WIDTH="47"/>
						<String ID="P2_ST00515" HPOS="2001" VPOS="2554" WIDTH="123" HEIGHT="49" CONTENT="einer" WC="1.00" CC="01000"/>
						<SP ID="P2_SP00442" HPOS="2124" VPOS="2603" WIDTH="44"/>
						<String ID="P2_ST00516" HPOS="2168" VPOS="2552" WIDTH="367" HEIGHT="51" CONTENT="einflussreichen" WC="0.99" CC="052705053040704"/>
						<SP ID="P2_SP00443" HPOS="2535" VPOS="2603" WIDTH="31"/>
						<String ID="P2_ST00517" HPOS="2566" VPOS="2550" WIDTH="343" HEIGHT="51" CONTENT="musicalischen" WC="1.00" CC="0333332000501"/>
						<SP ID="P2_SP00444" HPOS="2909" VPOS="2603" WIDTH="30"/>
						<String ID="P2_ST00518" HPOS="2939" VPOS="2549" WIDTH="229" HEIGHT="68" CONTENT="Stellung," WC="0.99" CC="260402000"/>
						<SP ID="P2_SP00445" HPOS="3168" VPOS="2617" WIDTH="43"/>
						<String ID="P2_ST00519" HPOS="3211" VPOS="2550" WIDTH="155" HEIGHT="69" CONTENT="quälte" WC="0.98" CC="360660"/>
					</TextLine>
					<TextLine ID="P2_TL00075" HPOS="1804" VPOS="2632" WIDTH="1561" HEIGHT="71">
						<String ID="P2_ST00520" HPOS="1804" VPOS="2652" WIDTH="49" HEIGHT="33" CONTENT="er" WC="0.50" CC="09"/>
						<SP ID="P2_SP00446" HPOS="1853" VPOS="2685" WIDTH="42"/>
						<String ID="P2_ST00521" HPOS="1895" VPOS="2636" WIDTH="92" HEIGHT="50" CONTENT="sich" WC="0.97" CC="7006"/>
						<SP ID="P2_SP00447" HPOS="1987" VPOS="2686" WIDTH="43"/>
						<String ID="P2_ST00522" HPOS="2030" VPOS="2636" WIDTH="263" HEIGHT="67" CONTENT="unablässig" WC="0.99" CC="0565600070"/>
						<SP ID="P2_SP00448" HPOS="2293" VPOS="2703" WIDTH="44"/>
						<String ID="P2_ST00523" HPOS="2337" VPOS="2636" WIDTH="79" HEIGHT="49" CONTENT="mit" WC="0.97" CC="900"/>
						<SP ID="P2_SP00449" HPOS="2416" VPOS="2703" WIDTH="32"/>
						<String ID="P2_ST00524" HPOS="2448" VPOS="2636" WIDTH="101" HEIGHT="49" CONTENT="dem" WC="0.99" CC="030"/>
						<SP ID="P2_SP00450" HPOS="2549" VPOS="2703" WIDTH="33"/>
						<String ID="P2_ST00525" HPOS="2582" VPOS="2633" WIDTH="264" HEIGHT="61" CONTENT="Gedanken," WC="0.99" CC="500330040"/>
						<SP ID="P2_SP00451" HPOS="2846" VPOS="2703" WIDTH="45"/>
						<String ID="P2_ST00526" HPOS="2891" VPOS="2632" WIDTH="123" HEIGHT="52" CONTENT="seine" WC="0.99" CC="00560"/>
						<SP ID="P2_SP00452" HPOS="3014" VPOS="2703" WIDTH="43"/>
						<String ID="P2_ST00527" HPOS="3057" VPOS="2633" WIDTH="308" HEIGHT="51" CONTENT="italiänischen" WC="0.89" CC="0206003000000"/>
					</TextLine>
					<TextLine ID="P2_TL00076" HPOS="1805" VPOS="2716" WIDTH="1561" HEIGHT="71">
						<String ID="P2_ST00528" HPOS="1805" VPOS="2719" WIDTH="161" HEIGHT="68" CONTENT="Opern" WC="0.99" CC="05012"/>
						<SP ID="P2_SP00453" HPOS="1966" VPOS="2787" WIDTH="33"/>
						<String ID="P2_ST00529" HPOS="1999" VPOS="2722" WIDTH="70" HEIGHT="46" CONTENT="für" WC="0.96" CC="605"/>
						<SP ID="P2_SP00454" HPOS="2069" VPOS="2787" WIDTH="27"/>
						<String ID="P2_ST00530" HPOS="2096" VPOS="2719" WIDTH="79" HEIGHT="50" CONTENT="das" WC="0.97" CC="052"/>
						<SP ID="P2_SP00455" HPOS="2175" VPOS="2787" WIDTH="33"/>
						<String ID="P2_ST00531" HPOS="2208" VPOS="2718" WIDTH="219" HEIGHT="51" CONTENT="deutsche" WC="0.99" CC="00605060"/>
						<SP ID="P2_SP00456" HPOS="2427" VPOS="2787" WIDTH="29"/>
						<String ID="P2_ST00532" HPOS="2456" VPOS="2719" WIDTH="274" HEIGHT="66" CONTENT="Repertoire" WC="1.00" CC="2000061230"/>
						<SP ID="P2_SP00457" HPOS="2730" VPOS="2787" WIDTH="46"/>
						<String ID="P2_ST00533" HPOS="2776" VPOS="2716" WIDTH="331" HEIGHT="50" CONTENT="umzuformen." WC="0.99" CC="00700400183"/>
						<SP ID="P2_SP00458" HPOS="3107" VPOS="2787" WIDTH="62"/>
						<String ID="P2_ST00534" HPOS="3169" VPOS="2717" WIDTH="117" HEIGHT="48" CONTENT="Dass" WC="1.00" CC="0000"/>
						<SP ID="P2_SP00459" HPOS="3286" VPOS="2787" WIDTH="30"/>
						<String ID="P2_ST00535" HPOS="3316" VPOS="2733" WIDTH="50" HEIGHT="32" CONTENT="er" WC="1.00" CC="00"/>
					</TextLine>
					<TextLine ID="P2_TL00077" HPOS="1807" VPOS="2798" WIDTH="1556" HEIGHT="67">
						<String ID="P2_ST00536" HPOS="1807" VPOS="2801" WIDTH="186" HEIGHT="59" CONTENT="damals," WC="0.98" CC="0906470"/>
						<SP ID="P2_SP00460" HPOS="1993" VPOS="2860" WIDTH="43"/>
						<String ID="P2_ST00537" HPOS="2036" VPOS="2803" WIDTH="42" HEIGHT="48" CONTENT="in" WC="1.00" CC="00"/>
						<SP ID="P2_SP00461" HPOS="2078" VPOS="2860" WIDTH="33"/>
						<String ID="P2_ST00538" HPOS="2111" VPOS="2803" WIDTH="149" HEIGHT="48" CONTENT="seiner" WC="1.00" CC="000000"/>
						<SP ID="P2_SP00462" HPOS="2260" VPOS="2860" WIDTH="31"/>
						<String ID="P2_ST00539" HPOS="2291" VPOS="2801" WIDTH="160" HEIGHT="50" CONTENT="besten" WC="0.98" CC="703604"/>
						<SP ID="P2_SP00463" HPOS="2451" VPOS="2860" WIDTH="35"/>
						<String ID="P2_ST00540" HPOS="2486" VPOS="2801" WIDTH="130" HEIGHT="49" CONTENT="Kraft" WC="0.99" CC="00504"/>
						<SP ID="P2_SP00464" HPOS="2616" VPOS="2860" WIDTH="33"/>
						<String ID="P2_ST00541" HPOS="2649" VPOS="2801" WIDTH="92" HEIGHT="49" CONTENT="und" WC="0.94" CC="880"/>
						<SP ID="P2_SP00465" HPOS="2741" VPOS="2860" WIDTH="32"/>
						<String ID="P2_ST00542" HPOS="2773" VPOS="2799" WIDTH="85" HEIGHT="50" CONTENT="voll" WC="0.98" CC="0234"/>
						<SP ID="P2_SP00466" HPOS="2858" VPOS="2860" WIDTH="33"/>
						<String ID="P2_ST00543" HPOS="2891" VPOS="2798" WIDTH="195" HEIGHT="51" CONTENT="schöner" WC="0.99" CC="0060005"/>
						<SP ID="P2_SP00467" HPOS="3086" VPOS="2860" WIDTH="32"/>
						<String ID="P2_ST00544" HPOS="3118" VPOS="2799" WIDTH="215" HEIGHT="66" CONTENT="Anregun" SUBS_TYPE="HypPart1" SUBS_CONTENT="Anregungen," WC="0.99" CC="4064013"/>
						<HYP HPOS="3333" VPOS="2799" WIDTH="30" CONTENT="-"/>
					</TextLine>
					<TextLine ID="P2_TL00078" HPOS="1809" VPOS="2882" WIDTH="1553" HEIGHT="69">
						<String ID="P2_ST00545" HPOS="1809" VPOS="2902" WIDTH="104" HEIGHT="49" CONTENT="gen," SUBS_TYPE="HypPart2" SUBS_CONTENT="Anregungen," WC="0.97" CC="0633"/>
						<SP ID="P2_SP00468" HPOS="1913" VPOS="2951" WIDTH="42"/>
						<String ID="P2_ST00546" HPOS="1955" VPOS="2886" WIDTH="91" HEIGHT="49" CONTENT="sich" WC="0.97" CC="0706"/>
						<SP ID="P2_SP00469" HPOS="2046" VPOS="2951" WIDTH="33"/>
						<String ID="P2_ST00547" HPOS="2079" VPOS="2885" WIDTH="122" HEIGHT="50" CONTENT="nicht" WC="0.97" CC="37063"/>
						<SP ID="P2_SP00470" HPOS="2201" VPOS="2951" WIDTH="32"/>
						<String ID="P2_ST00548" HPOS="2233" VPOS="2885" WIDTH="330" HEIGHT="50" CONTENT="entschliessen" WC="0.75" CC="2201076009000"/>
						<SP ID="P2_SP00471" HPOS="2563" VPOS="2951" WIDTH="37"/>
						<String ID="P2_ST00549" HPOS="2600" VPOS="2885" WIDTH="184" HEIGHT="55" CONTENT="konnte," WC="0.99" CC="0550032"/>
						<SP ID="P2_SP00472" HPOS="2784" VPOS="2951" WIDTH="31"/>
						<String ID="P2_ST00550" HPOS="2815" VPOS="2901" WIDTH="81" HEIGHT="32" CONTENT="aus" WC="0.94" CC="454"/>
						<SP ID="P2_SP00473" HPOS="2896" VPOS="2951" WIDTH="32"/>
						<String ID="P2_ST00551" HPOS="2928" VPOS="2882" WIDTH="207" HEIGHT="49" CONTENT="frischem" WC="0.98" CC="09070709"/>
						<SP ID="P2_SP00474" HPOS="3135" VPOS="2951" WIDTH="33"/>
						<String ID="P2_ST00552" HPOS="3168" VPOS="2900" WIDTH="194" HEIGHT="48" CONTENT="ganzem" WC="0.98" CC="030607"/>
					</TextLine>
					<TextLine ID="P2_TL00079" HPOS="1806" VPOS="2966" WIDTH="1559" HEIGHT="66">
						<String ID="P2_ST00553" HPOS="1806" VPOS="2970" WIDTH="117" HEIGHT="49" CONTENT="Holz" WC="0.96" CC="6707"/>
						<SP ID="P2_SP00475" HPOS="1923" VPOS="3019" WIDTH="31"/>
						<String ID="P2_ST00554" HPOS="1954" VPOS="2987" WIDTH="52" HEIGHT="31" CONTENT="zu" WC="0.36" CC="66"/>
						<SP ID="P2_SP00476" HPOS="2006" VPOS="3019" WIDTH="34"/>
						<String ID="P2_ST00555" HPOS="2040" VPOS="2968" WIDTH="260" HEIGHT="59" CONTENT="schneiden," WC="0.99" CC="0047060040"/>
						<SP ID="P2_SP00477" HPOS="2300" VPOS="3027" WIDTH="47"/>
						<String ID="P2_ST00556" HPOS="2347" VPOS="2968" WIDTH="198" HEIGHT="50" CONTENT="sondern" WC="0.97" CC="5488804"/>
						<SP ID="P2_SP00478" HPOS="2545" VPOS="3027" WIDTH="44"/>
						<String ID="P2_ST00557" HPOS="2589" VPOS="2985" WIDTH="47" HEIGHT="32" CONTENT="es" WC="0.45" CC="64"/>
						<SP ID="P2_SP00479" HPOS="2636" VPOS="3027" WIDTH="34"/>
						<String ID="P2_ST00558" HPOS="2670" VPOS="2984" WIDTH="184" HEIGHT="48" CONTENT="vorzog," WC="0.99" CC="0036200"/>
						<SP ID="P2_SP00480" HPOS="2854" VPOS="3032" WIDTH="44"/>
						<String ID="P2_ST00559" HPOS="2898" VPOS="2967" WIDTH="112" HEIGHT="48" CONTENT="altes" WC="0.98" CC="60403"/>
						<SP ID="P2_SP00481" HPOS="3010" VPOS="3032" WIDTH="32"/>
						<String ID="P2_ST00560" HPOS="3042" VPOS="2966" WIDTH="129" HEIGHT="66" CONTENT="Zeug" WC="0.96" CC="7019"/>
						<SP ID="P2_SP00482" HPOS="3171" VPOS="3032" WIDTH="31"/>
						<String ID="P2_ST00561" HPOS="3202" VPOS="2984" WIDTH="53" HEIGHT="31" CONTENT="zu" WC="0.54" CC="53"/>
						<SP ID="P2_SP00483" HPOS="3255" VPOS="3032" WIDTH="33"/>
						<String ID="P2_ST00562" HPOS="3288" VPOS="2966" WIDTH="58" HEIGHT="49" CONTENT="lei" SUBS_TYPE="HypPart1" SUBS_CONTENT="leimen," WC="0.97" CC="601"/>
						<HYP HPOS="3346" VPOS="2966" WIDTH="19" CONTENT="-"/>
					</TextLine>
					<TextLine ID="P2_TL00080" HPOS="1804" VPOS="3048" WIDTH="1559" HEIGHT="66">
						<String ID="P2_ST00563" HPOS="1804" VPOS="3069" WIDTH="120" HEIGHT="42" CONTENT="men," SUBS_TYPE="HypPart2" SUBS_CONTENT="leimen," WC="0.96" CC="9054"/>
						<SP ID="P2_SP00484" HPOS="1924" VPOS="3111" WIDTH="32"/>
						<String ID="P2_ST00564" HPOS="1956" VPOS="3052" WIDTH="175" HEIGHT="50" CONTENT="scheint" WC="0.99" CC="0040051"/>
						<SP ID="P2_SP00485" HPOS="2131" VPOS="3111" WIDTH="17"/>
						<String ID="P2_ST00565" HPOS="2148" VPOS="3052" WIDTH="142" HEIGHT="50" CONTENT="schon" WC="0.98" CC="00744"/>
						<SP ID="P2_SP00486" HPOS="2290" VPOS="3111" WIDTH="24"/>
						<String ID="P2_ST00566" HPOS="2314" VPOS="3051" WIDTH="69" HEIGHT="48" CONTENT="ein" WC="0.96" CC="505"/>
						<SP ID="P2_SP00487" HPOS="2383" VPOS="3111" WIDTH="28"/>
						<String ID="P2_ST00567" HPOS="2411" VPOS="3050" WIDTH="386" HEIGHT="64" CONTENT="unzweideutiges" WC="0.99" CC="07700003632007"/>
						<SP ID="P2_SP00488" HPOS="2797" VPOS="3114" WIDTH="18"/>
						<String ID="P2_ST00568" HPOS="2815" VPOS="3050" WIDTH="194" HEIGHT="48" CONTENT="Zeichen" WC="0.99" CC="0007505"/>
						<SP ID="P2_SP00489" HPOS="3009" VPOS="3114" WIDTH="27"/>
						<String ID="P2_ST00569" HPOS="3036" VPOS="3048" WIDTH="123" HEIGHT="50" CONTENT="einer" WC="0.99" CC="00603"/>
						<SP ID="P2_SP00490" HPOS="3159" VPOS="3114" WIDTH="30"/>
						<String ID="P2_ST00570" HPOS="3189" VPOS="3048" WIDTH="145" HEIGHT="50" CONTENT="schwa" SUBS_TYPE="HypPart1" SUBS_CONTENT="schwachen," WC="0.99" CC="04502"/>
						<HYP HPOS="3334" VPOS="3048" WIDTH="29" CONTENT="-"/>
					</TextLine>
					<TextLine ID="P2_TL00081" HPOS="1804" VPOS="3131" WIDTH="1562" HEIGHT="63">
						<String ID="P2_ST00571" HPOS="1804" VPOS="3136" WIDTH="132" HEIGHT="58" CONTENT="chen," SUBS_TYPE="HypPart2" SUBS_CONTENT="schwachen," WC="0.97" CC="06083"/>
						<SP ID="P2_SP00491" HPOS="1936" VPOS="3194" WIDTH="32"/>
						<String ID="P2_ST00572" HPOS="1968" VPOS="3136" WIDTH="266" HEIGHT="48" CONTENT="mühsamen" WC="0.99" CC="09015005"/>
						<SP ID="P2_SP00492" HPOS="2234" VPOS="3194" WIDTH="36"/>
						<String ID="P2_ST00573" HPOS="2270" VPOS="3135" WIDTH="293" HEIGHT="49" CONTENT="Production." WC="0.70" CC="05066001083"/>
						<SP ID="P2_SP00493" HPOS="2563" VPOS="3194" WIDTH="59"/>
						<String ID="P2_ST00574" HPOS="2622" VPOS="3135" WIDTH="82" HEIGHT="48" CONTENT="Ein" WC="0.97" CC="015"/>
						<SP ID="P2_SP00494" HPOS="2704" VPOS="3194" WIDTH="34"/>
						<String ID="P2_ST00575" HPOS="2738" VPOS="3132" WIDTH="185" HEIGHT="50" CONTENT="Freund" WC="0.99" CC="000500"/>
						<SP ID="P2_SP00495" HPOS="2923" VPOS="3194" WIDTH="36"/>
						<String ID="P2_ST00576" HPOS="2959" VPOS="3131" WIDTH="92" HEIGHT="51" CONTENT="und" WC="0.95" CC="650"/>
						<SP ID="P2_SP00496" HPOS="3051" VPOS="3194" WIDTH="32"/>
						<String ID="P2_ST00577" HPOS="3083" VPOS="3131" WIDTH="283" HEIGHT="51" CONTENT="Mitarbeiter" WC="1.00" CC="40800600000"/>
					</TextLine>
					<TextLine ID="P2_TL00082" HPOS="1801" VPOS="3215" WIDTH="1562" HEIGHT="70">
						<String ID="P2_ST00578" HPOS="1801" VPOS="3219" WIDTH="222" HEIGHT="57" CONTENT="Nicolai's," WC="0.62" CC="8003652073"/>
						<SP ID="P2_SP00497" HPOS="2023" VPOS="3276" WIDTH="19"/>
						<String ID="P2_ST00579" HPOS="2042" VPOS="3219" WIDTH="79" HEIGHT="48" CONTENT="Dr." WC="1.00" CC="000"/>
						<SP ID="P2_SP00498" HPOS="2121" VPOS="3276" WIDTH="26"/>
						<String ID="P2_ST00580" HPOS="2147" VPOS="3219" WIDTH="202" HEIGHT="66" CONTENT="Kapper," WC="1.00" CC="0500002"/>
						<SP ID="P2_SP00499" HPOS="2349" VPOS="3285" WIDTH="29"/>
						<String ID="P2_ST00581" HPOS="2378" VPOS="3216" WIDTH="199" HEIGHT="51" CONTENT="erzählte" WC="0.98" CC="01696270"/>
						<SP ID="P2_SP00500" HPOS="2577" VPOS="3285" WIDTH="14"/>
						<String ID="P2_ST00582" HPOS="2591" VPOS="3215" WIDTH="161" HEIGHT="66" CONTENT="jüngst" WC="0.98" CC="496050"/>
						<SP ID="P2_SP00501" HPOS="2752" VPOS="3285" WIDTH="26"/>
						<String ID="P2_ST00583" HPOS="2778" VPOS="3216" WIDTH="43" HEIGHT="48" CONTENT="in" WC="0.83" CC="03"/>
						<SP ID="P2_SP00502" HPOS="2821" VPOS="3285" WIDTH="27"/>
						<String ID="P2_ST00584" HPOS="2848" VPOS="3215" WIDTH="86" HEIGHT="49" CONTENT="den" WC="1.00" CC="000"/>
						<SP ID="P2_SP00503" HPOS="2934" VPOS="3285" WIDTH="27"/>
						<String ID="P2_ST00585" HPOS="2961" VPOS="3254" WIDTH="16" HEIGHT="18" CONTENT="„" WC="0.61" CC="3"/>
						<SP ID="P2_SP00504" HPOS="2977" VPOS="3285" WIDTH="19"/>
						<String ID="P2_ST00586" HPOS="2996" VPOS="3216" WIDTH="367" HEIGHT="50" CONTENT="Westermann'-" WC="0.86" CC="000603050000"/>
					</TextLine>
					<TextLine ID="P2_TL00083" HPOS="1804" VPOS="3297" WIDTH="1559" HEIGHT="66">
						<String ID="P2_ST00587" HPOS="1804" VPOS="3301" WIDTH="137" HEIGHT="51" CONTENT="schen" WC="0.86" CC="00700"/>
						<SP ID="P2_SP00505" HPOS="1941" VPOS="3352" WIDTH="33"/>
						<String ID="P2_ST00588" HPOS="1974" VPOS="3300" WIDTH="369" HEIGHT="51" CONTENT='Monatsheften"' WC="0.99" CC="0075603600367"/>
						<SP ID="P2_SP00506" HPOS="2343" VPOS="3352" WIDTH="44"/>
						<String ID="P2_ST00589" HPOS="2387" VPOS="3318" WIDTH="85" HEIGHT="30" CONTENT="von" WC="0.97" CC="024"/>
						<SP ID="P2_SP00507" HPOS="2472" VPOS="3352" WIDTH="43"/>
						<String ID="P2_ST00590" HPOS="2515" VPOS="3300" WIDTH="147" HEIGHT="48" CONTENT="dieser" WC="1.00" CC="002100"/>
						<SP ID="P2_SP00508" HPOS="2662" VPOS="3352" WIDTH="34"/>
						<String ID="P2_ST00591" HPOS="2696" VPOS="3297" WIDTH="384" HEIGHT="66" CONTENT="Umschmelzung" WC="0.59" CC="763000026579"/>
						<SP ID="P2_SP00509" HPOS="3080" VPOS="3363" WIDTH="31"/>
						<String ID="P2_ST00592" HPOS="3111" VPOS="3299" WIDTH="80" HEIGHT="48" CONTENT="des" WC="0.96" CC="900"/>
						<SP ID="P2_SP00510" HPOS="3191" VPOS="3363" WIDTH="31"/>
						<String ID="P2_ST00593" HPOS="3222" VPOS="3297" WIDTH="121" HEIGHT="50" CONTENT="italiä" SUBS_TYPE="HypPart1" SUBS_CONTENT="italiänischen" WC="0.77" CC="540003"/>
						<HYP HPOS="3343" VPOS="3297" WIDTH="20" CONTENT="-"/>
					</TextLine>
					<TextLine ID="P2_TL00084" HPOS="1802" VPOS="3381" WIDTH="1561" HEIGHT="61">
						<String ID="P2_ST00594" HPOS="1802" VPOS="3385" WIDTH="185" HEIGHT="51" CONTENT="nischen" SUBS_TYPE="HypPart2" SUBS_CONTENT="italiänischen" WC="0.75" CC="0044502"/>
						<SP ID="P2_SP00511" HPOS="1987" VPOS="3436" WIDTH="41"/>
						<String ID="P2_ST00595" HPOS="2028" VPOS="3384" WIDTH="413" HEIGHT="58" CONTENT='„Proscritto"' WC="0.71" CC="304030005573"/>
						<SP ID="P2_SP00512" HPOS="2441" VPOS="3442" WIDTH="43"/>
						<String ID="P2_ST00596" HPOS="2484" VPOS="3384" WIDTH="40" HEIGHT="47" CONTENT="in" WC="0.64" CC="07"/>
						<SP ID="P2_SP00513" HPOS="2524" VPOS="3442" WIDTH="34"/>
						<String ID="P2_ST00597" HPOS="2558" VPOS="3384" WIDTH="86" HEIGHT="48" CONTENT="den" WC="0.98" CC="004"/>
						<SP ID="P2_SP00514" HPOS="2644" VPOS="3442" WIDTH="33"/>
						<String ID="P2_ST00598" HPOS="2677" VPOS="3382" WIDTH="249" HEIGHT="50" CONTENT="deutschen" WC="0.99" CC="000760604"/>
						<SP ID="P2_SP00515" HPOS="2926" VPOS="3442" WIDTH="44"/>
						<String ID="P2_ST00599" HPOS="2970" VPOS="3381" WIDTH="393" HEIGHT="60" CONTENT='„Verbannten",' WC="0.99" CC="2044544250062"/>
					</TextLine>
					<TextLine ID="P2_TL00085" HPOS="1802" VPOS="3464" WIDTH="1560" HEIGHT="61">
						<String ID="P2_ST00600" HPOS="1802" VPOS="3469" WIDTH="92" HEIGHT="48" CONTENT="und" WC="0.98" CC="060"/>
						<SP ID="P2_SP00516" HPOS="1894" VPOS="3517" WIDTH="33"/>
						<String ID="P2_ST00601" HPOS="1927" VPOS="3467" WIDTH="264" HEIGHT="50" CONTENT="bezeichnet" WC="0.99" CC="6040402046"/>
						<SP ID="P2_SP00517" HPOS="2191" VPOS="3517" WIDTH="32"/>
						<String ID="P2_ST00602" HPOS="2223" VPOS="3467" WIDTH="62" HEIGHT="49" CONTENT="sie" WC="1.00" CC="100"/>
						<SP ID="P2_SP00518" HPOS="2285" VPOS="3517" WIDTH="36"/>
						<String ID="P2_ST00603" HPOS="2321" VPOS="3466" WIDTH="62" HEIGHT="48" CONTENT="als" WC="0.96" CC="603"/>
						<SP ID="P2_SP00519" HPOS="2383" VPOS="3517" WIDTH="33"/>
						<String ID="P2_ST00604" HPOS="2416" VPOS="3465" WIDTH="98" HEIGHT="49" CONTENT="eine" WC="0.98" CC="0073"/>
						<SP ID="P2_SP00520" HPOS="2514" VPOS="3517" WIDTH="31"/>
						<String ID="P2_ST00605" HPOS="2545" VPOS="3465" WIDTH="162" HEIGHT="49" CONTENT="Arbeit" WC="0.98" CC="707004"/>
						<SP ID="P2_SP00521" HPOS="2707" VPOS="3517" WIDTH="42"/>
						<String ID="P2_ST00606" HPOS="2749" VPOS="3484" WIDTH="116" HEIGHT="41" CONTENT="„von" WC="0.97" CC="7041"/>
						<SP ID="P2_SP00522" HPOS="2865" VPOS="3525" WIDTH="33"/>
						<String ID="P2_ST00607" HPOS="2898" VPOS="3464" WIDTH="464" HEIGHT="57" CONTENT="unbeschreiblicher," WC="0.99" CC="765060640347007000"/>
					</TextLine>
					<TextLine ID="P2_TL00086" HPOS="1802" VPOS="3546" WIDTH="1560" HEIGHT="70">
						<String ID="P2_ST00608" HPOS="1802" VPOS="3549" WIDTH="343" HEIGHT="66" CONTENT="beiderseitiger" WC="1.00" CC="30100300450003"/>
						<SP ID="P2_SP00523" HPOS="2145" VPOS="3615" WIDTH="31"/>
						<String ID="P2_ST00609" HPOS="2176" VPOS="3547" WIDTH="320" HEIGHT="69" CONTENT="Aufopferung" WC="0.98" CC="28059905869"/>
						<SP ID="P2_SP00524" HPOS="2496" VPOS="3616" WIDTH="48"/>
						<String ID="P2_ST00610" HPOS="2544" VPOS="3566" WIDTH="83" HEIGHT="32" CONTENT="von" WC="0.96" CC="027"/>
						<SP ID="P2_SP00525" HPOS="2627" VPOS="3616" WIDTH="38"/>
						<String ID="P2_ST00611" HPOS="2665" VPOS="3549" WIDTH="99" HEIGHT="48" CONTENT="Zeit" WC="0.99" CC="0006"/>
						<SP ID="P2_SP00526" HPOS="2764" VPOS="3616" WIDTH="46"/>
						<String ID="P2_ST00612" HPOS="2810" VPOS="3547" WIDTH="92" HEIGHT="50" CONTENT="und" WC="0.97" CC="070"/>
						<SP ID="P2_SP00527" HPOS="2902" VPOS="3616" WIDTH="47"/>
						<String ID="P2_ST00613" HPOS="2949" VPOS="3547" WIDTH="153" HEIGHT="58" CONTENT="Mühe," WC="0.98" CC="80104"/>
						<SP ID="P2_SP00528" HPOS="3102" VPOS="3616" WIDTH="45"/>
						<String ID="P2_ST00614" HPOS="3147" VPOS="3564" WIDTH="87" HEIGHT="33" CONTENT="von" WC="1.00" CC="000"/>
						<SP ID="P2_SP00529" HPOS="3234" VPOS="3616" WIDTH="31"/>
						<String ID="P2_ST00615" HPOS="3265" VPOS="3546" WIDTH="65" HEIGHT="50" CONTENT="An" SUBS_TYPE="HypPart1" SUBS_CONTENT="Anstrengung" WC="0.96" CC="22"/>
						<HYP HPOS="3330" VPOS="3546" WIDTH="32" CONTENT="-"/>
					</TextLine>
					<TextLine ID="P2_TL00087" HPOS="1804" VPOS="3630" WIDTH="1558" HEIGHT="70">
						<String ID="P2_ST00616" HPOS="1804" VPOS="3641" WIDTH="255" HEIGHT="59" CONTENT="strengung" SUBS_TYPE="HypPart2" SUBS_CONTENT="Anstrengung" WC="0.99" CC="045000540"/>
						<SP ID="P2_SP00530" HPOS="2059" VPOS="3700" WIDTH="30"/>
						<String ID="P2_ST00617" HPOS="2089" VPOS="3633" WIDTH="93" HEIGHT="49" CONTENT="und" WC="0.99" CC="030"/>
						<SP ID="P2_SP00531" HPOS="2182" VPOS="3700" WIDTH="27"/>
						<String ID="P2_ST00618" HPOS="2209" VPOS="3631" WIDTH="233" HEIGHT="51" CONTENT='Geduld".' WC="0.98" CC="23064940"/>
						<SP ID="P2_SP00532" HPOS="2442" VPOS="3700" WIDTH="36"/>
						<String ID="P2_ST00619" HPOS="2478" VPOS="3634" WIDTH="142" HEIGHT="47" CONTENT="Hätte" WC="0.96" CC="67173"/>
						<SP ID="P2_SP00533" HPOS="2620" VPOS="3700" WIDTH="24"/>
						<String ID="P2_ST00620" HPOS="2644" VPOS="3631" WIDTH="168" HEIGHT="50" CONTENT="Nicolai" WC="0.99" CC="7000040"/>
						<SP ID="P2_SP00534" HPOS="2812" VPOS="3700" WIDTH="34"/>
						<String ID="P2_ST00621" HPOS="2846" VPOS="3648" WIDTH="47" HEIGHT="32" CONTENT="es" WC="0.72" CC="50"/>
						<SP ID="P2_SP00535" HPOS="2893" VPOS="3700" WIDTH="33"/>
						<String ID="P2_ST00622" HPOS="2926" VPOS="3630" WIDTH="172" HEIGHT="50" CONTENT="damals" WC="0.97" CC="560774"/>
						<SP ID="P2_SP00536" HPOS="3098" VPOS="3700" WIDTH="28"/>
						<String ID="P2_ST00623" HPOS="3126" VPOS="3630" WIDTH="113" HEIGHT="50" CONTENT="über" WC="1.00" CC="0200"/>
						<SP ID="P2_SP00537" HPOS="3239" VPOS="3700" WIDTH="33"/>
						<String ID="P2_ST00624" HPOS="3272" VPOS="3630" WIDTH="90" HEIGHT="48" CONTENT="sich" WC="0.96" CC="6055"/>
					</TextLine>
					<TextLine ID="P2_TL00088" HPOS="1802" VPOS="3713" WIDTH="1561" HEIGHT="61">
						<String ID="P2_ST00625" HPOS="1802" VPOS="3716" WIDTH="254" HEIGHT="58" CONTENT="vermocht," WC="0.99" CC="000040640"/>
						<SP ID="P2_SP00538" HPOS="2056" VPOS="3774" WIDTH="47"/>
						<String ID="P2_ST00626" HPOS="2103" VPOS="3714" WIDTH="121" HEIGHT="51" CONTENT="seine" WC="0.99" CC="00044"/>
						<SP ID="P2_SP00539" HPOS="2224" VPOS="3774" WIDTH="32"/>
						<String ID="P2_ST00627" HPOS="2256" VPOS="3715" WIDTH="302" HEIGHT="50" CONTENT="italiänischen" WC="0.52" CC="0736699400507"/>
						<SP ID="P2_SP00540" HPOS="2558" VPOS="3774" WIDTH="34"/>
						<String ID="P2_ST00628" HPOS="2592" VPOS="3714" WIDTH="237" HEIGHT="49" CONTENT="Versuche" WC="0.98" CC="06057670"/>
						<SP ID="P2_SP00541" HPOS="2829" VPOS="3774" WIDTH="31"/>
						<String ID="P2_ST00629" HPOS="2860" VPOS="3713" WIDTH="131" HEIGHT="49" CONTENT="dahin" WC="0.97" CC="07727"/>
						<SP ID="P2_SP00542" HPOS="2991" VPOS="3774" WIDTH="34"/>
						<String ID="P2_ST00630" HPOS="3025" VPOS="3730" WIDTH="52" HEIGHT="32" CONTENT="zu" WC="0.33" CC="75"/>
						<SP ID="P2_SP00543" HPOS="3077" VPOS="3774" WIDTH="31"/>
						<String ID="P2_ST00631" HPOS="3108" VPOS="3713" WIDTH="130" HEIGHT="55" CONTENT="thun," WC="0.56" CC="17461"/>
						<SP ID="P2_SP00544" HPOS="3238" VPOS="3774" WIDTH="31"/>
						<String ID="P2_ST00632" HPOS="3269" VPOS="3728" WIDTH="63" HEIGHT="32" CONTENT="wo" SUBS_TYPE="HypPart1" SUBS_CONTENT="wohin" WC="0.98" CC="00"/>
						<HYP HPOS="3332" VPOS="3728" WIDTH="31" CONTENT="-"/>
					</TextLine>
					<TextLine ID="P2_TL00089" HPOS="1805" VPOS="3794" WIDTH="1558" HEIGHT="71">
						<String ID="P2_ST00633" HPOS="1805" VPOS="3799" WIDTH="72" HEIGHT="49" CONTENT="hin" SUBS_TYPE="HypPart2" SUBS_CONTENT="wohin" WC="0.96" CC="405"/>
						<SP ID="P2_SP00545" HPOS="1877" VPOS="3848" WIDTH="33"/>
						<String ID="P2_ST00634" HPOS="1910" VPOS="3800" WIDTH="63" HEIGHT="48" CONTENT="sie" WC="0.99" CC="003"/>
						<SP ID="P2_SP00546" HPOS="1973" VPOS="3848" WIDTH="33"/>
						<String ID="P2_ST00635" HPOS="2006" VPOS="3799" WIDTH="218" HEIGHT="66" CONTENT="gehören," WC="0.99" CC="00606051"/>
						<SP ID="P2_SP00547" HPOS="2224" VPOS="3865" WIDTH="32"/>
						<String ID="P2_ST00636" HPOS="2256" VPOS="3800" WIDTH="66" HEIGHT="48" CONTENT="ins" WC="0.97" CC="060"/>
						<SP ID="P2_SP00548" HPOS="2322" VPOS="3865" WIDTH="30"/>
						<String ID="P2_ST00637" HPOS="2352" VPOS="3799" WIDTH="167" HEIGHT="60" CONTENT="Feuer," WC="0.98" CC="306304"/>
						<SP ID="P2_SP00549" HPOS="2519" VPOS="3865" WIDTH="45"/>
						<String ID="P2_ST00638" HPOS="2564" VPOS="3815" WIDTH="50" HEIGHT="32" CONTENT="so" WC="0.89" CC="10"/>
						<SP ID="P2_SP00550" HPOS="2614" VPOS="3865" WIDTH="35"/>
						<String ID="P2_ST00639" HPOS="2649" VPOS="3796" WIDTH="191" HEIGHT="50" CONTENT="würden" WC="1.00" CC="011000"/>
						<SP ID="P2_SP00551" HPOS="2840" VPOS="3865" WIDTH="34"/>
						<String ID="P2_ST00640" HPOS="2874" VPOS="3796" WIDTH="83" HEIGHT="50" CONTENT="wir" WC="0.98" CC="006"/>
						<SP ID="P2_SP00552" HPOS="2957" VPOS="3865" WIDTH="34"/>
						<String ID="P2_ST00641" HPOS="2991" VPOS="3794" WIDTH="372" HEIGHT="51" CONTENT="wahrscheinlich" WC="1.00" CC="00500003265003"/>
					</TextLine>
					<TextLine ID="P2_TL00090" HPOS="1804" VPOS="3876" WIDTH="1559" HEIGHT="73">
						<String ID="P2_ST00642" HPOS="1804" VPOS="3881" WIDTH="118" HEIGHT="50" CONTENT="noch" WC="0.96" CC="6360"/>
						<SP ID="P2_SP00553" HPOS="1922" VPOS="3931" WIDTH="46"/>
						<String ID="P2_ST00643" HPOS="1968" VPOS="3883" WIDTH="100" HEIGHT="49" CONTENT="eine" WC="0.99" CC="0040"/>
						<SP ID="P2_SP00554" HPOS="2068" VPOS="3932" WIDTH="44"/>
						<String ID="P2_ST00644" HPOS="2112" VPOS="3881" WIDTH="113" HEIGHT="50" CONTENT="oder" WC="1.00" CC="0001"/>
						<SP ID="P2_SP00555" HPOS="2225" VPOS="3932" WIDTH="46"/>
						<String ID="P2_ST00645" HPOS="2271" VPOS="3881" WIDTH="109" HEIGHT="50" CONTENT="zwei" WC="0.98" CC="6010"/>
						<SP ID="P2_SP00556" HPOS="2380" VPOS="3932" WIDTH="43"/>
						<String ID="P2_ST00646" HPOS="2423" VPOS="3883" WIDTH="159" HEIGHT="66" CONTENT="Opern" WC="0.97" CC="79006"/>
						<SP ID="P2_SP00557" HPOS="2582" VPOS="3949" WIDTH="51"/>
						<String ID="P2_ST00647" HPOS="2633" VPOS="3898" WIDTH="84" HEIGHT="32" CONTENT="von" WC="0.98" CC="005"/>
						<SP ID="P2_SP00558" HPOS="2717" VPOS="3949" WIDTH="47"/>
						<String ID="P2_ST00648" HPOS="2764" VPOS="3880" WIDTH="87" HEIGHT="48" CONTENT="ihm" WC="0.95" CC="066"/>
						<SP ID="P2_SP00559" HPOS="2851" VPOS="3949" WIDTH="49"/>
						<String ID="P2_ST00649" HPOS="2900" VPOS="3879" WIDTH="218" HEIGHT="57" CONTENT="besitzen," WC="0.99" CC="016076070"/>
						<SP ID="P2_SP00560" HPOS="3118" VPOS="3949" WIDTH="45"/>
						<String ID="P2_ST00650" HPOS="3163" VPOS="3878" WIDTH="86" HEIGHT="48" CONTENT="wie" WC="0.99" CC="010"/>
						<SP ID="P2_SP00561" HPOS="3249" VPOS="3949" WIDTH="46"/>
						<String ID="P2_ST00651" HPOS="3295" VPOS="3876" WIDTH="68" HEIGHT="49" CONTENT="die" WC="1.00" CC="000"/>
					</TextLine>
					<TextLine ID="P2_TL00091" HPOS="1816" VPOS="3965" WIDTH="253" HEIGHT="66">
						<String ID="P2_ST00652" HPOS="1816" VPOS="3965" WIDTH="253" HEIGHT="66" CONTENT="„Lustigen" WC="1.00" CC="400000015"/>
						<SP ID="P2_SP00562" HPOS="2069" VPOS="4031" WIDTH="0"/>
					</TextLine>
					<TextLine ID="P2_TL00092" HPOS="1807" VPOS="4044" WIDTH="1560" HEIGHT="72">
						<String ID="P2_ST00653" HPOS="1807" VPOS="4048" WIDTH="127" HEIGHT="49" CONTENT="hatte" WC="0.98" CC="75030"/>
						<SP ID="P2_SP00563" HPOS="1934" VPOS="4097" WIDTH="42"/>
						<String ID="P2_ST00654" HPOS="1976" VPOS="4049" WIDTH="82" HEIGHT="50" CONTENT="der" WC="0.97" CC="006"/>
						<SP ID="P2_SP00564" HPOS="2058" VPOS="4099" WIDTH="31"/>
						<String ID="P2_ST00655" HPOS="2089" VPOS="4048" WIDTH="271" HEIGHT="68" CONTENT="Componist" WC="0.73" CC="100905114"/>
						<SP ID="P2_SP00565" HPOS="2360" VPOS="4116" WIDTH="43"/>
						<String ID="P2_ST00656" HPOS="2403" VPOS="4047" WIDTH="173" HEIGHT="49" CONTENT="endlich" WC="0.98" CC="2782332"/>
						<SP ID="P2_SP00566" HPOS="2576" VPOS="4116" WIDTH="35"/>
						<String ID="P2_ST00657" HPOS="2611" VPOS="4045" WIDTH="122" HEIGHT="50" CONTENT="seine" WC="0.99" CC="02060"/>
						<SP ID="P2_SP00567" HPOS="2733" VPOS="4116" WIDTH="32"/>
						<String ID="P2_ST00658" HPOS="2765" VPOS="4044" WIDTH="273" HEIGHT="51" CONTENT="italiänische" WC="0.70" CC="084039000060"/>
						<SP ID="P2_SP00568" HPOS="3038" VPOS="4116" WIDTH="32"/>
						<String ID="P2_ST00659" HPOS="3070" VPOS="4045" WIDTH="268" HEIGHT="64" CONTENT="Vergangen" SUBS_TYPE="HypPart1" SUBS_CONTENT="Vergangenheit" WC="0.99" CC="005065920"/>
						<HYP HPOS="3338" VPOS="4045" WIDTH="29" CONTENT="-"/>
					</TextLine>
					<TextLine ID="P2_TL00093" HPOS="1807" VPOS="4124" WIDTH="1560" HEIGHT="75">
						<String ID="P2_ST00660" HPOS="1807" VPOS="4130" WIDTH="91" HEIGHT="50" CONTENT="heit" SUBS_TYPE="HypPart2" SUBS_CONTENT="Vergangenheit" WC="0.96" CC="3534"/>
						<SP ID="P2_SP00569" HPOS="1898" VPOS="4180" WIDTH="31"/>
						<String ID="P2_ST00661" HPOS="1929" VPOS="4130" WIDTH="229" HEIGHT="69" CONTENT="abgethan" WC="0.59" CC="35008662"/>
						<SP ID="P2_SP00570" HPOS="2158" VPOS="4199" WIDTH="46"/>
						<String ID="P2_ST00662" HPOS="2204" VPOS="4132" WIDTH="94" HEIGHT="49" CONTENT="und" WC="0.97" CC="440"/>
						<SP ID="P2_SP00571" HPOS="2298" VPOS="4199" WIDTH="33"/>
						<String ID="P2_ST00663" HPOS="2331" VPOS="4130" WIDTH="68" HEIGHT="50" CONTENT="ein" WC="0.96" CC="614"/>
						<SP ID="P2_SP00572" HPOS="2399" VPOS="4199" WIDTH="35"/>
						<String ID="P2_ST00664" HPOS="2434" VPOS="4146" WIDTH="122" HEIGHT="31" CONTENT="zwar" WC="0.98" CC="6010"/>
						<SP ID="P2_SP00573" HPOS="2556" VPOS="4199" WIDTH="31"/>
						<String ID="P2_ST00665" HPOS="2587" VPOS="4128" WIDTH="186" HEIGHT="60" CONTENT="kleines," WC="0.99" CC="05036073"/>
						<SP ID="P2_SP00574" HPOS="2773" VPOS="4199" WIDTH="45"/>
						<String ID="P2_ST00666" HPOS="2818" VPOS="4127" WIDTH="110" HEIGHT="49" CONTENT="aber" WC="0.96" CC="6650"/>
						<SP ID="P2_SP00575" HPOS="2928" VPOS="4199" WIDTH="30"/>
						<String ID="P2_ST00667" HPOS="2958" VPOS="4124" WIDTH="286" HEIGHT="67" CONTENT="anmuthiges" WC="0.65" CC="5280442050"/>
						<SP ID="P2_SP00576" HPOS="3244" VPOS="4199" WIDTH="30"/>
						<String ID="P2_ST00668" HPOS="3274" VPOS="4125" WIDTH="93" HEIGHT="51" CONTENT="und" WC="0.97" CC="800"/>
					</TextLine>
				</TextBlock>
			</PrintSpace>
		</Page>
	</Layout>
</alto>
