3264 4429
90 4271 54 27 526

100 106 155 34 tickende
273 103 69 35 Uhr
366 102 120 42 schlug
511 101 43 32 da
579 100 64 39 ein,
670 98 52 33 ein
740 96 238 35 Benzinmotor
993 94 72 42 fing

99 170 40 23 zu
174 160 151 32 knattern
356 166 41 23 an
423 176 15 5 -
463 156 32 32 in
528 154 54 33 die
614 161 106 34 ganze
746 151 118 32 Masse
899 148 76 33 kam
1002 147 44 33 Be-

99 223 157 33 wegung,
277 212 53 32 die
345 207 330 44 Kehlkopfsöffnung
689 205 172 39 erzitterte,
881 202 184 34 erweiterte

99 268 83 39 sich,
216 267 73 33 eine
314 262 238 39 schnarrende,
588 257 313 46 grauenerregende
927 255 139 34 Stimme

99 322 145 32 ertönte:
270 338 15 5 -

167 373 193 42 „Schiehler
395 373 59 31 der
487 369 136 34 Aaemie
654 368 70 33 vier
755 376 19 23 a
809 384 16 5 -
847 385 15 5 -
894 363 173 34 Schiehler

98 430 59 32 der
181 428 136 33 Aaemie
449 423 172 35 Schiehler

166 481 149 34 Hinaus!
341 501 15 4 -
383 478 161 34 Hinaus!!

164 537 41 32 Er
230 535 224 34 durchrannte
479 533 41 33 all
555 532 54 32 die
635 530 130 43 Gänge,
804 528 105 33 durch
945 527 54 32 die
1031 534 35 25 er

96 590 202 44 gekommen
334 597 80 24 war.
451 606 15 6 -
503 585 76 34 Und
617 584 105 33 durch
760 583 53 32 die
851 590 106 34 ganze
993 580 72 33 Zeit

96 645 125 32 konnte
247 653 34 23 er
306 651 37 24 es
367 641 127 33 wieder
519 640 114 38 hören,
659 656 16 6 -
701 637 113 33 mußte
839 635 127 33 wieder
1002 635 63 32 das

95 698 214 38 Gewimmer,
329 697 61 32 das
409 691 505 37 unmenschlich-menschliche
934 686 129 36 Heulen

95 752 119 33 hören!

162 806 76 33 Und
257 815 35 23 er
308 805 126 38 rannte,
454 802 100 33 wand
568 801 73 33 sich
656 800 105 33 durch
776 800 53 32 die
843 797 220 43 schleimigen

93 860 184 40 Bordüren,
304 860 115 31 rannte
438 857 105 33 durch
562 856 54 32 die
633 853 223 43 Blutpfützen,
884 852 66 33 daß
969 852 94 32 diese

93 914 225 42 aufspritzend
354 913 56 32 ihn
444 911 57 33 mit
526 910 75 33 Blut
635 908 273 34 durchtränkten.
935 926 15 5 -
969 925 15 5 -
1022 906 41 32 Er

93 970 72 42 glitt
190 976 72 32 aus,
297 975 128 34 sprang
457 965 126 33 wieder
607 963 57 34 auf
687 983 16 6 -
720 982 16 6 -
761 963 68 33 und
856 962 86 32 nach
968 961 76 42 Jahr-

92 1023 189 33 tausenden
308 1022 75 33 kam
410 1029 34 24 er
468 1029 57 23 zur
550 1018 97 33 Türe.
675 1037 16 5 -

160 1077 43 33 Er
241 1075 147 34 befühlte
426 1075 54 32 die
513 1073 173 36 Rosttüre:
724 1072 87 33 auch
848 1072 101 31 innen
987 1069 76 33 kein

92 1131 136 40 Schloß,
255 1130 76 33 kein
357 1128 149 43 Riegel!!
556 1127 76 34 Und
659 1128 62 31 das
748 1125 216 39 Gewimmer,
1001 1123 62 33 das

91 1185 130 34 Geheul
247 1185 117 33 wurde
390 1184 117 32 immer
538 1182 114 40 lauter,
689 1180 76 33 kam
801 1181 117 31 immer
949 1179 112 39 näher,

91 1241 116 31 wurde
226 1237 237 44 abgehackter,
482 1237 116 32 wurde
612 1245 40 24 zu
667 1236 109 32 einem
792 1234 189 38 Gelächter,
1000 1232 63 33 das

91 1293 197 40 anschwoll,
313 1293 32 42 je
371 1292 94 32 mehr
489 1300 35 24 er
548 1291 98 32 raste.
673 1308 15 6 -
706 1308 16 6 -
746 1288 37 43 Je
808 1289 95 31 mehr
927 1296 35 23 er
979 1287 82 39 tobt,

89 1349 50 32 als
165 1357 34 24 er
230 1349 73 32 sich
336 1347 32 32 in
401 1347 128 32 diesem
561 1343 257 34 fürchterlichen
844 1342 127 35 Räume
1001 1350 40 33 ge-

89 1403 123 42 fangen
238 1403 72 38 sah,
338 1401 97 33 desto
461 1408 197 35 grausamer
683 1399 128 33 ertönte
837 1397 63 32 das
918 1396 142 33 Kichern

89 1457 68 33 und
183 1455 158 34 Lachen!.

273 1509 65 33 Die
374 1518 106 34 ganze
517 1507 96 34 Hölle
650 1507 117 33 schien
804 1515 40 23 zu
881 1503 138 35 lachen!
1045 1523 15 5 -

91 1564 76 35 Und
195 1566 89 32 dann
310 1564 151 43 geschah
488 1564 106 32 etwas
620 1561 234 38 Furchtbares,
887 1568 63 24 aus
983 1559 76 32 dem

87 1619 133 34 Dunkel
245 1618 134 33 tauchte
404 1618 59 33 der
480 1615 399 43 Mathematikprofessor
903 1613 66 40 auf,
996 1613 64 33 wie

87 1674 52 33 ein
164 1671 383 36 Te-Te-Heine-Teufel
573 1671 62 33 sah
661 1679 35 24 er
720 1678 72 31 aus,
825 1669 76 33 fuhr
926 1669 57 31 ihn
1017 1677 42 23 an

86 1728 69 33 und
181 1729 85 32 ätzte
291 1728 67 32 ihm
377 1726 58 33 mit
452 1726 91 33 einer
561 1724 193 44 glühenden
773 1723 121 34 Kreide
912 1723 146 33 Zeichen

86 1783 32 32 in
144 1783 54 32 die
216 1782 89 33 Haut
329 1781 68 33 und
419 1780 195 36 murmelte:
641 1798 15 5 -
675 1798 15 5 -
719 1787 85 33 „vau
823 1778 59 33 der
898 1777 141 33 fünfund-

85 1837 239 42 zwanzigsten,
336 1844 65 24 vau
413 1836 59 32 der
482 1834 384 42 fünfundzwanzigsten,
880 1841 75 24 vau.

153 1891 43 33 Er
221 1892 110 32 heulte
357 1890 56 33 auf
437 1898 60 24 vor
522 1888 160 35 Schmerz
707 1888 68 33 und
806 1888 111 31 dieser
941 1885 117 34 Teufel

85 1945 85 44 grub
206 1945 115 33 weiter
357 1945 54 32 ein
447 1944 95 33 seine
576 1944 128 42 feurige
735 1941 259 35 Schreibkreide
1026 1940 32 32 in

85 2001 72 31 sein
174 1999 129 34 weißes
317 1999 148 33 Fleisch:
494 2007 84 32 „vau
598 1998 59 33 der
673 1996 385 42 fünfundzwanzigsten,

84 2064 64 23 vau
175 2073 15 5 -
207 2074 16 5 -

155 2109 62 32 Mit
251 2108 208 33 furchtbarer
484 2106 134 34 Gewalt
652 2106 84 33 warf
773 2115 34 23 er
844 2105 73 33 sich
947 2114 110 33 gegen

85 2164 53 33 die
155 2163 69 33 Tür
240 2182 16 6 -
270 2182 15 5 -
299 2182 16 5 -
329 2182 16 5 -
362 2163 69 32 und
450 2163 54 32 die
523 2161 119 34 Klasse
660 2161 126 44 grinste
806 2161 55 32 ihn
880 2169 53 25 an.

151 2218 69 32 Der
256 2217 82 33 Herr
374 2216 179 33 Professor
593 2216 77 32 kam
712 2215 56 33 auf
808 2215 57 32 ihn
905 2224 40 23 zu
988 2215 68 31 und

87 2271 151 41 lächelte,
265 2271 151 33 lächelte.
443 2290 15 5 -
484 2270 42 33 Er
552 2270 75 33 kam
654 2270 91 32 nicht
771 2269 75 33 weil
872 2278 35 24 er
927 2268 129 40 schlief,

84 2326 64 33 wie
174 2325 125 34 konnte
317 2326 53 33 ein
388 2325 270 40 Mathematiker,
684 2325 68 33 und
779 2333 60 34 gar
859 2324 89 33 noch
967 2324 91 32 einer

85 2380 58 33 der
160 2380 83 33 über
256 2379 487 44 Versicherungsmathematik
757 2380 158 41 vorträgt,
934 2379 122 38 ahnen,

85 2435 66 33 daß
191 2434 147 43 jemand,
381 2434 53 33 ein
470 2434 146 33 Mensch
658 2434 54 33 bei
749 2434 128 33 seinem
917 2433 141 42 Vortrag

84 2488 139 34 schläft!
249 2488 96 41 Nein,
372 2488 143 33 deshalb
541 2488 76 33 kam
644 2497 35 24 er
708 2488 92 33 nicht
824 2507 16 6 -
866 2497 34 23 er
934 2486 122 34 bückte

84 2544 73 33 sich
182 2543 154 33 lächelnd
364 2544 67 32 und
458 2544 68 32 hob
559 2544 53 33 ein
644 2543 193 32 schwarzes
862 2542 95 33 Buch
991 2542 65 40 auf,

85 2599 53 32 ein
157 2598 104 40 Buch,
281 2598 62 33 das
361 2598 57 33 auf
435 2598 54 33 die
508 2598 86 33 Erde
611 2596 65 41 fiel,
695 2596 49 34 als
763 2606 34 24 er
815 2597 178 32 erwachte.
1013 2615 15 5 -
1041 2615 17 7 -

439 2669 256 37 ORCHIDEEN

532 2734 68 24 von

365 2787 179 35 GUSTAV
569 2788 200 36 MEYRINK

262 2860 78 42 „So,
366 2860 78 34 so!!
471 2880 16 5 -
513 2860 55 35 Sie
599 2860 247 44 beschäftigten
879 2861 73 33 sich
984 2860 73 34 also

85 2916 161 33 während
273 2916 59 33 der
357 2915 233 41 Mathematik,
628 2916 162 32 während
822 2916 62 33 des
915 2916 125 33 interes-

85 2972 173 31 santesten
284 2970 153 42 Kapitels
463 2970 58 33 der
546 2970 202 42 politischen
766 2969 207 41 Arithmetik,
1000 2970 59 33 der

84 3024 192 33 Todesfall-
294 3024 68 33 und
382 3023 372 45 Rentenversicherung
771 3026 59 31 mit
847 3044 15 5 -
881 3024 177 34 Botanik!!

87 3078 92 33 Mein
205 3078 129 41 Lieber,
362 3079 52 32 ich
444 3079 117 34 würde
587 3079 56 34 Sie
669 3080 77 33 dem
772 3079 105 34 Herrn
903 3079 157 34 Direktor

86 3133 144 40 melden,
249 3134 91 39 aber,
360 3133 82 32 aber
455 3132 56 35 Sie
529 3134 76 32 sind
624 3134 140 43 gestraft
780 3144 124 33 genug,
921 3134 137 43 jawohl,

87 3186 56 34 Sie
160 3188 76 32 sind
256 3188 138 42 gestraft
411 3196 125 34 genug,
556 3189 54 32 ich
627 3197 83 35 sage
724 3197 103 34 sogar
840 3189 219 43 übergenug;

87 3242 89 33 denn
213 3242 126 33 wissen
378 3241 66 42 Sie,
484 3242 55 35 Sie
577 3242 272 44 Unglücklicher,
893 3243 55 35 Sie
984 3253 57 23 ver-

87 3297 155 32 säumten
279 3297 161 33 während
473 3297 87 33 Ihrer
590 3297 142 34 Lektüre
764 3298 54 33 die
851 3307 106 34 ganze
989 3297 48 34 Ab-

87 3351 127 42 leitung
238 3351 60 33 der
323 3351 145 34 Formel:

347 3433 6 16 ,
398 3434 23 15 c
494 3407 161 42 Nx-y-Nz

318 3434 54 39 y/z
398 3434 65 32 Ex-

546 3469 54 33 Dx

93 3744 165 74 Der
307 3746 454 87 Ingenieur

88 3867 85 33 Von
198 3867 150 44 Joseph
374 3869 101 43 Aug.
501 3870 82 33 Lux

157 3956 222 41 Architekten,
417 3959 107 33 Maler
560 3960 68 33 und
667 3960 305 43 Kunstgewerbler,
1007 3962 54 34 die

90 4011 63 32 seit
178 4012 59 32 der
262 4012 95 33 Mitte
383 4013 61 33 des
480 4015 234 32 neunzehnten
738 4014 243 45 Jahrhunderts
1007 4017 56 32 auf

91 4064 58 32 der
174 4063 110 35 Suche
310 4067 87 33 nach
421 4068 77 32 dem
525 4077 109 25 neuen
659 4067 61 35 Stil
745 4078 125 31 waren,
901 4070 160 43 glaubten

91 4118 55 33 ihn
172 4119 44 32 im
242 4118 185 35 Ornament
451 4121 170 42 gefunden
647 4133 39 23 zu
712 4124 121 34 haben.

158 4173 250 34 Entscheidend
446 4176 31 32 in
515 4176 128 34 diesem
681 4178 299 44 Zusammenhang
1020 4181 43 32 ist

1150 102 62 24 nur
1237 92 63 33 das
1325 90 86 33 allen
1437 89 231 43 gemeinsame
1686 86 177 41 Merkmal,
1890 86 67 33 daß
1982 86 50 32 sie
2057 94 67 24 von

1151 148 65 31 den
1242 154 110 25 neuen
1377 143 234 36 Raumwerten
1637 142 98 33 keine
1752 141 99 33 Notiz
1875 141 157 39 nehmen,
2058 139 67 33 daß

1150 202 49 31 sie
1237 201 66 32 den
1341 207 109 24 neuen
1475 197 142 39 Weiten,
1655 196 60 32 der
1752 204 109 24 neuen
1898 194 132 39 Höhen,
2065 193 61 33 der

1150 263 110 25 neuen
1286 254 115 32 Linien
1420 252 115 33 Linien
1561 251 91 33 nicht
1670 249 162 43 begriffen
1855 249 69 32 und
1943 247 183 34 unberührt

1149 318 67 24 von
1258 308 64 33 den
1364 306 174 34 Wundern
1579 305 112 33 dieser
1731 303 118 32 Hallen
1897 302 69 33 und
2008 301 118 42 Bogen

1150 363 145 39 blieben,
1322 362 65 39 die,
1413 359 143 34 schlank
1581 358 68 33 und
1675 357 144 39 zierlich,
1846 357 279 41 phantastischen

1150 417 168 34 Gebilden
1355 416 144 42 glichen,
1538 422 109 24 neuen
1679 411 187 43 Rhythmen
1903 419 62 24 aus
1990 410 113 33 Mathe-

1150 470 103 35 matik
1277 471 68 33 und
1371 468 153 34 Technik
1549 467 161 43 geboren.

1217 525 69 34 Der
1310 523 125 43 Begriff
1468 523 62 32 des
1555 520 161 34 Schönen
1753 521 56 31 hat
1846 519 127 33 wieder
2004 519 121 33 einmal

1149 581 74 32 eine
1249 578 223 42 Umwälzung
1498 576 162 33 erfahren.
1710 574 94 33 Oder
1840 583 34 23 er
1899 574 43 32 ist
1965 572 162 33 vielmehr

1148 634 154 43 verjüngt
1327 634 68 32 und
1422 631 229 43 neugeboren,
1679 629 167 33 nachdem
1882 628 68 32 ihm
1976 628 54 32 die
2057 626 46 34 Ge-

1148 689 150 33 wonheit
1347 686 345 33 Hebammendienste
1741 683 153 43 geleistet
1942 682 66 33 hat.
2057 681 70 33 Wir

1148 744 167 42 sprechen
1357 742 99 32 heute
1496 741 109 32 schon
1645 747 68 24 von
1750 736 279 34 Meisterwerken
2067 736 59 33 der

1148 797 163 40 Technik,
1352 805 67 23 von
1460 795 59 32 der
1556 791 334 45 Ingenieurästhetik,
1928 800 67 23 von
2036 791 90 32 einer

1150 850 315 35 Eisenarchitektur.

1216 906 63 34 Die
1327 903 254 35 Meisterwerke
1630 902 59 33 der
1728 900 164 40 Technik,
1938 900 92 32 nicht
2070 899 54 33 die

1149 961 179 33 historisch
1362 959 189 42 befangene
1580 955 210 35 Architektur
1823 954 112 33 haben
1961 953 59 33 der
2053 962 49 24 mo-

1148 1016 127 33 dernen
1293 1014 72 33 Zeit
1387 1014 49 32 ihr
1455 1012 212 43 Stilgepräge
1693 1010 167 43 gegeben,
1886 1008 165 33 wodurch
2077 1008 49 32 sie

1148 1070 73 33 sich
1246 1068 104 43 völlig
1374 1077 67 24 von
1468 1067 66 33 den
1559 1066 156 32 früheren
1734 1063 251 44 Spielepochen
2013 1065 95 31 unter-

1147 1115 163 33 scheidet.

1216 1169 80 33 Also
1323 1168 86 33 auch
1447 1167 53 32 die
1526 1165 330 34 architektonischen
1894 1164 128 32 Künste
2056 1163 54 32 ein-

1147 1223 198 34 schließlich
1373 1223 61 32 des
1460 1220 290 43 Kunstgewerbes
1787 1218 205 42 empfangen
2018 1216 109 33 direkt

1147 1279 69 32 und
1243 1277 143 33 inoirekt
1410 1286 67 23 von
1504 1275 105 33 daher
1635 1275 70 32 ihre
1721 1273 141 34 formale
1881 1273 243 41 Bestimmung.

1147 1332 117 33 Direkt
1289 1331 106 33 durch
1421 1331 54 32 die
1499 1329 243 33 maschinellen
1761 1327 365 42 Herstellungsweisen

1147 1388 67 32 und
1242 1387 105 32 durch
1373 1387 54 31 die
1465 1394 108 24 neuen
1601 1383 174 33 Baustoffe
1812 1383 65 32 wie
1903 1381 94 39 Glas,
2024 1381 101 33 Eisen

1147 1442 67 33 und
1240 1441 216 33 Betoneisen.
1505 1438 147 34 Indirekt
1677 1438 107 33 durch
1810 1437 55 33 die
1891 1437 143 43 geistige
2059 1436 45 33 Be-

1145 1496 186 42 stimmung
1356 1493 216 35 hinsichtlich
1598 1493 60 33 der
1673 1491 195 35 veredelten
1887 1490 238 41 Sachlichkeit,

1146 1550 61 33 des
1234 1548 329 45 Zweckgedankens
1588 1548 70 33 und
1684 1547 60 33 der
1761 1546 285 42 Hervorkehrung
2063 1545 63 33 des

1145 1604 446 42 Konstruktionsprinzipes,
1618 1602 77 33 dem
1721 1602 61 33 wir
1813 1611 61 23 vor
1899 1601 98 33 allem
2024 1608 102 25 unser

1147 1660 226 32 ästhetisches
1398 1658 165 33 Interesse
1589 1657 325 43 entgegenbringen.

1211 1713 76 34 Wie
1313 1714 117 33 immer
1467 1713 54 32 bei
1558 1712 60 33 der
1651 1711 225 43 Entdeckung
1912 1719 110 24 neuen
2047 1710 52 33 Ma-

1143 1768 112 34 terials
1281 1766 42 35 ist
1348 1769 60 32 der
1432 1766 162 44 Vorgang
1619 1766 193 43 dergestalt,
1851 1764 68 33 daß
1945 1764 54 33 die
2025 1765 81 32 über-

1143 1823 150 33 lieferten
1312 1823 68 33 und
1395 1822 207 43 gewohnten
1619 1822 142 32 Formen
1776 1821 32 32 in
1824 1820 130 33 diesem
1969 1819 155 33 Material

1143 1878 75 33 eine
1243 1877 73 34 Zeit
1340 1877 80 44 lang
1456 1875 200 34 wiederholt
1693 1875 149 40 werden,
1879 1874 155 43 solange,
2073 1874 52 33 bis

1143 1933 54 33 die
1223 1932 227 34 immanenten
1476 1930 199 34 Stildesetze
1702 1930 63 32 des
1791 1939 111 24 neuen
1921 1928 126 34 Stoffes
2073 1938 36 24 er-

1144 1988 103 32 kannt
1272 1987 70 33 und
1361 1987 32 31 in
1411 1985 183 44 spezifisch
1618 1985 231 43 eigenartigen
1868 1983 144 34 Formen
2031 1984 93 32 ihren

1145 2041 269 33 künstlerischen
1440 2039 181 35 Ausdruck
1645 2039 127 33 finden.

1212 2097 34 32 In
1272 2096 66 33 den
1364 2097 111 32 ersten
1494 2095 140 34 Stadien
1661 2095 59 33 der
1737 2093 387 35 Eisenkonstruktionen

1143 2152 106 32 treten
1288 2149 211 34 Gußformen
1538 2149 65 41 auf,
1641 2149 55 33 die
1734 2149 60 33 der
1826 2147 299 35 Steinarchitektur

1142 2205 149 34 entlehnt
1316 2205 88 34 sind.

1210 2259 72 34 Das
1308 2259 153 43 Prestige
1486 2259 94 43 jener
1616 2258 340 33 stilnachahmenden
1994 2258 108 33 akade-

1141 2315 153 33 mischen
1319 2314 214 33 Architektur
1568 2323 72 24 war
1676 2313 178 34 immerhin
1886 2312 85 44 groß
1997 2322 124 34 genug,

1141 2369 68 33 daß
1246 2370 32 31 in
1314 2370 66 32 den
1418 2370 110 32 ersten
1564 2368 224 44 Jahrzehnten
1830 2368 62 33 des
1936 2368 187 33 modernen

1142 2424 189 40 Eisenstils,
1359 2425 87 32 etwa
1484 2424 64 33 seit
1580 2424 59 33 der
1664 2423 96 33 Mitte
1796 2423 63 33 des
1884 2424 238 32 neunzehnten

1140 2478 253 43 Jahrhunderts,
1435 2478 73 33 sich
1545 2479 87 32 auch
1674 2478 54 32 die
1768 2477 220 34 technischen
2030 2477 70 33 Kon-

1141 2533 211 34 struktionen
1379 2534 32 32 in
1438 2533 55 33 die
1518 2531 248 45 Zwangsjacke
1804 2533 60 33 der
1896 2533 226 32 historischen

1142 2588 227 35 Stilimitation
1407 2589 138 42 nötigen
1581 2587 115 34 lassen
1734 2587 123 34 mußte.
1907 2587 216 33 Technische

1142 2643 124 34 Werke
1292 2643 77 33 sind
1407 2651 63 25 aus
1507 2643 111 33 dieser
1644 2643 73 32 Zeit
1754 2641 200 41 überliefert,
1985 2641 54 33 die
2066 2641 58 33 mit

1143 2698 109 33 einem
1289 2698 142 33 solchen
1469 2697 227 33 historischen
1723 2697 218 33 Mäntelchen
1976 2697 148 41 drapiert

1141 2752 87 33 sind.
1279 2752 189 33 Historisch
1494 2752 260 33 ornamentierte
1780 2751 212 34 Gußformen
2016 2752 107 32 treten

1142 2817 43 23 an
1210 2808 65 33 den
1302 2807 186 33 modernen
1514 2806 353 34 Eisenarchitekturen
1892 2806 65 34 auf.

1210 2871 71 33 Wir
1307 2872 172 33 brauchen
1505 2879 64 25 nns
1594 2881 62 23 nur
1681 2880 42 24 an
1761 2879 121 25 unsere
1909 2871 214 39 Lichtmaste,

1142 2935 43 24 an
1222 2926 54 33 die
1314 2926 154 33 eisernen
1494 2926 216 33 Kandelaber
1747 2934 139 25 unserer
1917 2925 187 34 Straßenbe-

1142 2980 184 44 leuchtung
1363 2981 165 39 erinnern,
1568 2990 55 23 um
1662 2979 240 41 festzustellen,
1940 2980 67 32 daß
2037 2980 87 33 auch

1143 3036 71 32 hier
1249 3036 54 33 die
1340 3036 228 33 historischen
1593 3036 218 39 Zierformen,
1849 3035 63 32 das
1948 3034 157 35 Sezessio-

1143 3090 163 33 nistische
1332 3090 210 43 inbegriffen,
1570 3090 89 33 noch
1695 3090 92 33 nicht
1811 3099 60 24 vor
1896 3090 60 32 der
1982 3090 142 42 eigenen

1144 3144 209 34 natürlichen
1379 3144 152 43 Sprache
1557 3145 62 34 des
1644 3144 176 34 Materials
1846 3144 278 43 zurückgetreten

1144 3199 88 33 sind.

1213 3254 71 33 Nur
1307 3254 76 43 jene
1401 3255 222 33 technischen
1642 3254 298 39 Konstruktionen,
1960 3253 55 33 die
2033 3254 92 33 nicht

1144 3318 77 24 vom
1247 3309 216 33 Architekten
1489 3309 186 34 beeinflußt
1691 3318 127 31 waren,
1844 3309 69 33 und
1940 3309 54 33 bei
2013 3309 111 33 denen

1145 3363 59 34 der
1239 3363 177 43 Ingenieur
1451 3365 92 33 nicht
1579 3373 42 24 an
1655 3363 214 35 Architektur
1908 3373 40 24 zu
1990 3363 134 34 denken

1145 3418 148 41 brachte,
1334 3419 150 33 sondern
1525 3418 159 44 lediglich
1724 3419 131 34 seinem
1903 3419 221 33 technischen

1145 3472 188 44 Engenium
1358 3473 115 43 folgte,
1500 3473 57 33 hat
1581 3474 65 32 das
1663 3473 101 34 Eisen
1790 3474 94 33 seine
1903 3474 119 43 eigene
2046 3473 64 34 Stil-

1145 3527 145 43 sprache
1316 3527 203 40 entwickelt,
1546 3528 80 40 und,
1652 3529 90 32 ohne
1776 3528 68 33 daß
1870 3537 38 25 es
1933 3528 193 34 besonders

1145 3582 151 34 bemerkt
1321 3583 140 33 worden
1488 3583 51 40 ist,
1566 3584 74 33 eine
1677 3593 87 24 neue
1791 3584 140 42 Epoche
1962 3584 60 32 der
2046 3582 64 35 Stil-

1145 3637 229 43 entwicklung
1414 3637 263 43 herbeigeführt,
1719 3647 61 24 vor
1827 3638 104 34 deren
1973 3637 133 34 künstle-

1145 3692 144 34 rischem
1327 3693 245 42 Machtspruch
1609 3693 61 32 wir
1707 3701 64 26 uns
1803 3694 33 32 in
1861 3692 265 44 Bewunderung

1145 3747 136 42 beugen
1307 3749 149 32 müssen.

1213 3801 109 34 Dabei
1363 3801 74 34 darf
1472 3802 82 34 aber
1590 3802 92 33 nicht
1724 3803 54 33 die
1820 3803 98 43 irrige
1959 3803 167 44 Meinung

1145 3854 93 34 Platz
1271 3855 138 44 greifen,
1447 3856 68 34 daß
1553 3857 63 33 das
1653 3857 198 33 technische
1888 3857 109 34 Genie
2036 3858 89 33 ohne

1146 3909 185 37 Rücksicht
1370 3911 57 33 auf
1462 3911 55 34 die
1554 3911 207 34 ästhetische
1802 3912 83 33 oder
1924 3921 101 25 wenn
2065 3912 61 33 wir

1145 3963 134 42 wollen,
1306 3964 246 34 künstlerische
1578 3966 235 43 Erscheinung
1837 3967 152 33 arbeitet.

1213 4017 111 35 Wenn
1373 4021 88 32 auch
1509 4021 144 33 insiriert
1702 4021 106 33 durch
1857 4021 154 33 Material
2056 4021 69 33 und

1145 4071 154 35 Technik
1343 4074 42 32 ist
1426 4075 55 32 die
1521 4073 241 45 Formahnung
1802 4075 209 34 Vorläuferin
2056 4075 69 33 und

1146 4125 230 36 Pfadfinderin
1413 4128 60 33 der
1509 4129 259 34 mathematisch
1806 4131 188 32 erhärteten
2032 4129 71 34 Kon-

1147 4181 176 36 struktion.
1373 4181 77 35 Und
1477 4183 96 33 diese
1591 4184 239 44 Formahnung
1855 4185 43 33 ist
1922 4185 64 33 das
2008 4185 99 34 künst-

2210 85 142 32 lerische
2390 84 162 40 Element,
2591 84 62 33 das
2691 85 87 32 auch
2816 85 54 33 die
2909 84 274 40 Geburtsstunde

2210 139 60 33 der
2294 138 291 43 Ingenieurwerke
2611 140 131 41 segnet.

2279 191 68 34 Der
2383 192 72 32 Bau
2494 193 62 32 des
2581 192 181 34 Londoner
2799 193 285 42 Kristallpalastes
3120 205 66 26 war

2210 247 55 31 die
2291 247 87 32 erste
2405 247 234 41 konsequente
2658 246 317 41 Eisenarchitektur,
3002 257 110 34 gegen
3135 251 51 34 die

2212 299 63 34 alle
2300 299 155 33 früheren
2482 300 333 33 architektonischen
2832 301 271 43 Anwendungen
3129 303 58 35 des

2211 352 131 41 Eisens,
2368 354 65 32 wie
2472 355 33 31 in
2544 354 59 32 der
2629 354 131 42 Kuppel
2798 355 59 32 der
2882 354 252 34 Halles-au-ble
3158 357 30 34 in

2211 407 104 40 Paris,
2342 408 156 33 tastende
2523 408 173 33 Versuche
2721 409 89 40 sind,
2848 409 54 33 die
2940 410 43 32 im
3018 410 170 34 einzelnen

2210 461 139 34 stecken
2392 461 134 34 blieben
2568 463 68 32 und
2678 463 300 42 augenscheinlich
3020 473 61 24 nur
3129 465 60 34 das

2211 515 163 43 Surrogat
2411 517 59 31 der
2507 516 324 34 Holzkonstruktion
2867 518 89 33 sind.
3004 518 88 34 Aber
3124 528 65 25 von

2211 571 78 32 dem
2316 570 246 42 Kristallpalast
2587 579 63 24 aus
2675 572 159 32 schreitet
2859 572 60 32 der
2944 572 131 33 eiserne
3093 572 96 36 Riese

2212 633 68 25 nun
2307 624 58 32 mit
2390 623 387 35 Siebenmeilenstiefeln
2810 626 32 32 in
2869 626 59 33 der
2954 626 236 44 Entwicklung

2210 679 73 40 fort,
2311 679 67 32 und
2405 679 72 33 sein
2505 678 240 43 Siegerschrrtt
2771 680 32 32 in
2829 680 60 33 der
2914 680 210 34 Architektur
3151 682 40 34 ist

2211 732 260 34 unaufhaltsam.

2278 787 90 33 Aber
2405 789 68 31 erst
2510 788 54 32 die
2603 787 132 34 Pariser
2771 788 304 44 Weltausstellung
3114 799 77 26 vom

2210 840 97 43 Jahre
2352 842 85 34 1889
2477 842 100 33 schuf
2617 843 32 31 in
2691 842 60 33 der
2792 842 293 35 Maschinenhalle
3127 844 64 34 den

2211 895 143 43 größten
2394 896 187 33 Weitraum
2624 897 68 32 und
2734 897 32 32 in
2805 898 76 32 dem
2920 897 170 34 Eifelturm
3130 899 61 34 das

2210 950 120 42 größte
2356 951 133 32 eiserne
2516 950 260 43 Höhengebilde
2803 952 58 33 der
2886 951 98 35 Welt.
3035 951 83 34 Was
3138 954 53 32 die

2212 1002 422 36 Glaseisenkonstruktion
2660 1005 115 34 bisher
2792 1015 43 23 an
2853 1007 195 42 mächtigen
3067 1006 124 36 Raum-

2211 1060 68 31 und
2306 1058 284 44 Höhengebilden
2615 1060 198 43 geschaffen
2840 1061 57 32 hat
2921 1061 64 33 wie
3010 1070 61 24 vor
3093 1061 97 35 allem

2212 1112 54 33 die
2304 1113 129 42 großen
2471 1113 301 42 Bahnhofshallen,
2810 1115 99 33 weist
2945 1115 57 33 auf
3038 1116 54 33 die
3118 1116 50 33 Ma-

2211 1167 232 33 schinenhalle
2479 1168 125 33 zurück
2640 1169 50 32 als
2728 1169 57 33 auf
2825 1169 67 33 den
2928 1169 164 44 Triumph
3135 1171 58 33 der

2211 1221 162 34 Technik.

2279 1275 71 33 Nur
2375 1276 106 33 durch
2509 1277 62 32 das
2597 1277 155 33 Material
2790 1278 68 32 und
2885 1278 95 33 seine
3006 1279 168 33 Konstruk-

2210 1330 339 44 tionsbedingungen
2599 1331 136 33 können
2784 1333 61 31 wir
2893 1333 66 32 den
3007 1333 87 43 Weg
3137 1344 57 23 zur

2210 1384 176 34 Aesthetik
2411 1386 92 32 nicht
2528 1395 61 24 nur
2615 1386 62 33 des
2703 1387 212 33 Eisenbaues
2934 1388 69 32 und
3023 1388 59 33 der
3100 1390 76 31 tech-

2211 1440 143 32 nischen
2392 1439 256 42 Konstruktion,
2690 1441 151 33 sondern
2883 1442 60 32 der
2983 1441 211 35 Architektur

2211 1494 191 42 überhaupt
2427 1495 68 33 und
2523 1495 59 33 der
2608 1496 49 32 ihr
2690 1496 195 33 dienenden
2911 1496 129 33 Künste
3065 1497 127 34 finden.

2278 1548 255 35 Unwillkürlich
2569 1550 122 43 drängt
2727 1550 73 33 sich
2836 1550 126 43 jedoch
3000 1561 76 24 zum
3112 1552 62 33 Ver-

2210 1602 109 44 gleich
2346 1604 55 33 die
2427 1604 65 33 alte
2522 1603 301 35 Steinarchitektur
2855 1605 66 40 auf,
2948 1606 89 33 stellt
3062 1607 73 32 sich
3162 1608 31 32 in

2210 1658 66 33 den
2300 1658 88 43 Weg
2424 1660 69 31 und
2520 1659 192 33 verhindert
2737 1660 67 32 den
2830 1660 115 33 reinen
2972 1660 123 35 Genuß
3132 1662 62 33 des

2210 1711 172 43 Schönen,
2409 1714 63 33 das
2497 1714 74 33 sich
2597 1714 160 43 lediglich
2791 1715 33 32 in
2850 1715 59 32 der
2935 1715 236 44 Zweckmäßig-

2211 1766 77 42 keit,
2331 1768 33 33 in
2405 1769 60 33 der
2505 1768 217 34 Oekonomie
2764 1769 59 33 der
2863 1769 197 34 rationellen
3101 1770 70 33 Kon-

2210 1822 168 33 struktion
2404 1823 70 32 und
2501 1823 33 32 in
2561 1823 66 33 den
2644 1823 284 44 grundlegenden
2947 1824 247 45 Bedingungen

2211 1877 62 33 des
2298 1886 112 24 neuen
2436 1877 195 34 Baustoffes
2657 1877 177 35 offenbart.

2278 1931 64 35 Die
2367 1932 107 33 Natur
2500 1933 62 33 des
2588 1931 278 43 Steinmaterials,
2893 1934 63 32 das
2982 1943 63 23 nur
3070 1934 104 33 druck-

2209 1985 66 35 fest
2300 1987 52 40 ist,
2380 1987 57 33 hat
2464 1987 54 33 die
2535 1987 164 33 formalen
2718 1987 269 43 Möglichkeiten
3006 1989 59 33 der
3083 1988 93 34 Stein-

2210 2041 204 34 architektur
2439 2051 43 23 an
2519 2042 289 34 unabänderliche
2836 2042 144 34 Formen
3009 2043 183 43 gebunden

2210 2096 68 33 und
2305 2096 54 33 die
2384 2096 220 33 stilistischen
2630 2096 268 44 Möglichkeiten
2930 2098 168 43 begrenzt.

2277 2150 35 33 In
2353 2151 60 33 der
2454 2151 372 34 Konstruktionsweise
2867 2152 77 33 dem
2986 2152 102 33 Eisen
3130 2153 63 33 viel

2210 2206 104 33 näher
2338 2206 178 33 verwandt
2552 2206 42 32 ist
2631 2206 64 33 das
2719 2206 96 40 Holz,
2849 2207 63 32 das
2938 2216 68 23 von
3031 2207 163 33 altersher

2211 2260 58 33 mit
2317 2261 130 32 seinem
2497 2259 181 35 Gerüststil
2720 2261 63 33 das
2824 2260 139 34 Vorbild
3006 2261 190 34 rationeller

2210 2314 245 34 Konstruktion
2497 2316 45 32 im
2579 2314 196 45 Gegensatz
2815 2325 76 24 zum
2930 2315 163 35 Steinbau
3135 2326 40 33 ge-

2210 2370 105 33 bildet
2340 2370 66 34 hat.

2276 2424 57 33 Als
2359 2425 54 33 ein
2439 2424 154 34 Baustoff
2618 2425 42 33 ist
2685 2425 64 33 das
2774 2425 84 33 Holz
2884 2425 77 33 dem
2980 2425 94 34 Stein
3101 2426 76 33 inso-

2207 2478 72 34 fern
2305 2479 196 44 überlegen,
2520 2479 50 33 als
2589 2488 37 25 es
2644 2481 93 33 nicht
2761 2490 63 23 nur
2841 2480 184 41 druckfest,
3044 2481 150 33 sondern

2208 2533 124 34 druck-
2358 2535 69 32 und
2453 2534 132 44 zugfest
2608 2535 156 43 zugleich
2790 2535 51 34 ist.

2276 2597 64 34 Die
2381 2597 284 45 Ueberlegenheit
2706 2599 62 33 des
2810 2599 121 33 Eisens
2973 2599 82 33 über
3096 2599 95 33 diese

2208 2653 124 33 beiden
2357 2652 176 34 Baustoffe
2570 2653 120 34 äußert
2726 2654 74 33 sich
2838 2653 106 42 darin,
2982 2654 68 33 daß
3076 2662 38 26 es
3140 2655 54 32 die

2208 2707 265 44 Eigenschaften
2500 2708 60 33 der
2599 2708 125 34 beiden
2754 2709 150 33 anderen
2931 2709 185 40 summiert,
3142 2709 54 33 die

2209 2761 54 34 die
2290 2761 182 44 Festigkeit
2509 2763 57 33 auf
2601 2761 127 42 Druck,
2766 2763 75 43 Zug
2874 2763 70 33 und
2970 2763 157 44 Biegung
3152 2764 42 32 im

2209 2817 166 33 höchsten
2402 2817 104 33 Maße
2533 2817 120 33 besitzt
2679 2818 69 32 und
2784 2818 54 32 bei
2865 2818 60 32 der
2951 2817 242 44 Homogenität

2208 2871 111 33 seiner
2345 2870 170 35 Substanz
2540 2872 76 33 eine
2638 2871 225 34 Bildsamkeit
2888 2872 130 40 besitzt,
3046 2873 56 33 die
3129 2873 65 32 den

2208 2926 188 33 statischen
2411 2926 387 44 Formenmöglicheiten
2813 2926 98 34 keine
2925 2926 271 44 Beschränkung

2210 2980 172 44 auferlegt.

2279 3035 64 33 Die
2369 3036 187 34 statischen
2576 3036 146 34 Gesetze
2749 3036 174 35 bewirken
2942 3037 65 33 den
3026 3037 168 33 stärksten

2210 3090 151 33 äußeren
2377 3090 226 35 Unterschied
2622 3092 173 33 zwischen
2813 3092 61 33 der
2888 3092 308 33 Eisenarchitektur

2210 3145 69 33 und
2319 3145 60 33 der
2415 3145 188 35 Baukunst.
2654 3145 64 35 Die
2755 3145 360 44 Entmateralisierung
3154 3147 42 32 ist

2210 3199 54 33 die
2290 3200 107 43 große
2424 3199 146 44 Tugend
2589 3201 59 33 der
2667 3201 320 40 Eisenarchitektur,
3006 3201 93 34 uicht
3115 3201 80 33 aber

2210 3255 62 33 des
2298 3253 214 36 Steinbaues.

2278 3308 72 34 Das
2377 3309 295 44 Zusammenspiel
2711 3311 113 33 dieser
2848 3310 204 44 Bauglieder
3077 3311 119 42 erfolgt

2210 3365 146 32 zumeist
2404 3365 91 33 nicht
2543 3365 56 33 auf
2647 3366 299 33 mathematischer
2987 3365 207 43 Grundlage,

2211 3419 152 33 sondern
2389 3419 57 33 auf
2469 3419 94 43 jener
2587 3420 318 43 geheimnisvollen,
2933 3420 260 33 unerlernbaren

2210 3473 211 44 Verfassung
2446 3474 60 33 der
2531 3474 242 44 Empfindung,
2801 3474 54 34 die
2881 3475 61 32 wir
2968 3474 224 33 künstlerisch

2213 3528 217 35 bezeichnen.

2279 3582 64 34 Die
2380 3583 134 43 Kuppel
2554 3584 60 33 der
2650 3583 236 34 Peterskirche
2928 3584 43 32 ist
3012 3584 92 33 nicht
3140 3582 54 35 auf

2211 3636 119 35 Grund
2368 3648 68 23 von
2473 3638 271 43 Berechnungen
2785 3639 218 39 entstandnn,
3045 3639 147 32 sondern

2210 3692 125 44 infolge
2372 3694 92 32 einer
2500 3693 271 33 künstlerischen
2806 3693 223 42 Konzeption,
3057 3693 55 33 die
3137 3692 57 33 mit

2210 3747 210 33 instinktiver
2448 3747 194 34 Gewißheit
2667 3747 64 33 das
2756 3747 154 33 Kühnste
2935 3749 122 42 wagte.

2278 3801 97 34 Ganz
2401 3802 123 33 anders
2562 3802 43 33 ist
2631 3802 59 33 der
2714 3801 162 44 Vorgang
2910 3802 54 33 bei
2990 3802 60 33 der
3075 3803 98 32 Eisen-

2210 3857 215 34 architektur.
2476 3857 412 33 Einsenkonstruktionen
2914 3857 77 33 sind
3018 3857 93 33 nicht
3134 3865 38 34 ge-

2211 3911 91 40 baut,
2328 3912 49 33 sie
2403 3912 77 33 sind
2506 3911 193 35 berechnet.
2749 3911 129 35 Womit
2902 3912 92 32 nicht
3012 3911 180 43 geleugnet

2210 3967 139 32 werden
2388 3966 100 41 kann,
2528 3966 67 33 daß
2633 3967 87 33 auch
2759 3967 71 33 hier
2855 3967 55 32 die
2936 3965 255 43 schöpferische

2211 4020 287 44 Formenahnung
2534 4021 50 33 als
2622 4021 53 33 ein
2713 4021 292 42 gewissermaßen
3043 4019 130 34 künstle-

2210 4076 128 32 rischer
2378 4075 162 43 Vorgang
2579 4076 189 42 vorangeht
2810 4076 68 32 und
2928 4076 54 33 die
3028 4073 162 44 prüfende

2212 4128 187 44 Rechnung
2424 4130 184 43 nachfolgt.

2279 4184 174 34 Während
2492 4185 55 34 die
2584 4184 177 34 Baukunst
2796 4184 58 33 mit
2890 4185 92 32 einer
3011 4183 90 34 Fülle
3126 4191 63 25 von
