3264 4429
3133 4295 54 27 525

160 84 58 35 Die
242 79 122 34 Presse
401 77 90 33 steht
527 77 58 33 auf
618 78 78 33 dem
721 80 95 33 toten
842 80 228 46 Standpunkt,

103 141 57 37 daß
184 137 50 34 ein
260 132 155 39 Mensch,
443 131 60 33 der
528 132 71 33 ihre
625 131 196 36 käuflichen
839 135 206 37 Hebammen-

100 194 118 39 dienste
236 188 89 35 nicht
343 186 141 40 erbuhlt,
501 187 111 32 nichts
627 187 273 46 Lebensfähiges
914 193 156 34 schaffen

99 254 110 32 könne.
256 243 76 33 Hier
358 242 56 31 hat
431 241 60 39 sie,
512 241 54 34 die
585 241 129 34 überall
733 242 83 35 Pate
840 246 101 41 steht,
959 249 111 32 schon

97 307 47 34 ein
167 299 82 35 Kind
273 296 99 33 fallen
399 294 126 40 lassen,
563 296 77 33 weil
681 298 95 40 „sein
1020 303 50 32 ihr

97 360 46 34 die
166 351 164 39 Windeln,
367 357 63 25 aus
456 350 111 33 denen
595 350 50 34 sie
675 351 94 34 nicht
796 353 272 44 herauswächst,

96 417 37 31 im
339 404 183 43 beständig
551 414 56 23 um
639 405 55 33 die
721 405 116 35 Ohren
865 410 156 41 peitscht.

156 473 72 34 Und
247 470 114 33 dumm
380 468 69 33 und
470 468 129 44 unklug
616 470 57 32 hat
692 470 54 33 die
762 470 125 35 Presse
902 472 166 35 Waldens

96 529 93 38 Werk
224 525 56 33 mit
317 524 109 33 einem
461 522 144 35 solchen
632 522 196 36 Uebermaß
858 536 68 23 von
953 527 117 34 Geifer

95 582 156 44 bespritzt,
289 578 66 34 daß
393 578 108 33 selbst
525 578 88 42 jene,
649 579 56 33 die
729 588 80 24 vom
836 581 144 42 Kampfe
1006 583 62 32 des

292 642 111 35 gegen
439 632 66 34 den
544 634 133 42 ewigen
705 633 185 35 Gifthauch
922 635 126 43 Journa-

94 698 106 32 lismus
237 689 109 33 nichts
383 688 123 39 ahnen,
545 687 64 33 das
647 687 211 37 Rachewerk
894 691 172 34 erkennen

94 753 136 32 müssen.

152 799 118 38 Rudolf
294 798 133 39 Lothar,
453 798 119 32 wurde
613 798 76 41 „die
725 799 129 34 barock
882 809 183 35 grausame

94 855 191 39 Geschichte
322 852 107 34 durch
467 852 55 34 die
547 852 129 41 Musik,
715 853 56 34 die
796 854 147 34 Waiden
978 856 86 33 dazu

93 910 199 45 komponiert
433 906 221 44 empfindlich
682 910 140 42 gestört.
862 908 105 36 Diese
985 910 54 34 Mu-

92 969 52 40 sik,
169 964 84 35 stellt
278 973 33 24 er
334 963 77 41 fest,

128 1036 181 45 „schwankt
324 1035 161 34 zwischen
505 1035 267 44 aufgeblasener
790 1037 194 35 Trivialität
997 1039 70 33 and

128 1092 171 37 betulicher
331 1090 423 43 Originalitätshascherei
786 1093 33 32 in
857 1092 206 35 lärmendem

129 1146 150 38 Zickzack
291 1147 57 33 hin
364 1145 70 35 und
445 1145 68 34 her.
563 1146 126 34 Dieser
703 1146 130 44 blutige
846 1147 199 35 Dilettantis-

129 1213 69 25 mus
221 1203 44 33 ist
287 1201 80 34 noch
395 1201 65 33 viel
479 1201 255 44 grauenhafter
749 1202 53 33 als
819 1202 64 34 das
897 1202 168 35 Schicksal

127 1260 56 34 der
204 1265 113 26 armen
342 1256 73 33 drei
438 1256 206 34 Liebhaber!

146 1351 85 34 Aber
243 1348 180 35 sicherlich
437 1349 94 33 nicht
545 1349 240 43 grauenhafter
799 1350 50 33 als
863 1350 63 34 alle
938 1350 125 35 Werke

89 1408 137 35 Lothars.
275 1404 121 33 Dieser
414 1404 225 34 erbärmliche
654 1404 243 41 Feuilletonist,
917 1405 60 33 der
994 1415 68 24 von

89 1461 131 37 Libretto
245 1469 39 24 zu
301 1459 148 34 Libretto
467 1459 120 34 immer
599 1460 96 33 tiefer
709 1460 69 33 und
794 1460 269 43 unerträglicher

88 1515 111 41 abfällt,
225 1515 88 33 sieht
338 1514 153 43 blutigen
510 1514 275 34 Dilettantismus
802 1515 175 33 zwischen
986 1515 57 33 Tri-

88 1571 113 36 vialität
225 1569 69 34 und
321 1568 418 44 Originalitätshascherei
777 1570 44 33 im
848 1569 194 34 Zick-Zack-

87 1625 206 40 schwanken,
319 1634 56 23 wo
401 1624 54 34 ein
480 1623 153 44 genialer
657 1624 84 34 Blitz
778 1625 32 33 in
837 1625 64 33 das
926 1624 135 34 Dunkel

88 1684 51 33 der
160 1682 124 42 trägen,
310 1679 106 44 geist-
441 1679 71 33 und
536 1679 190 34 formlosen
745 1679 196 35 Schablone
964 1679 97 42 fährt,

88 1737 76 34 nach
188 1736 57 33 der
270 1735 99 34 heute
395 1734 63 34 alle
484 1734 120 33 Musik
628 1735 162 43 gemacht
815 1735 96 33 wird.

146 1791 118 34 Lothar
277 1790 43 33 ist
333 1790 88 33 auch
437 1789 77 34 kein
527 1789 267 34 Musikkritiker.
821 1790 92 33 Aber
927 1790 114 33 immer-

87 1849 49 33 hin
160 1848 40 32 ist
222 1846 51 33 für
297 1846 57 32 ihn
372 1844 167 35 Waldens
565 1845 244 42 Komposition
835 1845 127 41 Musik,
988 1853 75 25 was

88 1903 43 33 sie
153 1902 48 33 für
235 1900 176 43 Johannes
444 1899 142 34 Döbber
621 1900 92 33 nicht
751 1900 50 34 ist.
853 1900 42 33 Er
931 1901 57 32 hat
1025 1909 38 24 es

87 1957 195 44 wenigstens
300 1955 93 34 nicht
411 1955 146 34 erhören
573 1955 149 34 können.
750 1955 122 34 Dieser
887 1955 176 44 Johannes

89 2013 49 33 hat
171 2012 57 33 der
259 2011 231 33 sadistischen
516 2009 140 35 Salome
681 2011 250 34 Theaterkritik
967 2012 95 34 seine

89 2067 102 34 Ohren
216 2067 106 33 selbst
347 2065 167 45 geopfert,
541 2076 57 23 um
625 2067 94 32 nicht
744 2068 108 32 etwas
879 2066 123 34 kaufen
1021 2076 39 24 zu

87 2126 137 37 müssen,
250 2122 63 33 das
332 2122 78 33 dem
426 2120 138 44 Dogma
583 2122 61 32 der
661 2121 181 44 allgemein
861 2122 199 40 modernen,

87 2176 361 35 leichtverständlichen
484 2176 70 33 und
590 2176 170 33 beliebten
787 2176 273 33 Schmalzmusik

87 2232 219 33 zuwiderläuft
323 2232 69 33 und
418 2241 69 24 von
506 2231 112 34 denen
636 2232 74 33 sich
729 2232 193 42 überhaupt
939 2232 120 42 „jedes

88 2287 115 34 normal
219 2287 169 44 gebildete
404 2286 73 34 Ohr
494 2287 59 32 mit
572 2286 197 35 Schrecken
790 2287 68 33 und
877 2286 181 35 Entsetzen

88 2343 176 33 abwenden
412 2342 72 34 Nur
498 2342 99 34 keine
607 2341 217 44 Traurigkeit
837 2342 221 34 aufkommen

87 2397 111 42 lassen,
223 2406 40 25 so
289 2397 106 35 denkt
420 2397 142 44 Kollege
588 2397 138 44 Lusztig
755 2397 70 33 und
852 2397 64 33 das
941 2397 94 34 Wich-

87 2453 89 42 tigste
200 2453 42 34 ist
265 2453 52 33 für
342 2453 57 33 ihn
426 2453 54 33 die
686 2453 55 33 die
759 2452 114 34 Truhe
899 2453 158 40 nämlich,

87 2507 27 33 in
138 2508 55 33 der
217 2508 53 33 die
296 2508 71 33 drei
393 2508 192 33 Liebhaber
610 2508 61 32 der
697 2507 164 34 Fiametta
887 2507 171 34 ersticken

87 2565 136 32 müssen.
272 2562 76 35 Und
367 2563 78 33 weil
463 2563 75 33 sich
553 2563 182 33 Fiamettas
750 2561 113 43 Gatte,
891 2572 55 24 um
961 2563 97 33 seine

86 2617 62 33 drei
172 2617 134 34 Rivalen
331 2627 40 24 zu
397 2619 104 39 töten,
528 2617 57 34 auf
611 2618 60 33 der
695 2617 115 34 Truhe
837 2618 109 41 wälzt,
973 2619 86 32 setzt

85 2672 65 33 sich
165 2672 142 35 Waiden
333 2673 57 34 auf
407 2674 197 33 Beethoven
632 2674 71 33 und
722 2672 139 35 erstickt
879 2673 67 33 ihn.
981 2672 77 34 Den

85 2734 103 26 armen
213 2727 215 36 Beethoven!
478 2728 72 34 Das
576 2728 116 33 macht
710 2738 35 24 er
762 2729 44 32 im
825 2728 232 33 Konzertsaal.

85 2780 39 33 Im
148 2782 140 34 Theater
313 2784 56 33 hat
394 2784 95 33 seine
516 2782 118 34 Musik
659 2792 63 24 nur
747 2784 69 33 erst
840 2784 75 33 eine
931 2782 107 34 Panto-

85 2836 91 33 mime
201 2840 154 41 erwürgt,
395 2847 61 33 „so
494 2839 66 33 wie
598 2839 60 33 der
696 2838 212 34 betrunkene
933 2837 126 34 Bettler

85 2891 49 32 die
158 2892 67 34 drei
243 2893 189 33 Liebhaber
458 2894 60 33 der
536 2893 165 34 Fiametta
993 2891 65 35 Die

84 2944 219 38 Trunkenheit
327 2949 91 33 hatte
436 2948 116 34 Urban
579 2950 60 32 mit
664 2949 78 33 dem
760 2948 126 34 Bettler
911 2948 145 43 gemein.

85 2999 37 33 Er
145 3001 39 33 ist
202 3003 80 33 über
309 3004 88 41 „den
417 3003 154 34 brutalen
586 3003 117 35 Schrei
723 3004 61 33 der
800 3003 257 43 starknervigen

351 3058 217 44 hingefallen.
618 3057 69 35 Der
713 3057 124 35 Bettler
874 3057 186 35 erdrosselt

85 3109 49 33 die
147 3110 140 35 Leichen
313 3114 59 32 der
398 3114 71 33 drei
487 3113 191 33 Liebhaber
703 3123 87 33 ganz
816 3112 114 44 gewiß
955 3112 104 33 nicht.

85 3161 65 36 Das
173 3168 88 33 wäre
285 3176 40 25 so
350 3178 67 23 von
444 3167 196 41 Ueberfluß,
670 3168 65 33 wie
774 3176 37 25 es
840 3168 75 40 „die
941 3166 119 34 Musik

85 3218 49 41 ist,
158 3221 52 34 die
234 3222 142 35 Waiden
402 3233 39 23 zu
469 3224 60 32 der
548 3223 212 33 Pantomime
788 3223 144 32 machen

85 3272 88 36 Nach
213 3277 57 33 der
306 3278 167 43 Meinung
521 3278 62 33 des
619 3277 338 34 Theaterreferenten
999 3276 60 33 der

89 3328 206 41 „Deutschen
669 3333 121 33 Dieser
828 3332 82 33 Herr
946 3330 112 34 leitete

86 3384 86 34 seine
198 3386 101 34 Kritik
324 3397 40 24 so
390 3389 70 34 ein:

195 3467 99 35 Wenn
320 3471 53 33 die
397 3471 128 34 Linden
552 3470 186 43 abgeblüht
763 3469 109 33 haben
906 3467 70 35 und
1006 3467 54 34 die

121 3519 125 44 jungen
271 3524 194 35 Schwalben
503 3525 187 43 anfangen,
729 3533 63 24 von
830 3523 61 34 der
913 3523 147 35 Scheune

125 3584 61 25 zur
221 3577 264 45 Teppichstange
524 3579 327 44 hinüberzufliegen,
903 3578 155 34 kommen

127 3630 57 33 mit
221 3633 118 34 ebenso
377 3634 132 42 großer
541 3634 185 35 Sicherheit
765 3634 60 33 wie
861 3633 53 33 die
951 3634 107 32 ersten

127 3692 99 27 neuen
251 3688 196 44 Kartoffeln
485 3690 54 33 die
564 3689 226 34 Heldentaten
823 3688 61 33 der
906 3687 157 33 Berliner

127 3737 346 40 Sommerdirektoren.
536 3744 59 33 Ihr
628 3744 78 33 Mut
740 3744 45 33 Ist
823 3742 235 42 unbesiegbar,

128 3794 58 32 mit
207 3794 72 34 dem
305 3798 47 32 sie
378 3798 65 33 alle
459 3799 108 43 Jahre
592 3807 63 24 von
673 3807 117 24 neuem
809 3798 63 33 das
891 3796 89 35 Geld
997 3795 66 44 für

129 3846 87 35 ihren
240 3849 109 37 Ruhm
375 3852 215 43 aufbringen.

150 3918 69 36 Das
236 3921 399 47 Schmarotzergewächs
661 3927 59 32 der
743 3925 199 34 Dummheit
968 3925 90 33 kann

90 3971 133 37 niemals
248 3978 181 42 abblühen,
456 3981 69 31 und
552 3989 37 25 es
611 3981 150 32 könnten
780 3981 70 32 drei
870 3979 190 34 Liebhaber

89 4033 38 24 an
153 4028 75 35 dem
247 4030 106 36 Staub
380 4034 58 32 der
464 4034 218 34 Gemeinheit
707 4034 179 40 ersticken,
912 4034 60 34 der
997 4041 62 25 aus

91 4079 60 34 den
165 4082 77 36 Leib
257 4087 93 33 eines
364 4087 149 34 Berliner
526 4088 306 33 Theaterkritikers
849 4099 40 22 zu
909 4088 148 42 klopfen,

91 4133 48 33 ein
164 4136 197 46 betrogener
379 4141 127 34 Pierrot
531 4144 102 32 ihnen
658 4153 58 22 zur
732 4142 110 34 Strafe
864 4143 194 42 auferlegen

91 4190 120 35 würde.
259 4193 77 35 Und
363 4197 42 31 da
432 4197 71 32 sich
539 4198 60 31 der
624 4197 142 32 Kritiker
792 4198 46 31 M.
865 4196 52 33 W.
948 4198 109 31 schon

1157 89 123 34 einmal
1294 90 33 34 in
1336 90 199 45 Vergleiche
1549 95 171 34 zwischen
1736 97 64 33 den
1813 97 135 34 Betrieb
1962 99 60 33 der
2031 99 106 33 Natur

1157 143 43 33 im
1223 144 163 42 Frühjahr
1410 148 68 32 und
1506 148 67 33 den
1598 149 76 34 Mut
1699 151 60 33 der
1783 150 352 37 Sommerdirektoren

1156 198 208 43 rettungslos
1404 202 153 33 verloren
1599 204 66 40 hat,
1708 207 104 31 nennt
1853 215 33 24 er
1927 207 54 33 die
2018 207 117 34 Musik

1155 259 58 24 zur
1247 252 281 40 „Verwandelten
1724 258 294 36 Blätterrauschen
2065 263 68 32 und

1156 303 274 46 Herdengeläute
1460 311 69 32 und
1567 311 54 34 die
1658 312 241 36 Walden'sche
1936 315 180 35 Backfisch-

1155 358 145 42 geläute.

1224 412 77 35 Und
1343 416 114 35 dieses
1496 419 317 46 Backfischgeläute
1855 423 63 33 soll
1969 426 146 40 „mißver-

1154 468 186 35 standener
1358 470 144 36 Richard
1521 473 122 35 Strauß
1826 478 74 34 Wie
1932 480 114 43 wenig
2078 480 58 33 tief

1155 522 79 32 muß
1261 524 55 33 die
1334 524 220 38 Strauß'sche
1573 530 116 33 Musik
1714 532 83 37 sein,
1823 542 100 23 wenn
1949 534 50 33 sie
2025 535 109 32 schon

1154 574 140 37 Landau
1322 579 164 44 begriffen
1513 584 67 33 hat.
1628 585 161 34 Welches
1807 586 143 44 Wagnis
1975 588 105 34 bleibt
2097 597 38 25 es

1155 630 118 35 darum
1293 636 88 32 auch
1399 645 66 24 von
1485 638 156 41 Waiden,
1661 640 75 33 eine
1750 640 117 34 Musik
1884 652 40 23 zu
1943 643 190 40 schreiben,

1153 685 77 40 „die
1256 687 33 33 in
1315 690 126 42 grellen
1468 692 206 35 Harmonien
1712 696 69 32 und
1811 696 230 43 rythmischen
2067 698 45 33 Zu-

1152 742 186 44 mutungea
1364 746 177 44 schweigt.

1221 795 145 37 Solches
1394 800 103 34 bleibt
1515 802 145 44 blutiger
1677 803 282 44 Dilettantismus,
1987 808 54 32 ein
2059 809 56 32 uni-

1151 851 151 33 versales
1328 852 407 47 Schweißtreibe-Mittel,
1769 861 267 42 unerträgliches
2062 861 46 35 Ge-

1150 905 124 34 räusch
1301 909 67 32 und
1388 910 105 33 vieles
1511 912 125 34 andere
1655 912 228 37 Grauenvolle
1901 917 104 40 mehr,
2032 927 99 24 wenn

1150 967 78 26 man
1265 962 56 33 die
1348 962 121 36 Presse
1504 966 92 34 nicht
1630 968 77 41 (wie
1734 968 143 36 Richard
1904 969 137 47 Strauß)
2077 982 58 24 zur

1149 1013 147 45 willigen
1310 1016 169 36 Freundin
1490 1021 67 40 hat,
1575 1031 100 24 wenn
1696 1032 78 24 man
1800 1025 74 33 sich
1902 1026 95 34 diese
2021 1028 94 42 tyran-

1150 1068 119 35 nische
1284 1070 212 38 Großmacht
1514 1076 92 33 nicht
1623 1077 172 35 sklavisch
1814 1080 169 34 hündisch
2002 1081 113 34 dienst-

1151 1122 60 34 bar
1224 1126 124 40 macht,
1374 1137 101 25 wenn
1494 1139 77 23 man
1590 1132 56 32 die
1661 1132 122 34 Lehrer
1802 1134 112 34 dieser
1931 1134 125 35 Schule
2074 1138 60 32 der

1150 1178 264 47 Verdummung,
1448 1184 55 34 die
1528 1194 78 24 vom
1633 1185 143 36 Denken
1813 1189 216 43 dispensiert,
2064 1192 68 42 (ich

1148 1232 92 35 zitire
1267 1235 168 44 Flaubert)
1460 1240 202 43 verprügelt,
1700 1251 99 25 wenn
1834 1253 78 24 man
1938 1246 73 33 sich
2037 1246 94 34 diese

1149 1287 91 35 Hure
1265 1299 78 25 vom
1371 1291 101 35 Leibe
1498 1294 79 40 hält,
1604 1305 56 23 um
1686 1296 92 34 nicht
1803 1307 42 23 an
1884 1298 92 34 einer
2001 1301 112 33 unheil-

1150 1342 104 34 baren
1273 1343 150 45 Syphilis
1449 1348 63 33 des
1529 1348 260 37 Geschmackes
1814 1362 39 23 zu
1879 1354 193 36 verrecken.
2091 1376 37 4 —

1216 1407 99 35 Noch
1341 1410 83 33 eins.
1475 1412 106 44 Möge
1608 1414 62 33 das
1696 1415 63 33 Nei
1766 1418 194 42 vensystem
1983 1418 145 42 Urbans,

1148 1462 64 32 das
1239 1463 106 34 durch
1379 1465 55 33 die
1460 1467 231 35 Waldensche
1730 1470 118 34 Musik
1881 1480 41 25 so
1951 1474 180 41 gründlich

1148 1518 142 32 zerstört
1314 1520 128 40 wurde,
1479 1522 73 33 sich
1579 1522 77 34 bald
1683 1525 129 33 wieder
1841 1527 149 41 erholen,
2027 1528 104 34 damit

1148 1580 35 24 er
1207 1571 52 33 für
1284 1573 63 32 das
1365 1573 382 48 Weihnachtsgeschäft
1772 1580 60 33 der
1850 1580 107 34 Firma
1977 1581 152 43 Ullstein,

1148 1626 32 32 in
1207 1626 105 34 deren
1332 1628 166 35 Diensten
1524 1641 36 24 er
1583 1632 75 34 sich
1675 1634 111 33 schon
1804 1635 51 33 als
1873 1635 133 34 Doktor
2023 1637 108 34 durch

1148 1681 54 33 die
1229 1681 224 46 Herausgabe
1481 1686 94 34 eines
1601 1688 230 35 Kochbuches
1858 1691 98 33 einen
1983 1691 63 36 Ruf
2080 1692 50 33 als

1147 1736 257 36 Musikkritiker
1429 1742 180 33 erworben
1636 1743 66 40 hat,
1729 1745 119 33 seinen
1874 1755 130 33 ganzen
2023 1747 106 33 Mann

1147 1791 120 34 stellen
1293 1792 101 36 kann.

1786 1799 153 43 Joseph
1965 1801 122 33 Adler

1144 2049 441 123 [Illegible]

1143 2222 86 33 Von
1256 2222 206 35 Hermann
1490 2225 109 34 Koch

1214 2305 127 41 „Aberr
1356 2305 163 37 Rrruheü
1546 2309 82 32 Man
1646 2311 150 33 versteht
1813 2310 33 43 ja
1865 2311 77 33 kein
1956 2311 112 34 Wort!
2088 2332 41 7 --

1143 2358 57 35 Sie
1225 2380 15 5 -
1265 2361 165 34 zeichnen
1467 2361 57 35 Sie
1561 2363 113 34 nicht!
1712 2384 16 5 -
1765 2363 96 35 Groß
1899 2366 36 40 E,
1973 2366 153 43 Ypsilon,

1142 2413 111 35 Strich
1270 2415 61 34 Zet
1352 2434 14 8 -
1383 2436 16 6 -
1404 2419 15 15 w
1448 2418 69 32 und
1536 2418 63 33 das
1617 2419 83 43 ging
1717 2428 40 25 so
1775 2419 74 41 fort,
1875 2421 250 42 unaufhörlich,

1143 2469 70 33 und
1239 2470 107 34 durch
1373 2472 62 33 das
1453 2481 106 34 graue
1578 2473 253 42 Dämmerlicht,
1858 2476 64 33 das
1947 2476 107 34 durch
2072 2478 55 33 die

1143 2525 97 33 trübe
1254 2525 249 35 Milchscheibe
1522 2528 113 40 brach,
1667 2530 62 31 sah
1748 2538 77 24 man
1844 2530 58 33 auf
1919 2530 59 34 der
1991 2533 137 42 staubig

1143 2587 128 35 grauen
1283 2579 95 34 Tafel
1390 2581 111 34 weiße
1512 2582 252 44 Hieroglyphen
1774 2584 142 34 endlose
1927 2584 136 36 Reihen.
2076 2606 51 7 —

1333 2634 75 35 Den
1446 2638 96 32 roten
1580 2638 79 33 Bart
1695 2639 102 33 strich
1837 2639 73 34 sich
1949 2641 60 33 der
2045 2641 83 35 Herr

1144 2688 188 43 Professor,
1383 2692 330 43 mephistophelisch
1762 2694 156 43 glänzten
1959 2705 61 23 vor
2061 2697 44 33 Be-

1143 2744 199 44 geisterung
1375 2746 97 33 seine
1506 2749 130 40 grünen
1672 2747 120 45 Augen
1829 2751 67 31 und
1936 2751 60 33 der
2028 2752 99 33 weite

1143 2798 110 34 Mund
1289 2801 75 41 spie
1397 2801 98 33 einen
1533 2811 111 25 neuen
1677 2802 111 34 Strom
1823 2805 303 35 mathematischen

1143 2852 189 36 Schwefels
1488 2876 16 6 -
1530 2857 63 34 das
1628 2858 43 33 ist
1703 2859 116 33 weiter
1850 2859 112 43 gleich
1996 2860 110 35 Bruch-

1142 2909 104 33 strich
1272 2929 15 5 -

1344 2965 45 33 Es
1427 2975 71 23 war
1534 2966 253 34 wundervoll!!
1835 2989 17 5 -
1877 2988 16 6 -
1928 2969 198 36 Rückwärts

1145 3019 153 42 kopierte
1336 3020 52 32 ein
1427 3020 150 43 genialer
1614 3021 161 34 Komiker
1812 3023 55 33 die
1909 3025 215 44 ehrwürdige

1145 3073 141 34 Stimme
1328 3075 62 32 des
1432 3074 106 34 Herrn
1580 3075 197 36 Direktors:
1829 3077 196 41 „Schiehler
2065 3081 61 32 der

1143 3128 139 34 Aaemie
1307 3129 71 33 vier
1402 3139 19 22 a
1446 3149 16 5 -
1546 3129 195 42 „Schiehler
1766 3132 60 33 der
1849 3132 148 34 Aaemie.
2023 3154 16 5 -

1213 3182 106 34 Diese
1344 3183 165 34 Imitation
1537 3186 95 32 hörte
1658 3195 35 24 er
1718 3187 88 32 noch
1834 3187 68 33 und
1928 3189 66 32 wie
2020 3189 106 33 durch

1145 3237 99 34 dicke
1269 3238 137 33 Wände
1433 3239 165 34 hindurch
1625 3241 89 32 noch
1741 3241 53 32 ein
1827 3250 83 33 paar
1934 3241 30 33 N
1990 3243 68 32 und
2086 3242 40 41 D,

1146 3293 90 32 dann
1256 3293 117 32 wurde
1388 3301 37 25 es
1442 3293 65 34 still
1536 3314 37 4 —
1602 3295 68 32 und
1698 3295 103 33 stiller
1820 3305 54 23 um
1894 3297 55 32 ihn
1969 3298 67 39 her,
2063 3299 63 31 das

1144 3347 187 35 Gesumme
1358 3349 95 33 hörte
1479 3349 66 40 auf,
1573 3350 125 34 dunkel
1717 3350 130 43 umfing
1865 3351 56 33 ihn
1940 3353 71 31 und
2031 3352 77 33 blau-

1142 3403 175 33 schwarze
1343 3403 193 33 Finsternis.

1303 3457 44 33 Er
1360 3459 227 42 durchquerte
1604 3459 252 34 unermeßliche
1871 3459 173 35 Strecken.
2063 3480 63 7 —

1234 3512 33 33 In
1294 3513 75 33 eine
1394 3513 129 33 fremde
1550 3513 98 34 Stadt
1673 3523 70 24 war
1768 3524 35 23 er
1828 3515 261 43 angekommen.
2109 3535 16 6 -

1143 3566 64 34 Die
1226 3565 115 35 Gasse
1367 3567 54 33 die
1446 3577 61 23 vor
1533 3568 66 33 ihm
1619 3568 55 43 lag
1698 3577 71 24 war
1795 3568 138 44 winklig
1959 3570 69 32 und
2048 3579 76 33 eng,

1144 3622 58 33 mit
1219 3621 178 43 holprigen
1416 3622 129 42 großen
1561 3621 137 35 Steinen
1717 3623 161 34 übersäet
1895 3624 68 32 und
1980 3624 145 33 darüber

1143 3676 56 44 lag
1235 3685 82 34 grau
1355 3676 54 32 ein
1446 3674 110 35 Strich
1593 3676 154 35 Himmel.
1909 3677 60 33 Ein
2006 3687 118 33 enges,

1143 3730 181 33 leuchtend
1350 3730 129 33 weißes
1498 3730 94 33 Haus
1617 3732 98 32 stand
1743 3732 53 33 da.
1825 3751 12 5 -
1855 3752 15 5 -
1896 3731 113 34 Ueber
2034 3732 91 33 einer

1143 3794 139 34 grauen,
1310 3785 315 43 rostüberzogenen
1645 3786 177 33 Eisentüre
1841 3795 69 24 war
1935 3787 54 32 ein
2007 3786 115 34 Schild

1144 3840 58 33 mit
1228 3840 169 33 blutroten
1423 3840 153 33 Lettern:

1378 3986 66 44 Dr.
1474 3984 415 47 DARASCHE-KOH

1318 4139 83 35 Dies
1438 4149 71 24 war
1543 4140 73 33 sein
1652 4139 82 40 Ziel,
1772 4149 35 23 er
1842 4139 103 33 fühlte
1983 4148 37 25 es
2053 4141 68 31 und

1143 4196 120 32 suchte
1289 4196 87 32 nach
1404 4195 90 33 einer
1512 4193 131 41 Klinke,
1670 4195 87 31 nach
1780 4194 91 32 einer
1889 4193 132 34 Glocke
2039 4194 84 32 oder

2221 100 87 34 nach
2334 99 109 33 einem
2462 99 137 44 Klopfer
2729 101 157 34 Nichts!!
3055 103 42 33 Er
3118 104 78 33 hieb

2220 154 57 34 auf
2298 155 54 33 die
2371 153 69 34 Tür
2457 155 62 40 los,
2547 155 179 33 keuchend
2745 157 114 33 mühte
2878 166 34 24 er
2929 157 73 33 sich
3020 158 54 40 ab,
3101 158 95 34 diese

2219 209 281 34 rostzerfressene
2517 209 89 33 Türe
2631 220 41 23 zu
2698 210 115 34 öffnen
2947 213 70 32 und
3042 233 16 5 -
3084 223 34 23 er
3144 223 35 24 er-

2218 264 134 33 staunte
2377 273 60 33 gar
2462 264 102 40 nicht,
2598 264 50 32 als
2674 264 50 33 sie
2750 273 37 25 es
2819 266 106 33 durch
2960 267 119 43 eigene
3105 267 92 34 Kraft

2219 318 56 33 tat.

2395 372 77 34 Und
2507 382 35 24 er
2575 374 63 31 trat
2670 372 73 34 ein!
2793 374 62 33 Mit
2890 375 109 33 einem
3032 376 163 43 dumpfen

2220 426 108 33 Krach
2353 428 71 42 flog
2449 428 54 33 die
2528 427 69 33 Tür
2623 428 53 32 ins
2701 426 128 35 Schloß

2288 482 80 33 Eine
2387 482 99 33 dicke
2505 481 194 39 Finsternis,
2727 482 74 34 eine
2822 483 144 43 stickige
2985 484 73 34 Luft
3075 486 122 43 schlug

2219 536 68 32 ihm
2306 537 179 42 entgegen.
2620 536 98 33 Ernst
2735 538 100 32 stand
2855 546 34 25 er
2911 538 55 41 da,
2991 539 203 41 schwarzes,

2219 589 192 44 klumpiges
2447 590 133 34 Dunkel
2618 600 61 24 vor
2715 592 117 33 seinen
2869 592 138 44 Augen;
3045 595 81 33 aber
3162 605 34 23 er

2218 647 136 40 zögerte
2389 646 101 39 nicht,
2526 646 33 33 in
2594 647 66 32 ihm
2694 647 142 44 drängte
2862 656 36 25 es
2923 651 165 31 vorwärts

2219 699 68 32 und
2307 708 34 24 er
2358 701 120 32 tastete
2492 701 72 33 sich
2581 701 65 33 den
2661 701 175 34 schmalen
2850 701 102 45 Gang
2968 703 146 43 entlang.
3129 724 66 5 —

2218 752 68 34 Der
2312 753 87 44 Weg
2424 756 81 42 ging
2531 755 228 44 merkwürdig
2793 757 159 35 abwärts.
2978 778 16 5 -
3019 757 59 34 Ihn
3112 760 83 32 trieb

2217 815 38 24 es
2289 808 125 40 weiter,
2448 811 125 38 weiter,
2610 811 90 33 ohne
2735 812 67 33 daß
2828 821 36 25 er
2886 813 75 33 sein
2986 813 71 34 Ziel
3081 814 114 33 wußte

2217 862 83 32 oder
2325 863 111 33 ahnte.

2395 918 41 32 Er
2460 918 171 34 bemerkte
2650 929 78 31 nun,
2755 920 67 34 daß
2848 922 59 33 der
2925 921 111 45 Gang,
3062 924 33 31 in
3116 924 78 33 dem

2219 979 34 24 er
2277 972 73 32 sich
2378 972 136 41 befand,
2540 974 82 42 glatt
2646 975 69 32 und
2741 975 187 45 schlüpfrig
2963 978 127 40 wurde,
3127 978 67 33 daß

2219 1025 54 33 die
2300 1024 127 34 Gefahr
2457 1036 40 24 zu
2532 1030 133 31 stürzen
2698 1029 103 42 jeden
2825 1031 214 42 Augenblick
3072 1032 124 43 größer

2218 1080 127 33 wurde.

2287 1134 76 33 Und
2401 1145 34 24 er
2469 1136 142 33 stürzte!
2637 1157 49 5 --
2704 1157 15 4 -
2758 1138 41 33 Er
2834 1139 73 43 glitt
2942 1148 72 32 aus,
3052 1141 142 42 polterte

2218 1189 74 33 eine
2319 1188 138 35 Strecke
2484 1191 43 32 im
2554 1191 133 34 Dunkel
2713 1192 150 34 abwärts
2890 1195 67 32 und
2994 1195 58 33 mit
3084 1196 112 32 seiner

2218 1243 109 40 Hand,
2355 1245 54 32 die
2428 1254 34 24 er
2479 1246 219 41 vorstreckte,
2726 1247 155 34 berührte
2900 1258 34 24 er
2951 1249 75 33 eine
3045 1249 149 44 klebrige

2216 1308 126 24 warme
2369 1300 214 43 Flüssigkeit.

2285 1373 15 5 -
2315 1372 15 5 -
2344 1373 15 5 -
2385 1354 127 34 Weiter
2524 1357 121 31 tastete
2660 1366 35 24 er
2709 1357 83 40 sich,
2811 1357 89 44 stieg
2913 1359 32 32 in
2961 1358 144 36 Lachen.

2391 1409 75 33 Von
2492 1410 67 33 den
2577 1410 158 34 Wänden
2760 1412 102 42 tropft
2887 1421 37 25 es
2950 1423 68 23 nun
3041 1414 69 33 und
3129 1424 65 23 von

2216 1462 60 33 der
2301 1462 118 34 Decke
2587 1465 225 45 aufdringlich
2850 1468 202 33 bemerkbar
3083 1470 113 33 macht

2215 1518 73 32 sich
2316 1519 60 33 der
2401 1519 299 44 durchdringende
2726 1520 138 35 Geruch
2897 1523 59 33 der
2991 1523 185 44 stickig-ge-

2216 1573 136 42 sättigte
2367 1573 74 33 Luft
2461 1574 69 33 und
2555 1574 42 34 da
2622 1576 149 33 erwacht
2792 1577 32 32 in
2839 1577 68 33 ihm
2922 1578 54 33 die
2991 1578 202 42 Gewißheit,

2216 1627 67 33 daß
2310 1627 84 41 dies,
2420 1637 73 24 was
2519 1639 35 23 er
2571 1630 71 33 hier
2658 1630 93 41 fühlt,
2778 1632 114 40 riecht,
2919 1633 75 33 dies
3011 1633 83 34 alles

2215 1681 85 41 Blut,
2320 1691 145 25 warmes
2479 1684 449 37 tierisches-menschliches
2942 1687 77 34 Blut
3032 1688 52 34 ist.

2284 1735 68 34 Der
2366 1736 102 44 Gang
2482 1740 133 32 machte
2631 1749 67 24 nun
2714 1740 263 45 eineWendung
2992 1743 68 33 und
3077 1744 117 33 wurde

2218 1792 89 32 noch
2333 1801 113 34 enger,
2473 1802 86 33 ganz
2580 1803 77 34 eng.
2706 1795 42 33 Er
2764 1805 122 34 zwang
2903 1797 74 33 sich
2995 1797 106 34 durch

2216 1846 45 33 da
2287 1845 76 34 kam
2390 1856 35 24 er
2450 1848 57 33 mit
2540 1857 137 32 nassen,
2713 1849 222 45 schleimigen
2961 1850 167 45 Strängen
3161 1853 33 32 in

2216 1899 209 46 Berührung.
2462 1922 16 6 -
2495 1922 16 6 -
2537 1903 82 33 Ekel
2651 1905 89 42 stieg
2775 1905 31 32 in
2841 1905 67 33 ihm
2942 1906 66 40 auf,
3046 1915 35 25 er
3105 1907 87 33 wich

2216 1955 136 41 zurück,
2371 1976 16 6 -
2406 1957 44 33 da
2468 1958 82 33 aber
2566 1968 68 23 von
2652 1958 86 35 allen
2754 1959 124 41 Seiten,
2897 1961 127 33 überall
3042 1962 152 33 dieselbe

2215 2011 311 44 schleimig-kalten
2560 2011 154 36 Schnüre
2854 2015 195 41 Zuckende,
3086 2016 108 33 runde

2216 2065 130 43 Körper
2372 2067 125 43 hingen
2524 2077 42 23 an
2592 2069 67 33 den
2677 2067 177 45 Strängen.
2881 2090 16 5 -
2915 2089 15 6 -
2956 2070 78 34 Und
3059 2071 42 33 all
3120 2072 74 33 dies

2215 2119 109 45 eklige
2342 2121 95 44 Zeug
2462 2123 118 33 schien
2606 2124 72 32 sich
2704 2123 158 43 plötzlich
2888 2126 33 32 in
2947 2125 247 44 algebraiische

2215 2175 123 33 Ziffern
2363 2185 40 24 zu
2429 2178 229 33 verwandeln.
2706 2178 58 33 A's
2786 2180 69 32 und
2874 2178 69 42 C's,
2969 2180 61 34 N's
3048 2181 70 33 und
3135 2180 59 34 X's

2215 2229 137 34 dienten
2378 2230 50 33 als
2446 2230 346 47 Wandverkleidung,
2819 2234 149 35 bildeten
2987 2234 207 35 Ornamente

2216 2284 31 33 in
2274 2284 86 33 Kolo
2387 2285 219 35 Moserscher
2631 2287 133 34 Manier
2789 2289 70 32 und
2886 2290 91 33 dann
3003 2290 111 43 legten
3144 2291 49 32 sie

2213 2339 73 33 sich
2313 2349 55 24 um
2395 2341 118 33 seinen
2531 2340 93 35 Hals.
2651 2361 15 5 -
2683 2362 16 6 -
2718 2361 15 6 -
2751 2363 15 5 -
2791 2342 57 34 Als
2867 2352 34 24 er
2919 2343 122 34 einmal
3060 2345 134 33 danach

2213 2394 86 41 griff,
2324 2394 105 35 fühlte
2455 2404 35 25 er
2515 2396 98 34 einen
2631 2406 161 31 warmen,
2818 2399 131 33 runden
2968 2399 139 42 Körper,
3135 2399 59 34 der

2214 2449 32 32 in
2265 2450 112 33 seiner
2394 2450 99 33 Hand
2512 2451 209 43 rhythmisch
2740 2451 127 44 klopfte
2891 2472 17 7 -
2926 2462 37 24 es
2980 2462 72 24 war
3068 2454 65 34 wie
3147 2474 16 5 -
3178 2474 14 5 -

2213 2504 54 33 ein
2293 2504 249 34 menschliches
2568 2505 96 35 Herz.

2389 2558 77 34 Und
2493 2561 91 32 dann
2610 2561 186 35 erweiterte
2822 2562 73 33 sich
2921 2563 60 33 der
2999 2561 103 45 Gang
3123 2564 69 33 und

2215 2622 38 25 es
2279 2615 117 33 wurde
2421 2616 215 32 zunehmend
2662 2615 122 35 heller!
2834 2615 63 42 Da,
2933 2626 35 25 er
3003 2617 127 34 konnte
3155 2627 37 25 es

2213 2669 92 33 nicht
2341 2669 183 43 begreifen,
2559 2670 82 34 aber
2674 2679 35 25 er
2740 2671 96 34 hörte
2872 2680 37 25 es
2944 2672 159 41 deutlich,
3139 2674 53 32 ein

2213 2723 277 44 langgezogenes
2507 2724 141 41 Heulen,
2675 2726 54 33 ein
2755 2726 182 34 entferntes
2954 2726 207 42 Wimmerm,
3177 2747 15 5 -

2213 2778 64 33 das
2302 2778 158 42 plötzlich
2485 2779 128 33 wieder
2637 2780 162 34 abbrach.

2399 2833 45 33 Es
2482 2833 77 34 kam
2596 2842 40 25 so
2674 2834 254 35 überraschend
2967 2836 32 32 in
3034 2836 59 33 der
3131 2837 40 34 be-

2216 2887 238 34 klemmenden
2480 2886 93 37 Stille
2608 2888 113 34 dieser
2753 2890 246 43 grauenhaften
3025 2890 166 37 Räume!!

2213 2941 46 34 So
2297 2942 158 42 plötzlich
2493 2943 127 33 wieder
2656 2944 204 43 verschlang
2896 2945 74 33 eine
3008 2946 184 43 mystische

2215 2996 118 34 Macht
2358 2997 55 34 die
2437 2997 198 43 gräßlichen
2660 2997 112 35 Töne!
2910 2998 84 43 Jetzt
3018 3000 173 34 herrschte

2212 3051 74 33 eine
2306 3050 103 42 Stille,
2428 3052 32 33 in
2479 3052 60 33 der
2553 3061 35 24 er
2601 3052 92 34 nicht
2707 3053 122 33 einmal
2843 3054 118 34 seinen
2975 3053 96 35 Atem
3085 3055 105 41 hörte,

2212 3106 121 40 nichts,
2359 3105 51 33 als
2436 3107 63 32 das
2524 3105 134 35 Sausen
2684 3107 60 33 der
2768 3107 177 35 erdfernen
2972 3107 103 37 Stille.

2280 3159 178 35 Stöhnend
2484 3161 106 33 kroch
2616 3171 35 23 er
2675 3162 126 41 weiter,
2836 3172 123 34 zwang
2983 3164 73 33 sich
3083 3165 107 33 durch

2213 3215 66 33 den
2316 3212 186 44 schmalen,
2542 3216 211 44 höhlartigen
2789 3216 113 45 Gang,
2940 3219 96 32 unter
3072 3219 118 33 seinen

2212 3271 179 33 tastenden
2418 3269 143 44 Fingern
2587 3271 87 34 löste
2699 3272 74 33 sich
2798 3272 53 33 ein
2878 3273 174 34 morscher
3087 3273 105 34 kalter

2213 3324 103 39 Stein,
2336 3334 35 24 er
2388 3325 96 33 hörte
2500 3326 92 33 nicht
2605 3326 67 33 den
2686 3325 113 35 Schall
2815 3326 93 34 eines
2923 3326 120 42 Falles,
3069 3328 121 40 nichts,

2212 3379 50 33 als
2294 3380 90 32 hätte
2420 3380 73 33 sich
2526 3380 60 34 der
2610 3379 94 35 Stein
2737 3381 33 33 in
2806 3382 61 33 der
2891 3381 191 34 Luftmasse
3116 3383 57 33 auf-

2211 3434 112 42 gelöst

2279 3488 152 44 Längere
2468 3488 73 34 Zeit
2577 3490 82 43 ging
2695 3499 35 24 er
2767 3500 69 23 nun
2873 3490 126 41 weiter,
3037 3500 35 25 er
3107 3492 84 42 ging

2210 3544 97 32 unter
2342 3544 61 32 der
2427 3543 118 34 Macht
2578 3544 95 34 eines
2704 3544 152 35 fremden
2881 3545 115 34 Etwas
3135 3546 54 40 da,

2210 3598 75 32 eine
2298 3600 118 40 grüne,
2430 3597 285 36 fluoreszierende
2726 3598 324 45 Lichterscheinung
3062 3600 127 43 umgab

2211 3652 56 32 ihn
2291 3671 17 6 -
2333 3653 70 32 und
2429 3662 35 23 er
2489 3653 73 40 sah,
2593 3652 67 34 daß
2687 3663 34 24 er
2746 3654 33 32 in
2805 3654 53 33 ein
2883 3653 126 34 rundes
3035 3653 154 34 Gemach

2210 3709 149 39 getreten
2384 3716 80 24 war.

2279 3760 74 34 Erst
2377 3761 78 42 jetzt
2474 3761 126 33 konnte
2618 3772 35 24 er
2671 3762 54 33 die
2744 3762 55 32 ihn
2818 3762 240 42 umgebenden
3077 3761 111 44 Dinge

2209 3816 117 33 sehen.

2277 3868 72 34 Das
2376 3868 155 35 Gemach
2556 3880 71 23 war
2651 3870 78 41 leer,
2763 3870 66 32 fast
2854 3870 78 40 leer,
2966 3880 61 23 nur
3052 3880 43 23 an
3121 3871 66 33 den

2208 3923 156 33 Wänden
2391 3925 62 31 sah
2479 3934 35 23 er
2540 3923 160 40 Gestelle,
2727 3924 57 33 auf
2808 3925 110 32 denen
2945 3926 71 32 rote
3041 3923 146 35 Gebilde

2209 3978 134 42 hingen.
2363 3998 15 5 -
2396 3978 83 32 Eine
2497 3979 59 32 mit
2573 3977 138 35 Grauen
2732 3979 201 33 vermischte
2951 3979 149 43 Neugier
3124 3989 65 33 zog

2209 4032 56 33 ihn
2293 4032 75 33 dort
2394 4033 66 32 hin.

2278 4085 52 33 Da
2356 4087 62 32 sah
2445 4095 34 24 er
2503 4087 53 33 ein
2575 4087 250 33 menschliches
2844 4087 96 41 Herz,
2967 4088 74 33 eine
3060 4088 126 43 Lunge,

2208 4141 75 32 eine
2297 4140 173 34 Luftröhre
2486 4141 105 33 durch
2606 4140 277 44 Muskelstränge
2896 4143 209 33 verbunden.

2208 4195 42 31 Er
2274 4196 90 31 hatte
2390 4195 91 33 nicht
2502 4195 71 32 Zeit
2597 4195 83 33 alles
2705 4205 40 23 zu
2764 4196 206 34 betrachten.
3105 4197 82 32 Eine
