3264 4429
92 4297 54 27 528

95 114 128 33 dichter
247 111 157 43 genannt.
452 107 82 33 Man
560 105 130 38 erfährt,
727 102 67 33 daß
827 111 34 23 er
886 100 92 33 nicht
1002 107 61 25 nur

95 165 210 39 Steiermark,
326 163 149 33 sondern
493 160 85 41 „das
592 167 106 34 ganze
712 154 178 35 Hochland
905 154 59 33 der
978 152 64 34 Ger-

94 229 120 25 manen
251 228 77 24 vom
365 216 108 33 Ortler
509 215 52 32 bis
597 221 74 24 zum
709 208 215 42 Kahlenberg
959 207 102 33 feiert.

93 275 69 32 Aus
179 274 116 32 seinen
310 269 249 35 Liebesliedern
577 266 167 42 sprechen
753 261 310 42 Schalkhaftigkeit,

94 327 224 33 andererseits
353 325 80 32 aber
465 323 87 32 auch
588 321 54 32 die
675 318 150 33 wirklich
859 315 98 33 heiße
984 313 80 34 Glut

94 383 59 32 der
486 375 113 33 Damit
623 383 77 24 man
719 374 62 31 das
806 371 130 32 diesem
961 369 102 42 guten

92 435 131 33 Doktor
247 434 38 32 Bi
310 433 87 33 auch
423 431 125 43 glaubt,
573 426 243 36 veröffentlicht
835 434 33 23 er
884 422 180 43 folgendes

92 488 157 40 Gedicht,
287 488 62 32 das
386 487 59 32 der
485 483 120 33 Poesie
642 482 62 32 des
741 479 104 33 Titels
882 478 68 32 und
986 476 77 33 dem

95 551 129 35 ganzen
243 540 178 34 Hochland
447 539 59 33 der
523 537 192 33 Germanen
741 534 103 41 völlig
868 530 195 42 entspricht.

184 632 74 41 „Ich
284 631 55 33 bin
366 629 133 33 daheim
525 627 56 33 auf
605 625 164 42 waldiger
793 622 84 39 Flur,

198 686 93 33 Mein
317 684 166 33 Hüttchen
510 683 42 32 ist
576 682 52 32 ein
655 682 122 40 grüner
802 676 117 39 Baum,

200 740 92 33 Mein
318 738 167 36 Ruhebett
510 736 59 33 der
592 734 239 33 Wiesensaum

198 794 61 33 Am
285 793 128 33 Herzen
439 791 59 33 der
523 789 114 33 Natur.

199 884 59 32 Ein
285 882 136 36 Rehlein
449 881 127 32 kommt
602 878 105 33 durch
733 876 139 42 Zweige
898 875 102 37 dicht,

198 938 65 32 Mir
289 937 110 42 dringt
424 936 74 33 an's
524 934 70 33 Ohr
619 933 73 33 sein
718 931 147 33 weicher
890 929 93 39 Laut,

198 993 44 32 Es
266 991 87 33 sieht
378 991 88 32 mich
492 998 53 30 an,
571 996 37 25 es
633 987 128 42 spricht
785 993 41 25 so
851 985 95 38 traut,

198 1046 76 34 Und
301 1046 53 32 ich
379 1043 144 35 versteh'
550 1051 37 25 es
612 1042 101 33 nicht.

196 1137 77 33 Nun
299 1136 129 33 kommt
452 1135 53 32 ein
532 1132 148 34 blühend
707 1130 172 33 Mädchen
905 1128 99 39 noch,

198 1190 76 34 Und
300 1190 145 33 sinnend
471 1189 89 32 steht
585 1196 36 24 es
647 1186 56 33 auf
728 1186 60 31 der
814 1184 94 39 Flur;

197 1247 44 32 Es
266 1245 87 33 sieht
379 1244 61 33 mir
465 1245 123 31 stumm
614 1242 52 31 ins
691 1240 95 42 Auge
812 1247 61 24 nur

197 1300 76 34 Und
299 1300 52 32 ich
378 1297 143 34 versteh'
548 1305 38 24 es

89 1391 109 35 Ueber
225 1391 191 42 Roseggers
442 1386 185 35 Charakter
652 1384 107 34 sollen
784 1383 160 43 folgende
978 1390 64 33 poe-

87 1447 106 32 tische
219 1445 113 33 Zeilen
368 1444 130 41 „einige
534 1442 88 32 nette
656 1437 222 36 Aufschlüsse

180 1536 74 41 „Ich
282 1536 56 32 bin
364 1535 54 33 ein
442 1532 147 40 Geselle,
616 1532 59 32 der
699 1529 90 34 lacht
814 1528 68 34 und
908 1527 108 38 trutzt,

195 1589 68 34 Der
287 1590 116 32 weder
427 1588 86 33 nach
531 1586 86 34 Titel
643 1585 68 34 und
738 1583 121 34 Knittel
884 1583 131 38 hascht,

195 1644 68 33 Der
287 1644 91 33 nicht
403 1642 185 43 Magnaten
614 1641 54 32 die
694 1638 112 35 Stiefel
833 1639 91 41 putzt

195 1698 77 34 Und
299 1698 91 33 nicht
415 1695 155 34 Proleten
597 1695 54 32 die
669 1694 155 33 Hemden

86 1789 104 34 Diese
216 1788 183 44 gereimten
426 1785 269 35 Kindlichkeiten
729 1785 103 32 nennt
857 1791 77 25 man
960 1782 100 32 heute

86 1845 32 32 in
143 1843 232 34 Deutschland
402 1841 107 44 Lyrik.

85 1943 345 56 Bildhauerlyrik

153 2016 81 33 Herr
259 2015 178 33 Professor
463 2013 154 34 Eberlein
644 2013 42 32 ist
712 2012 31 32 in
762 2011 94 36 Rom.
906 2011 42 32 Er
973 2011 89 31 steht

85 2092 42 6 —
153 2070 162 33 natürlich
343 2089 38 4 —
412 2068 250 42 „erschauernd
695 2075 60 24 vor
787 2066 113 33 seiner
925 2064 136 34 antiken

306 2125 40 32 Er
384 2124 75 33 eilte
498 2124 87 32 nach
623 2122 94 40 Rom,
755 2130 56 23 um
848 2120 63 33 das
948 2118 115 34 Viktor

85 2178 350 35 Emanuel-Denkmal
454 2177 170 34 enthüllen
643 2186 39 23 zu
698 2175 120 34 helfen.
870 2174 98 41 „Nun
986 2175 74 41 ragt

1146 105 37 25 es
1209 95 169 39 dennoch,
1403 93 65 32 wie
1487 93 74 32 eine
1588 86 442 39 Flammenschrift,
2056 85 65 33 wie

1147 151 74 32 eine
1246 148 88 33 Welt
1359 147 151 32 inmitten
1545 145 59 33 der
1629 143 87 33 alten
1742 151 128 34 grauen
1897 140 116 39 Roma,
2048 149 50 23 um-

1147 205 73 32 tobt
1244 212 78 24 vom
1348 201 203 42 lebendigen
1569 198 133 33 Strome
1728 197 59 32 der
1804 205 110 23 neuen
1932 193 191 43 sieghaften

1148 258 72 33 Zeit
1446 255 61 32 Ein
1533 253 181 33 Bildhauer
1750 251 65 32 wie
1841 248 156 33 Eberlein
2035 248 89 32 kann

1148 321 103 34 sogar
1275 307 335 37 Flammenschriften
1637 313 223 34 emporragen
1885 303 124 39 lassen,
2036 302 89 32 ohne

1148 367 32 32 in
1207 366 77 32 dem
1310 364 111 34 Strom
1457 363 60 32 der
1550 369 110 25 neuen
1693 358 189 43 sieghaften
1908 357 73 32 Zeit
2013 357 94 32 unter-

1148 421 162 42 zugehen.
1360 417 98 33 Denn
1488 416 73 33 sein
1587 412 296 35 Goethedenkmal
1910 412 41 32 ist
1976 411 56 40 „in
2059 410 65 32 den

1150 473 212 44 glänzenden
1399 471 241 33 Lebensstrom
1678 468 62 32 des
1781 466 169 33 Verkehrs
1987 465 139 43 gerückt

1362 527 89 31 kann
1489 524 73 33 also
1588 523 93 32 nicht
1707 520 121 34 einmal
1855 520 104 33 durch
1986 519 141 33 Wasser

1149 580 323 44 heruntergedrückt
1496 578 149 33 werden.

2072 625 11 10 %

1216 654 52 33 An
1294 653 73 33 dem
1390 652 105 41 Tage,
1522 659 43 24 an
1591 648 73 34 dem
1691 656 35 24 es
1744 647 70 33 sein
1830 645 142 43 größtes
1990 646 69 32 und
2074 655 35 23 er-

1148 709 178 33 habenstes
1339 705 178 40 Denkmal,
1536 704 71 33 sein
1625 702 176 41 heiligstes
1816 700 142 42 Symbol
1975 699 151 38 enthüllt,

1147 763 154 33 stehen
1328 762 53 32 die
1408 758 238 35 Gedanken
1677 756 59 33 der
1766 755 176 33 deutschen
1967 753 164 33 Künstler

1144 826 95 33 ganz
1264 815 179 34 besonders
1460 814 129 40 bewegt
1605 811 67 43 auf
1684 811 111 33 diesen
1814 809 128 33 stolzen
1960 807 164 43 Stufen.

1216 890 80 33 Man
1323 888 98 33 sollte
1446 885 157 35 Eberlein
1636 885 69 32 und
1741 883 54 33 die
1831 883 76 32 echt
1938 882 188 33 deutschen

1147 945 146 32 Künster
1326 944 111 32 neben
1474 942 69 32 ihre
1575 938 192 34 Gedanken
1792 936 130 41 stellen,
1960 936 49 33 sie
2047 944 60 23 aus-

1148 1000 122 38 hauen,
1298 998 68 33 und
1394 997 52 32 bis
1472 996 33 32 in
1531 995 54 32 die
1605 993 168 43 Ewigkeit
1797 1001 61 23 vor
1877 991 103 35 Roms
1999 989 129 34 antiker

1148 1052 115 34 Größe
1289 1052 203 33 erschauern
1519 1049 123 33 lassen.

1145 1177 401 56 Stoffblumenlyrik

1216 1261 100 33 Nicht
1341 1269 72 30 nur,
1440 1259 67 32 daß
1526 1266 86 35 ganz
1630 1257 112 33 Berlin
1768 1256 68 33 und
1864 1256 53 31 die
1942 1254 166 42 umliegen-

1147 1316 66 33 den
1239 1316 141 33 Vororte
1406 1315 33 31 in
1465 1314 66 32 den
1549 1312 121 34 letzten
1687 1311 119 42 Tagen
1826 1310 58 32 mit
1903 1308 225 35 Stoffblumen

1147 1371 153 42 versorgt
1324 1369 153 39 wurden,
1504 1367 89 40 nein,
1620 1367 54 32 die
1693 1365 118 34 Gräfin
1837 1363 126 34 Helene
1982 1363 126 42 Kayser-

1147 1424 93 44 lingk
1264 1426 57 31 hat
1346 1424 74 33 sich
1446 1423 118 42 eigens
1592 1430 75 24 zum
1686 1420 146 33 Dichten
1851 1419 190 42 hingesetzt
2058 1417 70 33 und

1147 1480 68 32 läßt
1247 1479 107 33 durch
1388 1476 284 44 weißgekleidete
1707 1474 184 39 Mädchen,
1929 1473 55 32 die
2018 1472 110 32 nichts

1147 1534 97 33 dafür
1270 1534 147 38 können,
1445 1532 70 33 ihre
1538 1531 122 33 Poesie
1685 1529 201 33 vertreiben.
1936 1527 55 34 Sie
2018 1526 111 34 kostet

1146 1597 89 24 zwar
1261 1597 61 24 nur
1346 1586 72 33 fünf
1435 1585 152 43 Pfennig,
1615 1585 41 32 ist
1674 1584 82 33 aber
1773 1583 97 33 dafür
1888 1581 239 34 unbezahlbar.

1308 1678 50 33 An
1386 1678 59 33 der
1470 1677 113 42 Spitze
1609 1676 81 32 naht
1716 1675 59 33 der
1801 1673 119 34 Kaiser

1308 1732 53 41 Er,
1388 1732 60 33 der
1473 1731 189 34 deutschen
1689 1730 134 42 Einung
1848 1728 144 34 Weiser.

1145 1825 63 33 Die
1234 1824 174 33 Dichterin
1434 1822 123 34 bekam
1582 1821 108 34 selbst
1715 1821 111 42 gleich
1853 1819 98 33 einen
1977 1818 151 34 Schreck

1145 1879 68 34 und
1239 1878 119 34 äußert
1383 1878 33 33 in
1442 1878 59 33 der
1526 1877 165 33 nächsten
1717 1875 101 34 Zeile.

1309 1969 139 34 Welche
1473 1968 187 43 Wendung
1684 1966 83 34 Gott
1792 1966 135 43 gefügt:

1310 2023 76 35 Und
1414 2024 59 32 der
1498 2023 160 33 Erbfeind
1684 2022 80 43 liegt
1789 2021 142 42 besiegt.

1147 2117 62 33 Die
1247 2117 103 33 Verse
1388 2115 136 43 klingen
1565 2123 90 23 zwar
1691 2113 79 33 sehr
1808 2110 318 40 deutschfeindlich,

1147 2172 81 32 aber
1253 2171 50 33 sie
1329 2170 147 33 rechnen
1503 2170 115 39 damit,
1646 2168 67 33 daß
1739 2168 60 32 der
1825 2166 174 33 Deutsche
2024 2166 102 42 jeden

2208 83 183 42 gereimten
2417 81 154 39 Quatsch
2599 81 51 32 für
2676 80 97 43 Lyrik
2806 80 77 33 hält.
2934 80 126 33 Darum
3097 82 81 38 fährt

2208 137 55 32 die
2289 136 173 33 Dichterin
2487 135 83 33 fort:

2373 226 124 34 Säume
2523 226 92 32 nicht
2640 226 69 31 und
2735 224 185 33 schmücke
2946 223 86 34 Dich

2373 280 65 33 Zur
2464 280 189 42 Erinnrung
2679 278 99 33 kaufe
2805 278 88 33 mich

2210 371 118 32 womit
2352 370 164 33 natürlich
2543 370 94 32 diese
2655 368 104 34 Verse
2777 368 149 44 gemeint
2943 368 87 32 sind.
3073 368 109 37 Denn:

2375 461 79 33 Leid
2481 461 69 32 und
2576 460 68 32 Not
2669 469 39 23 zu
2735 459 130 32 lindern
2893 459 119 32 mache

2376 515 183 33 Dienstbar
2584 515 78 31 dich
2693 513 58 33 der
2777 515 103 41 guten
2906 512 121 34 Sache.

2375 568 63 33 Die
2464 569 64 32 seit
2554 567 285 43 Menschgedenk
2865 567 124 33 bereits

2375 623 68 33 Der
2468 623 120 32 Verein
2615 622 106 42 pflegt
2747 621 101 36 Rotes
2874 621 118 39 Kreuz,

2375 677 75 34 Den
2477 678 57 31 mit
2559 676 369 33 Nächstenliebensinn

2375 732 106 35 Schuf
2506 732 55 33 die
2587 733 87 31 erste
2700 731 165 33 Kaiserin.

2210 825 83 43 Jetzt
2317 824 105 33 wirds
2448 824 59 32 der
2533 822 173 33 Dichterin
2742 821 82 33 aber
2848 821 108 33 selbst
2981 830 40 23 zu
3048 820 141 36 ekelhaft

2212 880 69 33 und
2308 880 49 32 sie
2384 877 144 34 schließt
2552 878 182 31 vehement

2377 969 109 33 Holde
2511 968 186 39 Mädchen,
2723 966 109 34 weiße
2859 965 146 41 Kleider,

2378 1023 232 34 undsoweiter
2634 1022 244 33 undsoweiter.

2211 1097 48 42 Ja.
2309 1096 64 33 Die
2399 1096 110 34 Sache
2535 1095 97 34 wills.
3025 1092 125 33 Trust

2216 1372 247 75 Notiz

2281 1506 133 43 Wegen
2444 1506 216 33 technischer
2686 1504 302 43 Schwierigkeiten
3027 1504 167 33 erscheint

2213 1571 95 33 diese
2333 1571 164 32 Nummer
2521 1571 125 42 später.
2696 1568 64 34 Die
2788 1567 159 34 fehlende
2973 1568 219 42 Fortsetzung

2213 1644 66 24 von
2306 1634 87 42 „Die
2419 1635 143 32 höchste
2781 1632 85 44 folgt
2891 1633 33 32 in
2949 1632 165 33 Nummer
3138 1632 52 33 67.

2785 1714 148 44 Verlag
2957 1714 73 33 der
3054 1713 140 34 Sturm

2211 1962 249 30 Verantwortlich
2480 1962 48 28 für
2548 1962 49 28 die
2618 1960 228 36 Schriftleitung

2213 2026 219 31 HERWARTH
2453 2026 169 28 WALDEN
2641 2026 12 35 /
2672 2023 358 33 BERLIN-HALENSEE

2248 2109 248 29 Verantwortlich
2524 2108 46 28 für
2600 2108 48 28 die
2676 2107 228 36 Schriftleitung
2932 2106 27 27 in
2988 2105 208 29 Oesterreich-

2249 2174 121 35 Ungarn
2391 2173 12 36 /
2424 2173 17 27 l.
2462 2173 47 28 V.:
2531 2172 100 29 Oskar
2651 2172 187 29 Kokoschka

193 2411 434 71 KLEINES
683 2408 493 71 THEATER

259 2505 53 38 44
355 2500 209 43 UNTER
609 2500 122 40 DEN
777 2497 234 43 LINDEN
1056 2497 54 41 44

380 2564 360 31 SOMMERSPIELZEIT
761 2562 130 30 UNTER
913 2561 77 30 DER

254 2620 293 37 DIREKTION
578 2629 68 24 von
671 2617 233 36 WILLIAM
929 2615 191 35 WAUER

173 2796 123 40 Heute
335 2796 78 39 und
452 2795 183 51 folgende
675 2795 111 50 Tage
826 2792 152 41 abends
1018 2790 70 43 87*
1124 2789 80 41 Uhr

280 2904 92 54 Die
413 2907 106 51 vier
557 2902 165 57 Toten
764 2902 93 55 der
898 2900 249 56 Fiametta

280 2994 211 33 Pantomime
515 3003 68 24 von
608 2992 190 35 WILLIAM
823 2989 162 36 WAUER

279 3048 116 34 Musik
419 3058 67 23 von
512 3047 250 37 HERWARTH
787 3045 191 35 WALDEN

280 3139 155 29 Fiametta:
457 3138 100 31 ROSA
576 3138 163 28 VALETTI

280 3184 101 35 Silvio,
402 3184 175 35 Schneider,
598 3184 43 27 ihr
661 3184 110 28 Mann:
791 3182 165 29 WILLIAM
976 3180 141 30 WAUER

280 3230 60 28 Der
361 3232 79 26 erste
461 3230 183 28 Liebhaber:
665 3229 136 31 GEORG
823 3228 152 31 RUNSKY

281 3276 60 29 Der
360 3276 106 28 zweite
487 3276 180 35 Liebhaber;
688 3275 98 30 KARL
804 3269 362 35 MOLLER-MALBERG

282 3321 61 28 Der
362 3322 85 27 dritte
470 3321 183 28 Liebhaber:
673 3320 89 28 MAX
778 3319 111 28 MACK

282 3367 61 28 Der
364 3368 184 34 Lasttr&ger:
570 3366 124 29 GUIDD
716 3365 201 31 HERZFELD

283 3449 106 35 Regie:
410 3449 163 28 WILLIAM
594 3448 139 30 WAUER

173 3530 170 34 Vorher:

284 3603 92 55 Die
414 3602 347 56 verwandelte
802 3601 153 56 Katze

280 3693 74 35 Von
378 3691 196 44 JACQUES
601 3691 262 35 OFFENBACH

172 3783 100 34 Zutn
298 3784 162 34 Schluß:

283 3857 245 56 Karneval
573 3861 45 51 in
661 3856 148 56 Nizza

316 4056 140 34 Preise
482 4058 71 32 der
578 4057 140 35 Piatze
743 4057 172 39 2,50—10
942 4056 116 33 Mark

175 4119 150 34 Karten
340 4129 50 24 an
406 4121 71 32 der
489 4121 301 33 Theaterkasse
805 4121 82 33 und
903 4120 63 33 bei
980 4119 224 34 Wertheim

1399 2395 155 97 Die
1574 2393 308 99 Fackel

1498 2556 284 31 HERAUSGEBER

1498 2640 109 33 Karl
1637 2640 149 33 Kraus

1342 2768 27 60 I
1438 2777 206 46 Mummer
1670 2776 176 50 324/325

1480 2878 115 27 soeben
1623 2876 180 28 erschienen

1487 2986 115 34 Preis
1632 2987 49 32 50
1712 2986 86 43 Pfg.

1341 3115 27 47 $
1424 3123 174 30 ÜBERALL
1620 3121 239 32 ERHALTLICH

1396 3292 5 24 :
1422 3285 60 33 BEI
1500 3283 275 37 ANSCHAFFUNG
1792 3284 73 37 VON

1399 3693 158 35 WERDEN
1573 3683 63 45 45
1655 3681 142 49 MARK
1817 3698 69 33 FUR

1399 3750 108 36 ALTE
1525 3751 142 35 LEXIKA
1683 3753 201 35 VERGUTET

1379 3979 28 29 ::
1442 3960 416 48 Probenummern
1891 3981 26 28 ::

1378 4043 125 23 umsonst
1528 4039 55 27 und
1608 4040 135 35 portofrei
1768 4040 86 27 durch
1874 4040 45 27 die

1378 4090 233 30 Geschaftssteile
1655 4092 85 35 „DER

2643 2453 75 37 Xaa,

2621 2626 150 46 dsn/ULi

2571 2713 148 58 ilujwi*
2761 2728 18 40 J
2789 2739 53 28 CIA

2760 2820 15 11 -

2778 2836 159 87 (J^b|

2912 3002 79 37 114

2059 3965 70 23 Prof.
2145 3965 45 23 Dr.
2203 3963 224 28 Backhausmilcli,
2450 3963 33 21 alt
2494 3962 40 22 be-

2011 3993 84 21 ■viihrte
2104 3992 161 22 Kindermilch.
2278 4003 27 4 —
2313 3991 158 26 Trinkfertige
2480 3990 55 21 Por-

2011 4021 149 20 .ioaflaschen
2169 4021 38 19 ftlr
2213 4019 166 21 verschiedene
2387 4018 150 21 Alterstufem

2061 4047 149 21 Maltosana,
2219 4046 79 20 bester
2305 4046 84 20 Zusatz
2399 4050 42 16 zur
2451 4045 87 20 Selbst-

2011 4071 141 26 herstollung
2165 4072 97 20 anderer
2276 4072 228 26 Milchmischungen.

2011 4097 146 25 Pfuad-JDose
2171 4098 51 22 IM.
2230 4099 32 21 50.
2298 4098 27 22 In
2338 4098 82 27 Apoth.
2433 4102 22 18 u.
2469 4097 68 28 Dro&.

2831 3271 144 54 y\.

2603 3354 196 67 Verlag
2820 3351 136 68 „Der

2819 3436 146 53 A./

2657 3565 59 28 Wir
2721 3564 188 29 iibernahmen
2914 3563 127 27 inunsern
3043 3560 26 28 V
3071 3560 76 34 erlag-

2658 3647 261 50 Herwarth
2936 3645 210 49 Walden

2657 3715 490 53 DAFNISLIEDER

2656 3790 54 27 Fur
2721 3790 115 34 Gesang
2842 3800 26 16 u.
2874 3788 113 28 Klavier
2993 3787 10 34 /
3010 3787 35 27 52
3052 3786 94 28 Seiten

2766 3887 108 37 DREI
2898 3885 139 37 MARK

2657 4034 91 27 Durch
2777 4033 52 28 alle
2858 4032 84 27 Buch-
2975 4031 56 27 und
3060 4029 83 27 Musi-

2657 4069 269 34 kalienhandlungen
2956 4067 69 27 oder
3054 4066 90 26 direkt

2658 4107 82 27 durch
2755 4106 55 27 den
2934 4102 75 28 DER
3020 4102 37 27 SI
3066 4100 78 29 URM

2657 4142 140 28 Halensee
2806 4141 12 34 /
2828 4141 276 26 Katharinenstrasse
3128 4136 14 27 5
