3238 4422
211 4001 76 45 122

1436 1914 73 35 260

184 221 421 59 POLYCLINIQUE
654 221 72 46 DU
777 220 33 45 D
817 218 16 20 R
882 221 75 50 M.,
1005 219 42 43 A
1093 213 211 48 ASTENE
1351 209 148 62 (1932)

182 560 61 38 Ce
266 559 197 43 bâtiment,
489 556 269 39 actuellement
780 569 46 22 en
850 566 105 24 cours
978 551 22 36 d
1019 565 63 22 exé-

186 629 136 41 cution,
352 625 82 38 doit
464 627 82 35 être
577 621 193 51 complété
800 620 306 38 ultérieurement

184 710 66 33 par
280 709 70 22 une
379 692 158 49 clinique
567 691 179 49 disposée
775 687 92 38 dans
896 685 31 37 le
958 684 124 50 prolon-

183 766 158 42 gement
379 760 50 37 de
468 757 94 38 l'aile
602 755 191 39 Nord-Est.
831 754 60 49 (Le
930 751 82 50 plan
1051 750 50 37 de

182 830 174 35 situation
385 828 182 37 ci-contre
595 823 153 49 indique
777 821 30 37 la
834 822 86 35 voie
948 818 21 37 d
989 832 113 23 accès

186 897 140 46 prévue
359 907 89 36 pour
479 891 106 38 relier
617 889 50 39 les
697 889 94 38 deux
823 884 228 51 bâtiments.)

185 963 65 36 Les
287 961 330 47 caractéristiques
656 957 46 37 du
742 955 185 37 bâtiment
965 951 136 44 actuel,

185 1044 46 21 en
259 1027 75 50 plus
360 1027 50 37 de
436 1025 30 38 la
492 1027 128 36 stricte
645 1023 235 37 observance
908 1020 68 36 des
1004 1033 80 35 pres-

186 1097 176 47 criptions
391 1093 245 50 hygiéniques
664 1095 40 32 et
734 1086 215 43 médicales,
980 1090 83 33 sont
1096 1100 7 22 :

185 1161 30 38 la
254 1161 219 49 disposition
513 1155 236 53 particulière
788 1154 47 38 du
873 1153 230 37 laboratoire

185 1233 40 32 et
248 1227 50 38 de
320 1226 31 38 la
375 1224 87 39 salle
485 1224 192 38 d'attente
700 1237 40 23 se
763 1221 138 37 faisant
922 1219 90 37 face
1035 1218 68 37 l'un

184 1294 144 43 l'autre;
358 1293 30 37 la
418 1291 146 49 grande
592 1289 86 39 salle
708 1289 50 37 de
787 1286 246 40 consultation
1063 1290 41 32 et

186 1361 208 42 d'examen,
426 1373 95 23 avec
550 1372 59 23 ses
637 1355 123 49 larges
789 1354 117 43 baies,
939 1356 168 34 assurant

187 1443 43 22 un
255 1426 190 48 éclairage
471 1428 145 34 intense
639 1438 56 22 sur
719 1424 89 36 trois
833 1423 121 41 cotés;
980 1419 30 38 la
1037 1418 52 38 dis-

188 1496 158 48 position
378 1491 248 50 méthodique
655 1489 69 39 des
752 1488 199 39 chambres
981 1486 21 37 d
1022 1501 63 22 exa-

186 1576 95 28 men,
305 1565 76 33 etc.

579 1896 80 38 Plan
688 1896 48 37 du
765 1893 343 39 rez-de-chaussée.

977 2848 64 36 261

198 2849 124 37 Dessin
348 2863 8 23 :
381 2849 239 49 Perspective
645 2847 47 38 du
718 2849 136 49 projet.

986 3876 70 36 262

202 3874 185 40 Elévation
414 3876 68 38 des
505 3874 174 52 façades.
