3576 4315
1730 83 108 50 128

172 223 68 39 der
268 224 160 38 Anstalt
456 226 134 37 hatten
621 225 83 37 sich
731 226 39 35 in
787 221 497 49 Gesang-Compositionen
1301 222 207 47 versucht;
1538 234 40 25 es
1605 222 142 35 kamen

172 288 129 38 davon
330 290 62 35 ein
421 288 156 49 Gesang
605 290 66 35 für
699 288 82 35 vier
800 285 349 36 Männerstimmen
1177 297 77 25 von
1284 285 272 37 Christian
1587 283 132 37 Schil-

170 350 123 48 berg
336 365 70 24 aus
437 355 100 35 Zons
583 352 78 36 und
705 351 95 34 zwei
829 348 149 37 Stücke
1012 349 64 37 für
1103 351 133 35 vollen
1266 349 125 38 Chor:

170 412 82 36 und
631 424 75 24 von
733 411 128 36 Karl
889 411 204 49 Krüger
1122 424 72 24 aus
1220 413 113 36 Soest
1354 424 79 26 vor.
1465 412 80 35 Das
1564 411 179 34 Männer-

172 476 183 44 Quartett
381 479 53 34 ist
456 474 289 48 wohlklingend
774 478 172 44 gesetzt;
978 475 62 37 die
1066 475 138 37 beiden
1234 475 278 46 Chorgesänge
1541 471 202 37 verrathen

171 537 339 37 unverkennbares
539 537 142 36 Talent
789 538 57 35 sie
890 537 89 37 sind
1021 537 182 37 fliessend
1241 537 80 36 und
1350 534 301 38 ausdrucksvoll
1678 545 44 36 ge-

171 599 200 37 schrieben
400 599 80 36 und
506 600 137 35 stehen
670 600 40 35 in
737 599 258 37 melodischer
1025 600 80 36 und
1133 597 288 38 harmonischer
1440 595 185 36 Hinsicht
1648 595 96 36 über

171 661 87 36 dem
287 659 318 38 Gewöhnlichen.

251 740 100 37 Dem
379 741 246 37 Yernehmen
652 741 101 38 nach
783 741 97 38 wird
908 753 51 26 an
988 741 60 36 die
1073 739 117 38 Stelle
1219 738 65 36 des
1306 739 126 35 Herrn
1455 737 265 37 Musik-Direc-

167 805 81 34 tors
292 802 230 40 Reinthaler
577 805 59 36 als
680 803 289 50 Gesanglehrer
1011 803 100 35 Herr
1151 800 147 36 Böhm
1347 812 72 24 aus
1465 800 176 38 Dresden
1691 800 52 34 im

169 864 167 38 Herbste
365 868 200 36 eintreten.

248 948 76 36 Die
352 947 221 38 Ouvertüre
603 960 49 25 zu
679 948 127 37 Judas
823 946 239 38 Maccabäus
1091 956 76 25 von
1184 944 157 37 Händel
1368 956 83 25 war
1479 945 39 35 in
1548 944 74 37 den
1649 944 70 36 Vio-

169 1008 106 38 linen
304 1010 81 36 und
412 1010 216 37 Bratschen
666 1024 75 25 von
771 1010 214 47 Zöglingen
1028 1008 66 36 der
1132 1007 143 36 Schule
1319 1007 162 46 besetzt,
1530 1006 61 36 die
1636 1006 110 37 recht

171 1071 159 38 wacker
355 1072 82 36 und
465 1075 83 35 rein
576 1074 119 36 drauf
717 1075 57 36 los
804 1071 180 38 strichen.
1033 1071 39 35 In
1103 1071 122 35 einem
1242 1070 136 36 Rondo
1404 1071 62 35 für
1485 1069 154 36 Violine
1664 1082 78 24 von

171 1134 255 48 Vieuxtemps
455 1136 125 47 zeigte
609 1136 68 36 der
699 1136 122 47 junge
849 1134 163 46 Georg
1039 1132 139 37 Krill
1220 1145 78 24 von
1336 1132 106 36 Köln
1488 1133 84 35 eine
1618 1132 123 36 schon

171 1195 90 38 sehr
288 1198 204 47 gewandte
520 1197 315 49 Bogenführung,
864 1195 192 45 Reinheit,
1094 1194 220 48 Fertigkeit
1354 1195 80 36 und
1475 1194 174 48 Eleganz
1691 1195 53 36 im

171 1258 203 50 Vortrage.
404 1261 53 36 Er
485 1262 188 35 erinnerte
701 1271 49 24 an
778 1259 109 37 einen
916 1257 182 39 früheren
1128 1257 164 37 Schüler
1320 1258 67 36 der
1416 1257 169 46 Anstalt,
1617 1258 127 36 Herrn

171 1320 136 38 Bach
348 1334 73 24 aus
450 1324 121 44 Bonn,
612 1322 65 36 der
705 1322 69 35 mit
802 1321 186 36 schönem
1017 1321 138 48 Erfolg
1185 1322 105 35 seine
1320 1321 162 36 Studien
1511 1326 116 31 unter
1651 1321 69 36 Joa-

172 1383 104 37 chim
301 1385 190 38 fortsetzt.
592 1385 78 35 Der
689 1384 124 46 junge
842 1383 208 48 August
1079 1384 218 37 Grüters
1336 1397 71 23 aus
1438 1384 224 47 Uerdingen
1689 1386 53 35 ist

172 1449 61 35 ein
261 1447 262 38 bedeutendes
554 1447 157 44 Talent;
753 1445 61 37 die
844 1445 269 49 Composition
1142 1448 105 35 eines
1277 1447 355 44 Violin-Quartetts
1662 1447 61 48 (Al-

170 1510 110 48 legro
307 1511 80 37 und
416 1511 188 43 Menuett)
634 1511 51 34 ist
716 1508 125 38 durch
870 1509 182 36 Klarheit
1090 1510 79 36 und
1197 1511 118 35 Fluss
1351 1511 90 36 sehr
1468 1510 276 47 lobenswerth,

171 1574 81 35 und
279 1574 67 37 der
374 1575 165 44 Vortrag
568 1572 66 37 des
665 1571 203 49 Capriccio
908 1573 64 35 für
999 1572 153 37 Violine
1187 1585 77 24 von
1293 1573 253 48 Vieuxtemps
1590 1572 155 48 bewies,

172 1635 87 38 dass
289 1637 66 36 der
384 1635 148 49 Spieler
560 1635 143 37 bereits
733 1636 111 36 einen
872 1633 128 39 hohen
1030 1634 105 37 Grad
1163 1647 75 25 von
1266 1635 248 37 technischer
1528 1635 217 48 Fertigkeit

171 1698 163 38 erreicht
363 1698 66 36 hat
456 1698 80 35 und
565 1697 91 36 dass
686 1698 83 35 eine
799 1696 273 36 musicalische
1101 1697 108 36 Seele
1237 1698 40 35 in
1305 1697 80 36 ihm
1413 1697 144 38 wohnt.

248 1760 187 37 Fräulein
463 1760 138 36 Anna
632 1759 100 36 Seil
761 1771 77 24 von
867 1758 85 36 hier
981 1757 137 48 spielte
1136 1758 53 37 St.
1214 1758 170 37 Heller's
1410 1759 211 36 Phantasie
1648 1759 97 37 über

174 1824 107 44 „Auf
304 1823 167 47 Flügeln
501 1822 67 36 des
826 1821 62 35 für
916 1821 232 46 Portepiano
1189 1823 71 33 mit
1298 1821 216 37 hübschem
1541 1822 204 48 Anschlag

171 1886 77 37 und
275 1887 71 35 mit
373 1887 107 35 einer
506 1885 192 47 gewissen
720 1882 185 37 Anmuth.
934 1882 204 37 Hubert
1167 1883 150 36 Greis
1346 1895 70 25 aus
1438 1884 187 36 Neuwied
1653 1887 92 45 trug

173 1948 67 37 das
256 1948 202 47 Capriccio
486 1959 76 24 von
581 1945 277 38 Mendelssohn
886 1956 100 36 ganz
1016 1945 231 48 vorzüglich
1279 1955 80 36 vor,
1392 1946 96 37 eben
1517 1959 42 24 so
1591 1946 122 37 Theo-

172 2010 86 37 dor
299 2011 249 35 Frantzen
593 2021 77 24 von
710 2007 83 37 hier
835 2007 70 35 das
936 2006 135 36 Finale
1113 2019 71 24 aus
1223 2007 277 38 Mendelssohn
1504 2009 7 14 1
1519 2021 17 23 s
1571 2009 171 36 D-moll-

172 2071 185 45 Concert;
388 2072 67 35 das
483 2071 159 36 letztere
670 2070 109 36 hatte
808 2069 258 37 stellenweise
1094 2069 161 48 ruhiger
1284 2072 81 34 sein
1394 2070 169 38 können.

251 2134 81 36 Das
364 2133 164 38 Concert
556 2133 70 36 hat
652 2133 61 36 die
742 2131 300 38 erfreulichsten
1068 2132 262 36 Fortschritte
1362 2133 66 36 der
1457 2133 191 47 Zöglinge
1677 2133 68 36 der

172 2196 158 36 Anstalt
375 2195 148 37 sowohl
571 2196 52 34 im
651 2194 272 37 Technischen
966 2193 56 36 als
1064 2193 210 38 besonders
1315 2195 103 36 auch
1461 2197 40 35 in
1541 2195 205 47 allgemein

173 2258 302 38 musicalischer
502 2258 173 49 Bildung
702 2258 188 37 bewährt.

252 2394 199 36 Drittes
508 2393 868 37 Winter-Abonnements-Concert
1434 2393 65 37 des
1557 2393 190 37 kölner

171 2456 679 48 Männergesang-Vereins,
893 2460 113 33 unter
1043 2456 171 47 Leitung
1257 2456 66 36 des
1364 2456 127 35 Herrn
1518 2456 201 36 Musik-Di-

171 2521 145 33 rectors
345 2519 41 38 F.
418 2517 179 44 Weber,
640 2529 63 25 am
734 2521 33 34 7.
796 2518 123 47 April.
973 2518 53 35 Es
1058 2517 155 38 wurden
1253 2529 74 24 nur
1355 2529 134 35 grosse
1519 2517 127 37 Chöre
1675 2519 70 35 mit

171 2579 463 48 Orchester-Begleitung
661 2579 192 48 gemacht.
910 2581 97 35 Zum
1036 2580 157 48 Anfang
1235 2580 132 36 wurde
1397 2580 345 36 Beethoven's

169 2641 408 49 Egmont-Ouverture
604 2641 111 37 recht
741 2644 73 45 gut
841 2641 245 48 ausgeführt.
1125 2642 115 35 Dann
1270 2642 139 47 spielte
1437 2642 101 36 Herr
1561 2641 160 36 Concert-

171 2705 154 36 meister
364 2703 99 37 Jul.
505 2703 276 37 Grunwald
826 2705 95 34 zwei
952 2704 114 36 Sätze
1106 2715 71 24 aus
1207 2703 87 37 dem
1323 2703 316 37 Violin-Concert
1667 2716 78 23 von

170 2766 43 35 B.
244 2766 236 47 Molique,
516 2766 74 48 Op.
622 2769 62 42 21,
727 2768 70 33 mit
824 2766 126 35 edelm
983 2766 121 45 Tone,
1151 2764 275 48 vorzüglicher
1456 2765 179 35 Technik
1663 2764 81 36 und

172 2827 184 37 schönem
385 2828 203 47 Vortrage.
618 2827 53 36 Er
699 2827 140 36 erhielt
863 2829 70 34 mit
960 2827 124 36 Recht
1112 2826 200 37 lebhaften
1340 2827 190 47 Applaus.
1578 2827 171 34 Hierauf

172 2890 122 47 folgte
324 2889 67 37 der
778 2901 69 23 aus
863 2889 228 47 Sophokles'
1109 2889 207 47 Antigone,
1349 2889 136 35 Musik
1514 2901 75 23 von
1620 2889 94 35 Men-

172 2952 258 36 delssohn.
460 2952 209 36 Vielleicht
700 2955 100 33 wäre
830 2965 50 22 an
908 2952 66 36 der
1004 2951 118 36 Stelle
1150 2951 203 36 desselben
1383 2951 130 46 heute,
1547 2964 58 24 wo
1637 2951 108 36 Men-

411 3015 266 48 Composition
699 3026 90 23 zum
811 3014 225 47 Oedipus
1065 3015 48 34 in
1131 3013 227 37 Kolonos
1388 3014 60 35 die
1467 3026 121 36 ganze
1610 3015 135 34 zweite

171 3077 244 47 Abtheilung
444 3077 67 36 des
541 3076 211 37 Concertes
797 3077 123 44 füllte,
966 3078 60 34 ein
1071 3075 161 37 anderes
1263 3075 277 48 Gesangstück
1576 3077 69 35 mit
1674 3077 48 35 Or-

170 3140 153 36 chester
349 3139 211 49 passender
586 3150 190 37 gewesen,
807 3139 48 36 da
883 3152 40 23 es
955 3138 82 38 sich
1068 3138 108 36 nicht
1204 3139 171 46 läugnen
1405 3140 110 44 lässt,
1558 3139 89 35 dass
1679 3138 66 36 der

168 3203 74 37 Stil
272 3204 126 36 dieser
427 3202 133 36 Musik
600 3214 49 23 zu
689 3203 269 46 griechischen
987 3202 249 45 Chortexten,
1284 3204 73 35 wie
1387 3215 39 23 es
1454 3204 40 34 in
1524 3202 67 36 der
1619 3203 127 35 Natur

169 3266 67 37 der
265 3266 126 36 Sache
428 3264 107 48 liegt,
577 3266 119 34 etwas
726 3264 230 37 Monotones
996 3265 78 35 hat.
1131 3265 186 35 Indessen
1345 3265 153 35 machte
1528 3265 60 36 die
1616 3265 128 35 Pause

170 3328 193 37 zwischen
392 3327 141 38 beiden
564 3326 163 36 Theilen
763 3328 83 34 eine
875 3330 93 44 gute
997 3328 220 43 Diversion,
1260 3326 80 35 und
1384 3327 60 36 die
1485 3326 261 37 vortreffliche

167 3392 252 45 Aufführung
448 3390 67 37 der
543 3389 135 36 Musik
709 3401 88 23 zum
827 3389 173 47 Oedipus
1030 3388 134 36 wurde
1193 3401 89 23 vom
1311 3388 207 36 Publicum
1548 3395 99 30 trotz
1679 3389 67 36 der

168 3451 331 48 Fremdartigkeit
527 3450 68 36 der
624 3450 124 36 Sache
777 3450 72 34 mit
877 3455 234 41 gespannter
1140 3449 255 38 Tbeilnahme
1439 3450 190 47 angehört
1664 3450 81 36 und

170 3513 187 37 verfehlte
385 3514 106 35 ihren
520 3512 202 37 Eindruck
752 3511 121 38 nicht.
920 3512 75 35 Die
1023 3512 288 35 verbindenden
1343 3512 132 35 Worte
1504 3524 77 23 von
1609 3514 43 34 L.
1681 3514 42 33 Bi-

170 3575 129 36 schoff
325 3575 129 35 hatten
478 3575 206 45 jedenfalls
713 3573 70 37 das
814 3573 208 37 Verdienst
1052 3573 66 35 der
1142 3573 130 35 Kürze
1302 3573 79 35 und
1411 3573 104 35 einer
1545 3578 178 34 verständ-

169 3637 128 36 lichen
329 3636 181 47 Sprache,
552 3636 184 36 während
767 3637 67 35 wir
864 3636 185 37 ähnliche
1079 3635 423 46 Verbindungs-Texte
1533 3648 48 24 zu
1613 3636 132 36 diesen

168 3699 140 38 beiden
338 3699 312 47 Compositionen
674 3699 311 36 Mendelssohn's
1016 3698 165 46 kennen,
1214 3698 148 35 welche
1392 3697 61 36 die
1474 3697 273 48 Holperigkeit

169 3762 68 36 der
266 3774 75 24 von
371 3761 79 35 ihm
480 3760 207 37 benutzten
706 3761 347 47 Uebersetzungen
1080 3761 100 35 noch
1211 3760 237 44 überbieten,
1477 3761 58 34 als
1566 3772 111 24 wenn
1707 3773 39 24 es

167 3836 137 25 ausser
334 3824 86 34 dem
450 3822 268 47 griechischen
747 3824 192 35 Trimcter
967 3824 80 34 und
1077 3822 67 36 der
1172 3822 274 48 griechischen
1471 3821 277 48 Wortbildung

165 3885 81 37 und
264 3885 269 46 Wortfügung
562 3884 89 35 kein
676 3884 88 35 Heil
793 3884 120 47 gäbe!
945 3885 85 35 Wie
1060 3885 90 35 weit
1172 3895 141 24 unsere
1340 3883 230 47 gerühmten
1602 3881 121 36 Ueber-

165 3954 216 41 setzungen
412 3947 66 36 der
508 3947 203 35 Classiker
753 3946 99 36 noch
896 3959 72 23 von
1012 3947 84 35 dem
1126 3945 106 37 Ziele
1261 3946 167 43 abirren,
1471 3944 145 36 ersieht
1656 3956 91 24 man

164 4017 80 32 erst
274 4012 109 36 recht
412 4010 187 45 deutlich,
644 4021 110 23 wenn
783 4008 60 36 ihr
872 4008 321 36 Zwitterdeutsch
1227 4009 39 35 in
1294 4008 134 36 Musik
1458 4011 150 44 gesetzt
1636 4006 107 37 wird.

164 4076 73 36 Die
267 4073 127 38 Chöre
435 4072 158 37 wurden
642 4072 75 34 alle
762 4070 87 37 sehr
892 4071 127 46 p/äcis
1061 4070 78 37 und
1167 4072 70 33 mit
1266 4071 199 48 Schwung
1493 4070 252 49 ausgeführt;

1822 225 311 36 auszuzeichnen
2163 236 129 26 waren
2321 224 67 38 der
2415 224 106 39 Chor
2547 226 40 35 in
2615 224 130 35 F-dur
2759 238 8 24 :
2805 224 106 47 „Zur
2939 224 316 48 rosprangenden
3279 226 115 38 Flur*

1821 285 81 36 und
1932 287 69 36 das
2030 288 315 44 Solo-Quartett:
2392 289 79 46 „Ist
2500 300 40 24 es
2568 288 218 46 verstattet,
2833 287 101 46 dich,
2978 286 223 37 nächtliche
3244 288 149 46 Göttin,

1822 360 48 22 zu
2099 350 166 37 welches
2307 351 254 37 unmittelbar
2604 350 72 36 auf
2716 349 61 37 die
2813 349 341 38 Abschiedsworte
3200 350 66 37 des
3306 362 89 25 zum

1820 409 107 36 Tode
1955 411 204 46 gehenden
2186 413 153 46 Königs
2369 425 76 24 von
2474 411 257 50 ergreifender
2758 411 198 48 Wirkung
2983 422 93 26 war.
3132 412 87 36 Wir
3255 411 140 38 wollen

1818 471 110 37 nicht
1955 473 98 36 über
2081 473 73 36 den
2182 475 179 46 Vorrang
2390 475 67 36 der
2486 476 110 35 einen
2624 473 266 48 Composition
2918 485 71 24 vor
3018 473 67 37 der
3114 474 167 37 anderen
3310 476 87 45 (zur

1818 533 197 47 Antigone
2043 535 82 35 und
2155 546 88 24 zum
2272 535 190 48 Oedipus)
2484 537 173 44 streiten,
2680 535 101 37 auch
2802 535 108 35 nicht
2933 535 176 46 darüber,
3140 536 48 37 ob
3217 549 40 24 es
3286 536 110 36 nicht

1820 596 84 35 eine
1933 595 349 48 zweckmässigere
2312 597 409 48 Compositionsweise
2750 599 63 36 für
2840 597 114 37 beide
2982 597 174 48 gegeben
3184 598 120 47 hätte,
3337 600 58 36 als

1820 657 61 35 die
1909 657 158 36 modern
2110 657 80 37 und
2235 659 72 35 frei
2347 661 289 47 musicalische,
2682 662 60 35 die
2772 659 277 37 Mendelssohn
3088 661 193 46 gewählt;
3326 661 69 38 das

1820 720 92 36 aber
1939 720 152 37 scheint
2117 732 75 24 uns
2222 723 155 46 gewiss,
2408 722 90 37 dass
2528 723 61 37 die
2617 724 324 48 Empfindungen,
2984 723 146 35 welche
3170 723 66 37 der
3263 724 134 38 Inhalt

1821 782 67 37 des
1917 783 232 48 Oedipus
2178 786 149 45 anregt,
2356 795 160 26 unserer
2544 785 165 38 Gefühls
2714 788 115 34 weise
2857 785 80 37 und
2966 796 159 25 unserer
3142 786 254 38 Theilnahme

1818 847 92 35 weit
1936 845 125 38 näher
2086 845 141 48 liegen,
2257 845 57 37 als
2345 845 61 37 die
2435 849 224 46 tragischen
2688 849 199 36 Elemente
2916 849 38 35 in
2985 848 67 36 der
3081 849 204 48 Antigone.

1897 1086 76 35 Die
2001 1084 202 38 berühmte
2232 1085 188 47 Sängerin
2451 1083 171 38 Sennora
2650 1085 193 47 Anglks
2872 1085 54 38 de
2954 1087 229 47 Fortuni,
3227 1079 62 44 die
3332 1087 59 36 als

1819 1157 62 37 die
1910 1158 133 37 Krone
2072 1158 66 36 der
2165 1157 209 37 zierlichen
2404 1157 322 48 Sopranistinnen
2755 1161 204 46 gepriesen
2989 1160 108 46 wird,
3145 1162 53 35 ist
3240 1165 156 43 gestern

1818 1229 160 37 Abends
2008 1231 38 34 in
2078 1230 66 36 der
2172 1230 156 36 Lucia
2370 1228 83 37 hier
2491 1229 253 46 aufgetreten.
2799 1230 63 36 Da
2893 1242 119 25 unser
3039 1232 110 35 Blatt
3177 1232 118 37 schon
3328 1245 69 26 vor

1818 1301 109 36 Ende
1956 1301 69 36 der
2053 1301 257 47 Vorstellung
2338 1301 252 48 geschlossen
2620 1313 91 31 war,
2743 1314 42 24 so
2814 1302 157 35 können
3000 1303 71 35 wir
3100 1306 79 33 erst
3208 1304 39 36 in
3276 1303 95 38 näch-

1820 1376 79 35 ster
1927 1373 183 37 Nummer
2138 1374 97 36 über
2263 1373 107 37 diese
2401 1372 322 48 ausgezeichnete
2748 1374 231 35 Künstlerin
3007 1372 213 38 berichten.

2013 3457 107 33 Wie
2724 3455 469 43 Musik-Zeitung*

1815 3536 203 37 erscheint
2037 3534 123 48 jeden
2188 3533 189 49 Samstag
2414 3536 42 33 in
2495 3535 131 34 einem
2660 3546 158 36 ganzen
2855 3534 139 47 Bogen
3036 3533 73 36 mit
3147 3531 252 48 zwanglosen

1818 3589 203 48 Beilagen.
2039 3609 48 4 —
2105 3590 82 33 Der
2213 3587 415 47 Abonnementspreis
2643 3588 166 46 beträgt
2822 3589 67 33 für
2912 3587 74 35 das
3006 3585 202 47 Halbjahr
3239 3589 19 31 2
3280 3584 123 43 Thlr.,

1818 3643 65 35 bei
1906 3643 75 35 den
2008 3643 50 34 K.
2076 3653 158 35 preuss.
2249 3641 341 35 Post-Anstalten
2620 3644 19 33 2
2658 3641 116 35 Thlr.
2787 3642 22 34 5
2834 3640 90 47 Sgr.
2951 3640 100 35 Eine
3079 3639 186 35 einzelne
3277 3638 87 36 Num-

1818 3707 83 24 mer
1929 3699 24 32 4
1983 3695 90 48 Sgr.
2099 3694 531 48 Einrückungs-Gebühren
2656 3705 71 36 per
2752 3693 216 37 Petitzeile
2997 3696 19 32 2
3048 3692 76 48 Sgr

1870 3768 129 35 Briefe
2025 3766 83 36 und
2136 3767 295 48 Zusendungen
2460 3766 103 37 aller
2597 3768 79 34 Art
2701 3766 161 36 werden
2884 3770 121 32 unter
3038 3764 71 37 der
3133 3763 175 37 Adresse
3334 3761 70 37 der

1820 3822 52 36 M.
1899 3818 578 49 DuMont-Schauberg'schen
2501 3819 333 48 Buchhandlung
2865 3820 43 35 in
2936 3818 106 37 Köln
3070 3817 178 37 erbeten.

1928 3940 365 40 Veranwortlichcr
2320 3940 313 51 Herausgeber:
2670 3938 113 40 Prof.
2810 3939 46 39 L.
2887 3935 186 43 BischofT
3096 3935 40 39 in
3168 3934 123 38 Köln.

1875 4002 219 53 Verleger:
2124 4003 56 39 M.
2211 4001 548 49 DuMont-Schauberg'sche
2792 3999 328 47 Buchhandlung
3154 3996 40 39 in
3228 3996 119 38 Köln.

1851 4065 197 40 Drucker:
2079 4066 56 39 M.
2166 4065 444 50 DuMont-Schaubcrg
2639 4066 38 36 in
2714 4064 122 42 Köln,
2867 4060 260 41 Breiistrasse
3159 4058 47 38 7G
3241 4067 35 31 u.
3309 4059 66 38 18.

2296 1714 618 57 Ankündigungen.

2196 1905 199 49 Neue
2432 1901 590 56 €lavier-Stüeke

2406 1985 61 50 im
2498 1985 202 67 Verlage
2735 2002 91 35 von

1895 2067 49 61 G.
1982 2067 47 61 F.
2065 2067 244 75 PETERS,
2365 2067 196 60 Bureau
2598 2067 59 60 de
2696 2067 240 78 Musique,
2974 2067 52 60 in
3063 2067 255 64 LEIPZIG.

1825 2166 143 45 Bach,
2007 2166 30 35 J
2044 2166 65 37 oh.
2149 2164 114 49 Seb.j
2304 2165 24 36 8
2360 2163 180 37 Preludes
2563 2175 101 38 pour
2693 2163 190 45 Clavecin,
2924 2166 88 35 tires
3041 2165 62 36 des
3132 2165 202 38 Exercices
3365 2175 31 29 et

2144 2218 134 37 Suites.
2312 2218 75 38 Nr.
2416 2218 36 35 5.
2510 2221 22 32 7
2542 2216 8 21 l
2551 2219 21 45 /
2573 2242 14 25 2
2619 2217 87 48 Ngr.

1826 2272 286 45 Beethoven,
2152 2272 42 35 L.
2233 2284 104 32 van,
2392 2271 205 36 Deuxieme
2627 2271 158 36 Concert
2817 2283 97 36 pour
2943 2270 127 37 Piano
3100 2272 92 38 seid.
3236 2272 66 50 Op.
3337 2273 60 39 19.

2142 2325 174 36 Nouvelle
2345 2324 167 44 Edition,
2542 2337 110 22 revue
2681 2330 32 28 et
2742 2324 175 47 corrigee.
2977 2325 19 34 1
3035 2324 96 38 Thlr.

1822 2379 134 36 Henri
1970 2380 56 45 ig,
2060 2377 216 44 Charles,
2309 2376 357 37 Polka-Mazourka
2694 2376 185 40 brillante.
2912 2378 65 49 Op.
3007 2378 62 37 44.
3128 2378 50 35 12
3201 2378 89 49 Ngr.

2038 2432 151 35 Grande
2219 2430 200 36 Polonaise
2444 2431 117 45 facile
2589 2438 32 27 et
2651 2430 185 39 brillante.
2873 2431 65 48 Op.
2965 2430 63 39 45.
3090 2432 47 35 12
3167 2432 89 48 Ngr.

2039 2484 209 37 Tarantelle
2272 2484 119 46 facile
2419 2490 32 29 et
2479 2484 184 35 brillante.
2697 2485 64 48 Op.
2790 2484 62 37 46.
2914 2484 46 35 15
2994 2484 89 47 Ngr.

1819 2539 29 36 L
1863 2538 290 44 oeschhorn,
2185 2536 60 46 A.,
2276 2537 25 35 3
2332 2538 125 35 Pieces
2483 2538 187 45 fugitives.
2702 2537 66 49 Op.
2798 2537 63 38 46.
2918 2537 52 35 20
3001 2538 87 45 Ngr.

2032 2592 70 35 Les
2131 2604 131 23 meines
2292 2604 180 36 separees.
2519 2591 67 48 Op.
2617 2591 62 39 46.
2723 2590 69 38 Nr.
2825 2590 36 45 1,
2897 2591 26 34 3
2953 2592 48 45 (ä
3033 2592 49 33 10
3112 2591 116 48 Ngr.)
3234 2620 9 19 y
3277 2592 65 36 Ar.
3372 2592 24 34 2

2461 2644 43 48 (',
2615 2644 110 48 Ngr.)

1820 2698 240 47 Steglich,
2090 2698 64 44 11.,
2185 2698 207 49 Speranza.
2425 2698 207 35 Romance.
2667 2696 68 49 Op.
2770 2697 32 37 1.
2861 2696 49 36 10
2940 2697 90 47 Ngr.

2032 2750 153 40 Amelie.
2218 2750 223 39 Mazourka.
2474 2750 66 49 Op.
2571 2751 36 37 4.
2667 2750 49 34 12
2748 2749 90 48 JSgr.

1996 2825 9 5 -
2034 2805 198 36 Serenade.
2267 2804 64 48 Op.
2362 2804 36 37 5.
2458 2803 49 35 10
2536 2803 91 47 Ngr.

2039 2858 210 35 Tarantelle
2278 2857 187 36 brillante.
2498 2856 66 49 Op.
2594 2857 39 36 6.
2690 2855 54 35 20
2773 2854 89 48 JSgr.

1832 2911 125 45 Voss,
2001 2909 222 45 Charles,
2268 2911 57 38 2e.
2354 2911 145 46 Grande
2527 2909 154 36 Marche
2710 2909 43 35 de
2782 2909 194 35 Bravoure
3004 2909 148 49 d'apres
3181 2909 61 36 des
3271 2908 127 48 Motifs

2138 2964 42 35 de
2210 2963 40 37 C.
2280 2964 50 38 M.
2361 2964 43 35 de
2444 2963 136 38 Weber.
2618 2963 65 47 Op.
2711 2961 92 39 234.
2833 2961 69 38 Nr.
2934 2963 36 38 2.
3027 2963 54 34 20
3109 2962 89 48 Ngr.

2034 3017 98 36 Avec
2166 3018 89 35 Toi!
2283 3015 194 49 Dialogue.
2505 3017 66 48 Op.
2600 3016 92 37 235.
2723 3016 66 37 Nr.
2819 3016 37 37 2.
2913 3015 53 35 20
2991 3015 90 48 Ngr.

1869 3146 85 35 Alle
1979 3147 40 34 in
2049 3146 124 34 dieser
2195 3144 329 49 Musik-Zeitung
2552 3145 290 49 besprochenen
2876 3144 83 35 und
2985 3143 299 47 angekündigten
3311 3144 90 35 Mu-

1812 3200 159 36 sicalieti
1995 3207 74 29 etc.
2093 3199 90 35 sind
2209 3211 47 23 zu
2281 3199 176 36 erhallen
2483 3201 41 33 in
2553 3198 69 35 der
2645 3205 95 29 stets
2764 3196 235 47 vollständig
3030 3198 227 35 assortirten
3278 3196 123 37 Musi-

1814 3253 358 46 calien-Handlung
2206 3253 106 35 nebst
2345 3252 250 37 Leihanstalt
2633 3266 75 21 von
2750 3251 105 35 BEli
2866 3250 184 36 JSHARD
3093 3251 62 34 Bit
3167 3250 146 36 EUER
3359 3254 36 31 in

1819 3306 142 44 Köln,
1993 3306 249 37 Hochstrasse
2266 3306 73 36 Nr,
2366 3306 67 36 97.
