3576 4315
1746 101 106 55 125

189 250 122 69 lang'
344 253 85 48 wir
458 253 137 49 allein
626 249 117 58 sind,
766 251 149 66 geht's
938 266 51 32 so
1015 249 43 48 in
1081 248 170 49 Einem
1275 249 103 57 hin;
1410 248 96 49 und
1529 248 89 49 den
1641 265 87 33 ver-

187 339 234 43 trauten
465 331 329 50 Briefwechsel
839 330 130 50 wirst
1018 330 80 47 Du
1143 327 90 50 mir
1274 327 127 51 nicht
1443 327 315 69 ausplaudern

187 411 115 51 oder
339 429 86 51 gar
456 410 208 51 drucken
693 411 168 57 lassen,
900 409 90 48 wie
1026 409 80 47 Du
1143 407 236 51 einstmals
1418 409 336 52 verrätherisch

189 491 188 68 gethan.
433 493 140 47 Denn
604 490 198 50 manche
830 487 355 67 Anspielungen
1215 487 87 51 auf
1328 507 165 33 unsere
1521 491 205 66 Jungens-

181 570 138 66 jahre
348 570 204 48 versteht
580 569 73 49 ein
696 566 312 69 „gedruckter
1248 567 141 60 nicht,
1426 569 95 49 und
1552 569 204 49 ohnehin

188 649 120 51 wird
330 650 51 66 ja
410 667 50 33 so
485 649 223 51 Manches
739 647 122 50 nach
890 646 225 60 Partitur,
1147 647 189 69 Auszug
1366 649 94 49 und
1486 649 269 67 Anhörung

185 738 362 58 vorausgesetzt,
578 729 104 49 dass
712 729 103 48 eine
837 726 200 66 Zeitung
1067 744 47 33 es
1135 726 144 52 kaum
1302 729 243 51 brauchen
1568 729 188 49 könnte.

190 809 139 49 Also:

308 888 188 50 Weiter
526 888 61 48 im
618 888 122 48 Text
769 885 96 50 und
894 903 103 32 zum
1030 886 236 51 Schlüsse!
1314 886 168 51 Neben
1512 886 91 50 den
1633 886 127 50 nicht

189 968 255 67 typischen,
515 966 148 50 daher
717 965 226 50 zuweilen
998 966 118 50 auch
1173 968 126 49 nicht
1354 964 401 71 rhythmischen*)

190 1048 251 49 Schlüssen
463 1045 102 50 sind
589 1045 88 48 mir
701 1044 74 51 die
797 1045 65 50 oft
886 1046 261 50 unnützlich
1166 1046 132 51 drein
1316 1045 248 52 hauenden
1581 1046 148 59 Quart-

189 1135 163 42 sexten
383 1126 73 49 bei
486 1125 277 50 Beinthaler
790 1125 188 50 störend
1008 1144 234 50 gewesen,
1274 1145 44 31 u.
1345 1128 57 49 A.
1432 1128 46 48 S.
1498 1125 72 51 89
1596 1125 159 57 Ende;

192 1205 64 50 77
294 1205 215 65 Anfang;
542 1204 90 58 91,
664 1204 52 58 2,
749 1204 57 58 3;
841 1204 49 59 8,
917 1204 51 61 3,
1007 1206 51 57 1;
1096 1206 86 59 12,
1215 1206 51 59 2,
1294 1204 171 59 53,
1492 1204 29 49 7
1556 1223 44 30 u.
1632 1222 33 33 s.
1695 1222 59 33 w.

189 1282 325 68 Merkwürdig
556 1285 56 48 ist
651 1284 84 51 der
771 1285 174 50 freilich
975 1286 219 68 zufällige
1225 1286 442 65 Quartsext-Klang
1712 1285 44 50 in

188 1364 129 49 einer
347 1364 141 48 Stelle
517 1362 80 50 des
626 1371 126 42 sonst
780 1365 132 48 recht
933 1364 414 51 ausdrucksvollen
1375 1365 150 50 Chors
1548 1365 83 48 Nr.
1669 1364 86 58 15,

188 1462 73 31 wo
307 1444 46 49 S.
387 1443 89 59 73,
514 1444 46 58 1,
590 1445 33 48 4
669 1444 83 51 der
781 1445 113 50 Bass
935 1445 102 48 eine
1082 1448 175 45 unnütz
1300 1445 131 50 harte
1473 1444 250 49 Stimmfüh-

189 1540 121 50 rung
339 1523 103 49 hat:

189 2123 75 51 die
292 2123 143 50 selbst
463 2123 85 50 der
578 2123 177 50 eiserne
773 2122 109 51 Seb.
900 2123 130 50 Bach
1060 2122 168 51 milder
1257 2123 153 68 geben
1439 2124 183 60 würde,
1652 2126 106 49 dem

187 2203 473 68 contrapunktischen
702 2203 183 50 Thema
927 2202 328 69 nachgehend,
1299 2205 88 49 wie
1423 2203 75 51 bei
1538 2205 37 50 b.
1619 2205 139 50 Auch

187 2282 73 51 die
288 2281 245 68 stupfende
564 2283 287 59 Quartsexte
879 2282 62 50 im
973 2281 279 51 drittletzten
1283 2285 142 48 Tacte
1455 2285 45 49 S.
1539 2283 105 51 102
1677 2302 55 50 ge-

187 2362 109 51 hört
324 2362 183 51 hieher:

307 2808 163 49 Wenn
500 2809 80 48 Du
618 2808 121 49 mich
782 2826 97 31 nun
921 2808 176 49 wieder
1128 2808 334 67 anschuldigst,
1506 2808 83 49 der
1633 2809 125 50 alten

187 2886 474 50 schulmeisterlichen
693 2886 346 68 Corrigirsucht
1068 2906 55 30 zu
1153 2888 108 48 sehr
1290 2888 386 66 nachzuhangen,
1707 2904 49 32 so

185 2982 112 49 sage
326 2967 73 48 ich
429 2967 208 49 erstlich:
1154 2969 52 47 tu
1310 2965 87 51 l'as
1539 2967 169 50 voulu!
1054 2967 70 49 ich
1153 2967 124 49 habe
1295 2968 122 48 mich
1441 2968 136 66 lange
1600 2984 158 50 genug

187 3045 241 65 gewehrt;
461 3045 95 49 und
585 3045 125 50 dann
742 3045 204 50 erkenne
970 3045 119 50 doch
1115 3047 137 57 auch,
1283 3045 104 51 dass
1416 3047 72 48 ich
1520 3047 207 48 aufmerk-

185 3139 98 33 sam
315 3124 326 66 eingegangen
692 3124 79 48 bin
820 3124 97 50 und
966 3125 137 49 vieles
1147 3125 200 57 Schöne,
1384 3125 371 50 Lobenswerthe

188 3201 282 50 anerkenne.
522 3201 106 50 Und
659 3203 155 48 wollte
853 3203 71 48 ich
956 3203 121 48 auch
1109 3203 100 48 hier
1239 3203 315 49 Einzelheiten
1586 3204 140 48 aushe-

189 3280 107 59 ben,
326 3299 36 31 z.
392 3281 54 49 B.
479 3280 72 50 die
588 3280 392 50 unnachahmlich
1018 3280 214 50 liebliche
1269 3281 486 68 Secunden-Sequenz

187 3361 45 47 S.
273 3359 123 60 104,
429 3360 51 59 2,
514 3359 27 49 7
575 3360 46 48 in
651 3359 91 48 den
771 3359 167 49 beiden
961 3359 385 58 Unterstimmen,
1384 3360 116 50 oder
1528 3360 73 50 die
1629 3369 126 42 zarte

185 3438 272 67 Beziehung
498 3438 231 49 zwischen
772 3438 105 48 dem
919 3438 377 66 Fugen-Thema
1340 3440 44 48 S.
1423 3439 126 58 110,
1587 3440 21 48 1
1658 3439 96 49 und

188 3516 291 51 demArioso
517 3518 124 58 107,
667 3518 52 58 2,
749 3518 46 57 1,
827 3518 87 48 wie
936 3516 104 50 Bild
1069 3516 94 50 und
1189 3518 262 66 Gegenbild
1481 3519 274 67 ausspricht,

188 3614 96 33 was
314 3596 82 50 der
427 3599 119 47 Text
575 3596 175 68 logisch
780 3604 125 58 sagt:
947 3596 151 58 „Was
1128 3596 171 50 weinet
1326 3596 75 50 ihr
1429 3614 49 33 so
1509 3599 108 48 sehr
1627 3605 16 18 1,

199 3676 155 56 „Gott,
386 3678 77 47 Du
494 3675 89 50 bist
613 3675 122 50 mein
927 3675 133 66 —ja,
1084 3674 58 49 da
1166 3674 165 49 würde
1355 3675 84 50 der
1460 3676 135 49 Brief
1610 3676 116 49 eben-

189 3754 99 49 falls
320 3755 103 50 kein
453 3754 136 51 Ende
632 3753 174 50 finden.
866 3754 123 49 Was
1032 3754 124 48 hätte
1199 3754 71 48 ich
1312 3762 127 40 sonst
1481 3755 118 50 noch
1644 3755 111 50 alles

188 3834 85 47 auf
296 3834 105 49 dem
433 3835 208 50 Herzen!
684 3853 36 30 z.
750 3834 52 48 ß.
835 3831 74 51 die
940 3834 156 66 Frage
1134 3833 118 49 nach
1294 3831 84 51 der
1406 3834 166 48 echten
1601 3835 153 48 Voca-

268 3963 8 14 :
279 3963 15 44 )
324 3963 102 35 Dass
443 3963 223 47 Khythmus
695 3963 80 36 und
791 3963 138 47 Typus
958 3963 191 36 innerlich
1176 3963 101 36 nahe
1306 3962 200 38 verwandt
1535 3963 101 48 sind,
1665 3963 91 36 hast

319 4024 66 34 Du
409 4026 73 35 mir
511 4026 126 37 selber
666 4026 142 36 einmal
835 4026 192 35 bewiesen
1136 4024 93 37 aber
1270 4025 62 36 die
1373 4027 185 34 neuesten
1592 4026 165 35 Maöstri

320 4084 188 38 werden's
536 4088 110 35 nicht
674 4085 184 51 glauben.
1033 4085 98 48 Ach,
1160 4086 113 47 Herr,
1305 4099 76 24 wer
1407 4086 139 48 glaubt
1573 4098 183 26 unserem

321 4145 213 49 Predigen!

1830 249 114 59 lität,
1973 247 124 51 nach
2126 246 106 51 dem
2263 247 286 53 Verhältniss
2591 250 82 51 der
2699 253 186 67 Sänger
2928 249 98 51 und
3055 249 182 68 Spieler
3269 255 137 43 unter

1832 326 243 61 einander,
2105 326 121 51 nach
2257 325 83 51 der
2365 327 152 50 Kunst
2539 327 82 51 der
2644 331 403 66 Stimmführung,
3078 329 85 51 der
3180 329 194 49 Verwen-

1831 407 130 68 dung
1990 406 85 50 der
2105 407 241 49 Tonarten
2386 404 205 68 (letztere
2627 407 73 51 bei
2732 413 53 47 R.
2817 409 181 68 gesund
3029 409 95 51 und
3155 409 220 49 rühmens-

1830 487 152 50 werth
2025 485 153 61 darin,
2221 485 105 51 dass
2368 503 52 33 er
2462 486 74 50 die
2578 486 376 54 abenteuerliche
3000 487 278 53 Chromatik
3322 486 84 52 der

1830 566 260 51 modernen
2112 566 298 50 Neuntödter
2439 565 209 67 meidet),
2678 567 182 50 endlich
2888 569 119 49 nach
3036 570 246 66 Plagiaten
3307 566 98 51 und

1831 645 314 67 dergleichen.
2191 646 193 50 Solches
2414 646 113 50 alles
2558 649 188 45 müssen
2776 647 86 47 wir
2890 647 245 49 nächstens
3163 646 239 51 mündlich

1832 725 394 67 durchsprechen.
2283 726 107 51 Und
2442 744 140 32 wenn
2634 726 72 50 ich
2763 726 150 50 Deine
2955 726 188 50 Freude
3185 726 217 66 dämpfen

1834 811 191 52 musste,
2062 804 84 50 der
2174 806 78 48 Du
2291 805 46 49 in
2366 806 202 50 Deinem
2598 805 219 67 Liebling
2862 805 136 49 einen
3039 821 152 32 neuen
3221 805 182 51 Händel

1834 884 268 49 erblicktest
2112 885 145 50 —ein
2287 885 231 63 Prädicat,
2551 885 84 51 das
2666 886 97 50 ihm
2795 886 128 49 nicht
2953 885 149 58 mehr,
3134 884 126 49 nicht
3288 885 89 48 min-

1832 962 86 51 der
1945 964 224 67 gebührt,
2199 965 67 50 als
2293 965 428 60 Mendelssohn—,
2752 984 115 39 nun,
2899 983 51 32 so
2979 964 169 49 treffen
3176 964 88 49 wir
3294 964 84 49 wie-

1832 1042 84 50 der
1944 1042 197 50 überein
2170 1044 46 48 in
2245 1042 84 50 der
2357 1044 358 68 Anerkennung
2754 1044 83 51 des
2867 1042 243 60 Strebens,
3153 1059 137 34 wenn
3320 1044 86 48 wir

1832 1122 149 50 dieses
2005 1122 121 50 auch
2149 1124 120 49 nach
2292 1124 375 51 verschiedenem
2692 1126 402 50 Maassemessen.
3125 1122 125 51 Was
3279 1121 102 50 übri-

1834 1219 113 50 gens
1977 1201 75 50 die
2081 1202 221 67 heilige
2334 1202 245 50 Tonkunst
2605 1205 189 65 angeht,
2818 1222 51 31 so
2895 1204 82 49 hat
2998 1202 97 50 sich
3119 1202 51 67 ja
3200 1200 205 49 kürzlich

1832 1284 56 48 E.
1919 1281 283 51 Hanslick
2231 1282 46 49 in
2307 1281 84 51 der
2420 1282 469 53 Niederrheinischen
2912 1282 386 67 Musik-Zeitung
3328 1280 78 51 bei

1835 1360 307 67 Gelegenheit
2180 1361 86 50 der
2293 1378 174 51 graner
2494 1361 151 50 Messe
2674 1379 50 33 so
2754 1362 398 68 ausgesprochen,
3195 1359 107 50 dass
3331 1360 74 49 ich

1834 1441 152 50 meine
2013 1441 258 50 Ansichten
2301 1459 90 32 nur
2419 1441 221 68 bestätigt
2668 1441 137 51 finde.
2920 1443 121 49 Dein
3073 1440 333 51 unverbesser-

3106 1522 178 48 DIXI.

1831 1521 145 49 licher
2005 1522 120 48 alter

2221 1770 381 74 August
2680 1767 310 78 Gathy.

2463 1888 307 50 (Nekrolog.)

1878 2015 9 7 •
1951 1996 88 48 Die
2069 1995 172 49 Kunde
2283 2013 89 31 von
2413 1995 109 49 dem
2551 1995 132 49 Tode
2714 1995 207 67 Gathy's,
2965 1994 84 49 der
3078 2011 78 32 am
3188 1995 49 49 8.
3269 1996 133 66 April

1831 2074 48 48 in
1909 2074 130 49 Paris
2081 2072 256 59 verschied,
2376 2074 124 49 kann
2537 2074 129 48 nicht
2699 2074 254 57 verfehlen,
2993 2072 47 49 in
3082 2072 323 51 Deutschland

1834 2170 184 50 grosses
2046 2154 254 66 Mitgefühl
2340 2171 59 31 zu
2439 2170 216 50 erregen,
2711 2154 54 48 In
2804 2152 154 68 Gathy
2998 2152 59 49 ist
3099 2152 73 50 ein
3212 2152 195 51 Mensch

1832 2249 91 33 von
1965 2231 168 60 edelm,
2178 2231 358 67 aufopferndem
2569 2231 263 50 Charakter
2874 2230 95 49 und
3014 2231 129 50 einer
3316 2231 90 50 den

1834 2312 217 66 wenigen
2094 2311 353 50 musicalischen
2490 2311 362 50 Schriftstellern
2894 2311 395 67 heimgegangen,
3332 2311 74 50 die

1832 2391 121 50 noch
1995 2391 84 48 mit
2121 2390 303 67 gründlicher
2453 2390 365 49 Sachkenntniss
2857 2390 98 49 und
2997 2390 408 49 unbestechlicher

1832 2469 379 67 Ueberzeugung
2239 2469 120 49 über
2387 2469 322 49 musicalische
2737 2470 156 48 Kunst
2922 2467 97 50 und
3047 2469 242 59 Künstler,
3321 2470 79 48 mit

1831 2547 358 68 Ausscheidung
2248 2549 110 49 alles
2417 2547 278 50 Gewäsches
2752 2547 95 49 und
2903 2547 203 50 banalen
3161 2549 210 66 Kunstge-

1830 2627 267 58 schwätzes,
2141 2626 245 50 schreiben
2415 2626 187 50 können
2634 2626 95 50 und
2760 2627 184 49 wollen.
3001 2627 162 49 Damit
3190 2626 211 51 verband

1834 2724 51 32 er
1914 2707 101 49 eine
2047 2706 292 59 Humanität,
2370 2705 75 49 die
2473 2706 127 48 nicht
2629 2723 82 31 aus
2742 2705 325 67 persönlichen
3082 2705 319 51 Rücksichten

1831 2793 272 59 entsprang,
2131 2785 204 49 sondern
2363 2785 45 48 in
2438 2784 106 49 dem
2568 2785 181 51 Wesen
2781 2785 151 48 seiner
2954 2785 169 58 Natur,
3152 2785 46 48 in
3227 2785 171 49 seinem

1832 2873 144 58 guten
2004 2866 187 47 Herzen
2235 2864 95 49 und
2365 2864 175 49 seinem
2584 2864 342 49 bescheidenen
2955 2864 142 49 Sinne
3133 2864 268 66 begründet

1831 2961 114 32 war.
1991 2945 51 47 In
2085 2942 84 50 der
2197 2942 352 50 musicalischen
2582 2944 132 49 Welt
2756 2942 247 66 allgemein
3045 2942 219 66 geachtet
3301 2942 94 49 und

1830 3040 89 32 von
1957 3024 137 57 allen,
2125 3022 73 49 die
2227 3022 78 49 ihn
2335 3039 211 48 genauer
2574 3021 222 59 kannten,
2837 3020 191 67 geliebt,
3067 3021 127 50 hatte
3223 3039 53 32 er
3304 3021 91 50 den

1830 3101 275 50 Aufenthalt
2146 3101 45 48 in
2227 3101 131 48 Paris
2398 3100 90 48 lieb
2518 3116 276 50 gewonnen.
2854 3100 152 49 Allein
3050 3118 52 31 er
3144 3118 102 33 war
3289 3101 104 48 kein

1829 3181 144 48 Mann
1995 3179 83 49 der
2100 3180 182 57 Salons,
2311 3177 202 51 sondern
2544 3179 139 59 lebte,
2714 3179 217 49 wiewohl
2961 3196 53 32 er
3043 3180 82 49 mit
3155 3180 121 51 allen
3304 3181 59 48 Be-

1829 3260 316 48 rühmtheiten
2188 3259 46 48 in
2262 3257 312 68 Verbindung
2613 3259 153 58 stand,
2809 3259 121 49 doch
2973 3259 44 49 in
3062 3259 331 49 bescheidener

1829 3337 515 68 Zurückgezogenheit;
2395 3355 62 32 er
2499 3339 161 48 suchte
2688 3337 312 59 Niemanden,
3030 3337 114 50 aber
3172 3337 74 50 die
3275 3337 89 51 Ver-

1826 3425 144 42 treter
1990 3416 82 50 der
2090 3417 155 49 Kunst
2268 3416 94 50 und
2385 3416 239 51 Literatur
2645 3417 193 49 suchten
2862 3417 110 58 ihn,
2998 3416 93 50 und
3113 3417 96 49 sein
3233 3417 135 50 schar-

1831 3496 66 50 fer
1926 3495 252 60 Verstand,
2207 3496 125 48 seine
2362 3496 127 48 reine
2518 3497 150 58 Seele,
2697 3496 94 48 sein
2822 3494 381 50 unzerstörbares
3221 3496 140 51 Wohl-

1830 3576 185 57 wollen,
2038 3575 126 49 seine
2188 3575 305 67 aufopfernde
2520 3574 387 66 Willfährigkeit,
2936 3576 127 47 seine
3085 3582 111 42 stets
3222 3575 176 49 bereite

1830 3654 232 49 Aushülfe
2095 3655 212 49 fesselten
2337 3655 105 48 Alle
2470 3671 60 32 an
2559 3654 94 48 ihn.

1947 3734 53 48 In
2050 3734 125 48 diese
2216 3734 123 48 Seite
2387 3732 148 50 seines
2586 3731 284 51 Charakters
2914 3734 108 48 lässt
3059 3735 74 48 ein
3171 3735 131 48 Brief
3340 3753 57 31 an

1829 3812 136 49 einen
1987 3812 322 51 Kunstfreund
2332 3812 45 50 in
2399 3811 335 57 Deutschland,
2763 3814 160 48 Herrn
2956 3815 51 47 C.
3040 3815 51 48 B.
3123 3816 45 47 in
3191 3815 205 56 Minden,

1830 3891 136 48 einen
1996 3892 333 49 interessanten
2359 3891 129 50 Blick
2517 3890 132 49 thun.
2709 3891 153 66 Gathy
2894 3891 304 67 beschäftigte
3228 3894 92 47 sich
3351 3894 41 44 in

1831 3969 89 50 den
1952 3971 165 48 letzten
2145 3971 175 50 Jahren
2351 3970 350 66 hauptsächlich
2732 3971 83 48 mit
2845 3971 129 48 einer
3002 3970 168 51 dritten
3194 3971 198 64 Auflage

1827 4050 150 49 seines
2047 4050 445 49 musicalischen
2563 4050 449 51 Conversations
3038 4079 16 8 -
3083 4049 308 57 Lexikons,

1832 4127 164 52 dessen
2034 4129 159 50 zweite
2234 4129 62 48 im
2324 4127 146 51 Jahre
2509 4127 146 51 1840
2687 4129 76 49 bei
2793 4130 246 65 Niemeyer
3067 4130 44 47 in
3142 4127 250 66 Hamburg
