<?xml version="1.0" encoding="UTF-8"?>
<alto xmlns:xsi="http://www.w3.org/2001/XMLSchema-instance" xmlns="http://www.loc.gov/standards/alto/ns-v2#" xsi:schemaLocation="http://www.loc.gov/standards/alto/ns-v2# http://www.loc.gov/standards/alto/alto-v2.0.xsd" xmlns:xlink="http://www.w3.org/1999/xlink">
	<Description>
		<MeasurementUnit>mm10</MeasurementUnit>
		<sourceImageInformation>
			<fileName>//fileserver7/IN2-2/Princeton/bmtnabj/1905/05/01_01/00000267.tif</fileName>
		</sourceImageInformation>
		<OCRProcessing ID="OCRPROCESSING_1">
			<preProcessingStep>
				<processingSoftware>
					<softwareCreator>CCS Content Conversion Specialists GmbH, Germany</softwareCreator>
					<softwareName>CCS docWorks</softwareName>
					<softwareVersion>6.7-1.20</softwareVersion>
				</processingSoftware>
			</preProcessingStep>
			<ocrProcessingStep>
				<processingSoftware>
					<softwareCreator>ABBYY (BIT Software), Russia</softwareCreator>
					<softwareName>FineReader</softwareName>
					<softwareVersion>10.0</softwareVersion>
				</processingSoftware>
			</ocrProcessingStep>
		</OCRProcessing>
		<OCRProcessing ID="OCRPROCESSING_2">
			<preProcessingStep>
				<processingSoftware>
					<softwareCreator>CCS Content Conversion Specialists GmbH, Germany</softwareCreator>
					<softwareName>CCS docWorks</softwareName>
					<softwareVersion>6.7-1.20</softwareVersion>
				</processingSoftware>
			</preProcessingStep>
			<ocrProcessingStep>
				<processingSoftware>
					<softwareCreator>ABBYY (BIT Software), Russia</softwareCreator>
					<softwareName>NA</softwareName>
				</processingSoftware>
			</ocrProcessingStep>
		</OCRProcessing>
	</Description>
	<Styles>
		<TextStyle ID="TXT_0" FONTSIZE="11" FONTFAMILY="Times New Roman"/>
		<TextStyle ID="TXT_1" FONTSIZE="15" FONTFAMILY="Times New Roman"/>
		<TextStyle ID="TXT_2" FONTSIZE="18" FONTFAMILY="Times New Roman" FONTSTYLE="bold"/>
		<TextStyle ID="TXT_3" FONTSIZE="18" FONTFAMILY="Times New Roman"/>
		<TextStyle ID="TXT_4" FONTSIZE="15" FONTFAMILY="Times New Roman" FONTSTYLE="italics"/>
		<TextStyle ID="TXT_5" FONTSIZE="12" FONTFAMILY="Times New Roman"/>
		<TextStyle ID="TXT_6" FONTSIZE="12" FONTFAMILY="Times New Roman" FONTSTYLE="italics"/>
		<TextStyle ID="TXT_7" FONTSIZE="9" FONTFAMILY="Times New Roman" FONTSTYLE="italics"/>
		<ParagraphStyle ID="PAR_CENTER" ALIGN="Center"/>
		<ParagraphStyle ID="PAR_RIGHT" ALIGN="Right"/>
		<ParagraphStyle ID="PAR_BLOCK" ALIGN="Block"/>
		<ParagraphStyle ID="PAR_LEFT" ALIGN="Left"/>
	</Styles>
	<Layout>
		<Page ID="P3" PHYSICAL_IMG_NR="3" HEIGHT="3680" WIDTH="2311" PRINTED_IMG_NR="251" PC="0.908">
			<TopMargin ID="P3_TM00001" HPOS="0" VPOS="0" WIDTH="2311" HEIGHT="297">
				<TextBlock ID="P3_TB00001" HPOS="914" VPOS="236" WIDTH="474" HEIGHT="38" STYLEREFS="TXT_0 PAR_CENTER">
					<TextLine ID="P3_TL00001" HPOS="915" VPOS="237" WIDTH="473" HEIGHT="37">
						<String ID="P3_ST00001" HPOS="915" VPOS="244" WIDTH="146" HEIGHT="27" CONTENT="NOTRE" WC="0.99" CC="50400"/>
						<SP ID="P3_SP00001" HPOS="1061" VPOS="271" WIDTH="35"/>
						<String ID="P3_ST00002" HPOS="1096" VPOS="237" WIDTH="292" HEIGHT="37" CONTENT="SUPPLÉMENT" WC="0.99" CC="0420372057"/>
					</TextLine>
				</TextBlock>
				<TextBlock ID="P3_TB00002" HPOS="2079" VPOS="248" WIDTH="73" HEIGHT="46" STYLEREFS="TXT_1 PAR_RIGHT">
					<TextLine ID="P3_TL00002" HPOS="2079" VPOS="248" WIDTH="73" HEIGHT="46">
						<String ID="P3_ST00003" HPOS="2079" VPOS="248" WIDTH="73" HEIGHT="46" CONTENT="251" WC="1.00" CC="000"/>
					</TextLine>
				</TextBlock>
			</TopMargin>
			<LeftMargin ID="P3_LM00001" HPOS="0" VPOS="297" WIDTH="127" HEIGHT="3316"/>
			<RightMargin ID="P3_RM00001" HPOS="2160" VPOS="297" WIDTH="151" HEIGHT="3316"/>
			<BottomMargin ID="P3_BM00001" HPOS="0" VPOS="3613" WIDTH="2311" HEIGHT="67"/>
			<PrintSpace ID="P3_PS00001" HPOS="127" VPOS="297" WIDTH="2033" HEIGHT="3316">
				<TextBlock ID="P3_TB00003" HPOS="385" VPOS="527" WIDTH="1527" HEIGHT="64" STYLEREFS="TXT_2 PAR_CENTER">
					<TextLine ID="P3_TL00003" HPOS="385" VPOS="527" WIDTH="1527" HEIGHT="64">
						<String ID="P3_ST00004" HPOS="385" VPOS="527" WIDTH="404" HEIGHT="45" CONTENT="Publications" WC="0.99" CC="047000650063"/>
						<SP ID="P3_SP00002" HPOS="789" VPOS="572" WIDTH="42"/>
						<String ID="P3_ST00005" HPOS="831" VPOS="527" WIDTH="359" HEIGHT="64" CONTENT="nouvelles." WC="1.00" CC="4050300020"/>
						<SP ID="P3_SP00003" HPOS="1190" VPOS="591" WIDTH="36"/>
						<String ID="P3_ST00006" HPOS="1226" VPOS="527" WIDTH="36" HEIGHT="64" CONTENT="—" WC="0.98" CC="0" STYLEREFS="TXT_3"/>
						<SP ID="P3_SP00004" HPOS="1262" VPOS="591" WIDTH="36"/>
						<String ID="P3_ST00007" HPOS="1298" VPOS="527" WIDTH="180" HEIGHT="64" CONTENT="Notre" WC="0.98" CC="00560"/>
						<SP ID="P3_SP00005" HPOS="1478" VPOS="591" WIDTH="40"/>
						<String ID="P3_ST00008" HPOS="1518" VPOS="537" WIDTH="394" HEIGHT="54" CONTENT="Supplément." WC="0.99" CC="00660060100"/>
					</TextLine>
				</TextBlock>
				<TextBlock ID="P3_TB00004" HPOS="127" VPOS="704" WIDTH="2033" HEIGHT="2393" STYLEREFS="TXT_4 PAR_BLOCK">
					<TextLine ID="P3_TL00004" HPOS="207" VPOS="704" WIDTH="1952" HEIGHT="63">
						<String ID="P3_ST00009" HPOS="207" VPOS="704" WIDTH="274" HEIGHT="43" CONTENT="Théoricien" WC="0.99" CC="0513600043"/>
						<SP ID="P3_SP00006" HPOS="481" VPOS="747" WIDTH="22"/>
						<String ID="P3_ST00010" HPOS="503" VPOS="706" WIDTH="80" HEIGHT="42" CONTENT="des" WC="0.97" CC="041"/>
						<SP ID="P3_SP00007" HPOS="583" VPOS="748" WIDTH="31"/>
						<String ID="P3_ST00011" HPOS="614" VPOS="708" WIDTH="238" HEIGHT="42" CONTENT="anciennes" WC="0.99" CC="334000742"/>
						<SP ID="P3_SP00008" HPOS="852" VPOS="750" WIDTH="18"/>
						<String ID="P3_ST00012" HPOS="870" VPOS="709" WIDTH="262" HEIGHT="50" CONTENT="modalités," WC="0.99" CC="0506000714"/>
						<SP ID="P3_SP00009" HPOS="1132" VPOS="759" WIDTH="21"/>
						<String ID="P3_ST00013" HPOS="1153" VPOS="710" WIDTH="126" HEIGHT="55" CONTENT="épris" WC="0.98" CC="34301"/>
						<SP ID="P3_SP00010" HPOS="1279" VPOS="765" WIDTH="33"/>
						<String ID="P3_ST00014" HPOS="1312" VPOS="710" WIDTH="122" HEIGHT="42" CONTENT="d'art" WC="0.99" CC="00150"/>
						<SP ID="P3_SP00011" HPOS="1434" VPOS="765" WIDTH="36"/>
						<String ID="P3_ST00015" HPOS="1470" VPOS="714" WIDTH="264" HEIGHT="53" CONTENT="populaire," WC="0.99" CC="9594440000"/>
						<SP ID="P3_SP00012" HPOS="1734" VPOS="767" WIDTH="24"/>
						<String ID="P3_ST00016" HPOS="1758" VPOS="714" WIDTH="223" HEIGHT="45" CONTENT="historien" WC="0.99" CC="005049001"/>
						<SP ID="P3_SP00013" HPOS="1981" VPOS="767" WIDTH="44"/>
						<String ID="P3_ST00017" HPOS="2025" VPOS="718" WIDTH="54" HEIGHT="42" CONTENT="de" WC="0.78" CC="04"/>
						<SP ID="P3_SP00014" HPOS="2079" VPOS="767" WIDTH="37"/>
						<String ID="P3_ST00018" HPOS="2116" VPOS="720" WIDTH="43" HEIGHT="39" CONTENT="la" WC="0.53" CC="09"/>
					</TextLine>
					<TextLine ID="P3_TL00005" HPOS="160" VPOS="772" WIDTH="2000" HEIGHT="63">
						<String ID="P3_ST00019" HPOS="160" VPOS="772" WIDTH="447" HEIGHT="56" CONTENT="musique," WC="0.98" CC="48900764"/>
						<SP ID="P3_SP00015" HPOS="607" VPOS="828" WIDTH="-214"/>
						<String ID="P3_ST00020" HPOS="393" VPOS="774" WIDTH="162" HEIGHT="53" CONTENT="apôtre" WC="0.99" CC="005400"/>
						<SP ID="P3_SP00016" HPOS="607" VPOS="828" WIDTH="-16"/>
						<String ID="P3_ST00021" HPOS="591" VPOS="778" WIDTH="247" HEIGHT="39" CONTENT="convaincu" WC="0.99" CC="140510672"/>
						<SP ID="P3_SP00017" HPOS="838" VPOS="828" WIDTH="23"/>
						<String ID="P3_ST00022" HPOS="861" VPOS="776" WIDTH="59" HEIGHT="41" CONTENT="du" WC="0.58" CC="08"/>
						<SP ID="P3_SP00018" HPOS="920" VPOS="828" WIDTH="39"/>
						<String ID="P3_ST00023" HPOS="959" VPOS="776" WIDTH="137" HEIGHT="42" CONTENT="chant" WC="0.98" CC="02062"/>
						<SP ID="P3_SP00019" HPOS="1096" VPOS="828" WIDTH="217"/>
						<String ID="P3_ST00024" HPOS="1313" VPOS="778" WIDTH="847" HEIGHT="57" CONTENT="chcompositeur" WC="1.00" CC="0005006803010"/>
						<SP ID="P3_SP00020" HPOS="2160" VPOS="835" WIDTH="-515"/>
						<String ID="P3_ST00025" HPOS="1645" VPOS="784" WIDTH="245" HEIGHT="48" CONTENT="excellent," WC="1.00" CC="0010000234"/>
						<SP ID="P3_SP00021" HPOS="2160" VPOS="835" WIDTH="-151"/>
						<String ID="P3_ST00026" HPOS="2009" VPOS="788" WIDTH="120" HEIGHT="40" CONTENT="Bour" SUBS_TYPE="HypPart1" SUBS_CONTENT="Bourgault-Ducoudray" WC="0.81" CC="0260"/>
						<HYP HPOS="2129" VPOS="788" WIDTH="30" CONTENT="-"/>
					</TextLine>
					<TextLine ID="P3_TL00006" HPOS="156" VPOS="842" WIDTH="2002" HEIGHT="69">
						<String ID="P3_ST00027" HPOS="156" VPOS="842" WIDTH="468" HEIGHT="54" CONTENT="gault-Ducoudray" SUBS_TYPE="HypPart2" SUBS_CONTENT="Bourgault-Ducoudray" WC="0.84" CC="006030500500010"/>
						<SP ID="P3_SP00022" HPOS="624" VPOS="896" WIDTH="21"/>
						<String ID="P3_ST00028" HPOS="645" VPOS="858" WIDTH="168" HEIGHT="40" CONTENT="occupe" WC="0.99" CC="000700"/>
						<SP ID="P3_SP00023" HPOS="813" VPOS="898" WIDTH="23"/>
						<String ID="P3_ST00029" HPOS="836" VPOS="859" WIDTH="85" HEIGHT="28" CONTENT="une" WC="0.98" CC="400"/>
						<SP ID="P3_SP00024" HPOS="921" VPOS="898" WIDTH="13"/>
						<String ID="P3_ST00030" HPOS="934" VPOS="847" WIDTH="132" HEIGHT="52" CONTENT="place" WC="0.99" CC="90010"/>
						<SP ID="P3_SP00025" HPOS="1066" VPOS="899" WIDTH="17"/>
						<String ID="P3_ST00031" HPOS="1083" VPOS="845" WIDTH="27" HEIGHT="42" CONTENT="à" WC="0.33" CC="6"/>
						<SP ID="P3_SP00026" HPOS="1110" VPOS="899" WIDTH="29"/>
						<String ID="P3_ST00032" HPOS="1139" VPOS="854" WIDTH="110" HEIGHT="47" CONTENT="part" WC="0.96" CC="9090"/>
						<SP ID="P3_SP00027" HPOS="1249" VPOS="901" WIDTH="29"/>
						<String ID="P3_ST00033" HPOS="1278" VPOS="850" WIDTH="160" HEIGHT="52" CONTENT="parmi" WC="0.99" CC="00610"/>
						<SP ID="P3_SP00028" HPOS="1438" VPOS="902" WIDTH="21"/>
						<String ID="P3_ST00034" HPOS="1459" VPOS="851" WIDTH="65" HEIGHT="40" CONTENT="les" WC="1.00" CC="010"/>
						<SP ID="P3_SP00029" HPOS="1524" VPOS="902" WIDTH="20"/>
						<String ID="P3_ST00035" HPOS="1544" VPOS="859" WIDTH="194" HEIGHT="34" CONTENT="maîtres" WC="0.99" CC="0050904"/>
						<SP ID="P3_SP00030" HPOS="1738" VPOS="902" WIDTH="31"/>
						<String ID="P3_ST00036" HPOS="1769" VPOS="852" WIDTH="56" HEIGHT="42" CONTENT="de" WC="1.00" CC="00"/>
						<SP ID="P3_SP00031" HPOS="1825" VPOS="902" WIDTH="41"/>
						<String ID="P3_ST00037" HPOS="1866" VPOS="854" WIDTH="171" HEIGHT="42" CONTENT="l'heure" WC="0.99" CC="0400670"/>
						<SP ID="P3_SP00032" HPOS="2037" VPOS="902" WIDTH="15"/>
						<String ID="P3_ST00038" HPOS="2052" VPOS="856" WIDTH="80" HEIGHT="55" CONTENT="pré" SUBS_TYPE="HypPart1" SUBS_CONTENT="présente." WC="0.97" CC="080"/>
						<HYP HPOS="2132" VPOS="856" WIDTH="26" CONTENT="-"/>
					</TextLine>
					<TextLine ID="P3_TL00007" HPOS="137" VPOS="912" WIDTH="2017" HEIGHT="66">
						<String ID="P3_ST00039" HPOS="137" VPOS="919" WIDTH="148" HEIGHT="34" CONTENT="sente." SUBS_TYPE="HypPart2" SUBS_CONTENT="présente." WC="0.99" CC="052000"/>
						<SP ID="P3_SP00033" HPOS="285" VPOS="953" WIDTH="25"/>
						<String ID="P3_ST00040" HPOS="310" VPOS="912" WIDTH="97" HEIGHT="41" CONTENT="Son" WC="0.98" CC="050"/>
						<SP ID="P3_SP00034" HPOS="407" VPOS="953" WIDTH="35"/>
						<String ID="P3_ST00041" HPOS="442" VPOS="925" WIDTH="154" HEIGHT="30" CONTENT="œuvre" WC="0.99" CC="03005"/>
						<SP ID="P3_SP00035" HPOS="596" VPOS="955" WIDTH="20"/>
						<String ID="P3_ST00042" HPOS="616" VPOS="915" WIDTH="217" HEIGHT="40" CONTENT="musicale" WC="1.00" CC="00030700"/>
						<SP ID="P3_SP00036" HPOS="833" VPOS="955" WIDTH="36"/>
						<String ID="P3_ST00043" HPOS="869" VPOS="921" WIDTH="81" HEIGHT="45" CONTENT="est," WC="0.99" CC="0004"/>
						<SP ID="P3_SP00037" HPOS="950" VPOS="966" WIDTH="39"/>
						<String ID="P3_ST00044" HPOS="989" VPOS="922" WIDTH="126" HEIGHT="35" CONTENT="entre" WC="0.98" CC="43007"/>
						<SP ID="P3_SP00038" HPOS="1115" VPOS="966" WIDTH="36"/>
						<String ID="P3_ST00045" HPOS="1151" VPOS="924" WIDTH="164" HEIGHT="45" CONTENT="toutes," WC="0.99" CC="3243004"/>
						<SP ID="P3_SP00039" HPOS="1315" VPOS="969" WIDTH="35"/>
						<String ID="P3_ST00046" HPOS="1350" VPOS="919" WIDTH="252" HEIGHT="54" CONTENT="originale." WC="1.00" CC="5011000500"/>
						<SP ID="P3_SP00040" HPOS="1602" VPOS="973" WIDTH="35"/>
						<String ID="P3_ST00047" HPOS="1637" VPOS="921" WIDTH="42" HEIGHT="41" CONTENT="Il" WC="0.95" CC="00"/>
						<SP ID="P3_SP00041" HPOS="1679" VPOS="973" WIDTH="28"/>
						<String ID="P3_ST00048" HPOS="1707" VPOS="934" WIDTH="27" HEIGHT="28" CONTENT="a" WC="0.03" CC="9"/>
						<SP ID="P3_SP00042" HPOS="1734" VPOS="973" WIDTH="31"/>
						<String ID="P3_ST00049" HPOS="1765" VPOS="921" WIDTH="215" HEIGHT="57" CONTENT="toujours" WC="1.00" CC="05500000"/>
						<SP ID="P3_SP00043" HPOS="1980" VPOS="978" WIDTH="37"/>
						<String ID="P3_ST00050" HPOS="2017" VPOS="926" WIDTH="137" HEIGHT="40" CONTENT="voulu" WC="1.00" CC="00000"/>
					</TextLine>
					<TextLine ID="P3_TL00008" HPOS="139" VPOS="981" WIDTH="2015" HEIGHT="65">
						<String ID="P3_ST00051" HPOS="139" VPOS="982" WIDTH="152" HEIGHT="39" CONTENT="écrire" WC="0.99" CC="063400"/>
						<SP ID="P3_SP00044" HPOS="291" VPOS="1021" WIDTH="20"/>
						<String ID="P3_ST00052" HPOS="311" VPOS="981" WIDTH="82" HEIGHT="42" CONTENT="des" WC="1.00" CC="000"/>
						<SP ID="P3_SP00045" HPOS="393" VPOS="1023" WIDTH="21"/>
						<String ID="P3_ST00053" HPOS="414" VPOS="995" WIDTH="175" HEIGHT="29" CONTENT="œuvres" WC="0.99" CC="000520"/>
						<SP ID="P3_SP00046" HPOS="589" VPOS="1024" WIDTH="21"/>
						<String ID="P3_ST00054" HPOS="610" VPOS="982" WIDTH="94" HEIGHT="56" CONTENT="qui," WC="0.99" CC="0004"/>
						<SP ID="P3_SP00047" HPOS="704" VPOS="1038" WIDTH="24"/>
						<String ID="P3_ST00055" HPOS="728" VPOS="997" WIDTH="108" HEIGHT="27" CONTENT="sans" WC="0.98" CC="0008"/>
						<SP ID="P3_SP00048" HPOS="836" VPOS="1038" WIDTH="14"/>
						<String ID="P3_ST00056" HPOS="850" VPOS="997" WIDTH="222" HEIGHT="29" CONTENT="renoncer" WC="0.99" CC="00046060"/>
						<SP ID="P3_SP00049" HPOS="1072" VPOS="1038" WIDTH="22"/>
						<String ID="P3_ST00057" HPOS="1094" VPOS="985" WIDTH="25" HEIGHT="40" CONTENT="à" WC="0.43" CC="5"/>
						<SP ID="P3_SP00050" HPOS="1119" VPOS="1038" WIDTH="20"/>
						<String ID="P3_ST00058" HPOS="1139" VPOS="1000" WIDTH="148" HEIGHT="28" CONTENT="aucun" WC="0.99" CC="00070"/>
						<SP ID="P3_SP00051" HPOS="1287" VPOS="1038" WIDTH="24"/>
						<String ID="P3_ST00059" HPOS="1311" VPOS="988" WIDTH="80" HEIGHT="41" CONTENT="des" WC="1.00" CC="000"/>
						<SP ID="P3_SP00052" HPOS="1391" VPOS="1038" WIDTH="15"/>
						<String ID="P3_ST00060" HPOS="1406" VPOS="987" WIDTH="312" HEIGHT="59" CONTENT="raffinements" WC="1.00" CC="080000000000"/>
						<SP ID="P3_SP00053" HPOS="1718" VPOS="1046" WIDTH="23"/>
						<String ID="P3_ST00061" HPOS="1741" VPOS="990" WIDTH="54" HEIGHT="42" CONTENT="de" WC="1.00" CC="00"/>
						<SP ID="P3_SP00054" HPOS="1795" VPOS="1046" WIDTH="17"/>
						<String ID="P3_ST00062" HPOS="1812" VPOS="991" WIDTH="108" HEIGHT="42" CONTENT="l'art" WC="0.99" CC="03023"/>
						<SP ID="P3_SP00055" HPOS="1920" VPOS="1046" WIDTH="18"/>
						<String ID="P3_ST00063" HPOS="1938" VPOS="993" WIDTH="216" HEIGHT="42" CONTENT="moderne" WC="0.99" CC="3000007"/>
					</TextLine>
					<TextLine ID="P3_TL00009" HPOS="144" VPOS="1051" WIDTH="2010" HEIGHT="63">
						<String ID="P3_ST00064" HPOS="144" VPOS="1051" WIDTH="39" HEIGHT="39" CONTENT="le" WC="0.72" CC="05"/>
						<SP ID="P3_SP00056" HPOS="183" VPOS="1090" WIDTH="24"/>
						<String ID="P3_ST00065" HPOS="207" VPOS="1051" WIDTH="107" HEIGHT="52" CONTENT="plus" WC="0.99" CC="0060"/>
						<SP ID="P3_SP00057" HPOS="314" VPOS="1103" WIDTH="35"/>
						<String ID="P3_ST00066" HPOS="349" VPOS="1052" WIDTH="150" HEIGHT="46" CONTENT="riche," WC="0.99" CC="020054"/>
						<SP ID="P3_SP00058" HPOS="499" VPOS="1103" WIDTH="26"/>
						<String ID="P3_ST00067" HPOS="525" VPOS="1051" WIDTH="266" HEIGHT="42" CONTENT="demeurent" WC="1.00" CC="000000430"/>
						<SP ID="P3_SP00059" HPOS="791" VPOS="1103" WIDTH="21"/>
						<String ID="P3_ST00068" HPOS="812" VPOS="1066" WIDTH="52" HEIGHT="28" CONTENT="en" WC="0.51" CC="27"/>
						<SP ID="P3_SP00060" HPOS="864" VPOS="1103" WIDTH="28"/>
						<String ID="P3_ST00069" HPOS="892" VPOS="1053" WIDTH="101" HEIGHT="42" CONTENT="leur" WC="1.00" CC="0010"/>
						<SP ID="P3_SP00061" HPOS="993" VPOS="1103" WIDTH="22"/>
						<String ID="P3_ST00070" HPOS="1015" VPOS="1067" WIDTH="182" HEIGHT="29" CONTENT="essence" WC="0.99" CC="0096050"/>
						<SP ID="P3_SP00062" HPOS="1197" VPOS="1103" WIDTH="124"/>
						<String ID="P3_ST00071" HPOS="1321" VPOS="1070" WIDTH="23" HEIGHT="42" CONTENT="\" WC="1.00" CC="9"/>
						<SP ID="P3_SP00063" HPOS="1344" VPOS="1112" WIDTH="21"/>
						<String ID="P3_ST00072" HPOS="1365" VPOS="1056" WIDTH="187" HEIGHT="56" CONTENT="simples" WC="1.00" CC="0050000"/>
						<SP ID="P3_SP00064" HPOS="1552" VPOS="1112" WIDTH="27"/>
						<String ID="P3_ST00073" HPOS="1579" VPOS="1065" WIDTH="44" HEIGHT="34" CONTENT="et" WC="0.78" CC="40"/>
						<SP ID="P3_SP00065" HPOS="1623" VPOS="1112" WIDTH="125"/>
						<String ID="P3_ST00074" HPOS="1748" VPOS="1072" WIDTH="21" HEIGHT="42" CONTENT="%" WC="1.00" CC="9"/>
						<SP ID="P3_SP00066" HPOS="1769" VPOS="1114" WIDTH="32"/>
						<String ID="P3_ST00075" HPOS="1801" VPOS="1062" WIDTH="196" HEIGHT="52" CONTENT="proches" WC="0.98" CC="9045008"/>
						<SP ID="P3_SP00067" HPOS="1997" VPOS="1114" WIDTH="34"/>
						<String ID="P3_ST00076" HPOS="2031" VPOS="1061" WIDTH="55" HEIGHT="42" CONTENT="de" WC="0.74" CC="05"/>
						<SP ID="P3_SP00068" HPOS="2086" VPOS="1114" WIDTH="25"/>
						<String ID="P3_ST00077" HPOS="2111" VPOS="1063" WIDTH="43" HEIGHT="40" CONTENT="la" WC="0.60" CC="07"/>
					</TextLine>
					<TextLine ID="P3_TL00010" HPOS="144" VPOS="1120" WIDTH="2014" HEIGHT="61">
						<String ID="P3_ST00078" HPOS="144" VPOS="1124" WIDTH="167" HEIGHT="35" CONTENT="nature" WC="0.99" CC="000800"/>
						<SP ID="P3_SP00069" HPOS="311" VPOS="1159" WIDTH="33"/>
						<String ID="P3_ST00079" HPOS="344" VPOS="1132" WIDTH="126" HEIGHT="39" CONTENT="pour" WC="0.99" CC="6000"/>
						<SP ID="P3_SP00070" HPOS="470" VPOS="1171" WIDTH="33"/>
						<String ID="P3_ST00080" HPOS="503" VPOS="1120" WIDTH="97" HEIGHT="41" CONTENT="être" WC="0.99" CC="7000"/>
						<SP ID="P3_SP00071" HPOS="600" VPOS="1171" WIDTH="19"/>
						<String ID="P3_ST00081" HPOS="619" VPOS="1122" WIDTH="242" HEIGHT="40" CONTENT="entendues" WC="0.99" CC="050060700"/>
						<SP ID="P3_SP00072" HPOS="861" VPOS="1171" WIDTH="24"/>
						<String ID="P3_ST00082" HPOS="885" VPOS="1122" WIDTH="77" HEIGHT="42" CONTENT="des" WC="0.99" CC="030"/>
						<SP ID="P3_SP00073" HPOS="962" VPOS="1171" WIDTH="34"/>
						<String ID="P3_ST00083" HPOS="996" VPOS="1137" WIDTH="169" HEIGHT="28" CONTENT="masses" WC="0.98" CC="209070"/>
						<SP ID="P3_SP00074" HPOS="1165" VPOS="1171" WIDTH="25"/>
						<String ID="P3_ST00084" HPOS="1190" VPOS="1138" WIDTH="200" HEIGHT="42" CONTENT="presque" WC="0.99" CC="0009000"/>
						<SP ID="P3_SP00075" HPOS="1390" VPOS="1180" WIDTH="35"/>
						<String ID="P3_ST00085" HPOS="1425" VPOS="1127" WIDTH="268" HEIGHT="54" CONTENT="ignorantes" WC="1.00" CC="0154004000"/>
						<SP ID="P3_SP00076" HPOS="1693" VPOS="1181" WIDTH="23"/>
						<String ID="P3_ST00086" HPOS="1716" VPOS="1128" WIDTH="53" HEIGHT="42" CONTENT="de" WC="0.84" CC="03"/>
						<SP ID="P3_SP00077" HPOS="1769" VPOS="1181" WIDTH="43"/>
						<String ID="P3_ST00087" HPOS="1812" VPOS="1137" WIDTH="122" HEIGHT="34" CONTENT="toute" WC="0.98" CC="03702"/>
						<SP ID="P3_SP00078" HPOS="1934" VPOS="1181" WIDTH="42"/>
						<String ID="P3_ST00088" HPOS="1976" VPOS="1133" WIDTH="182" HEIGHT="40" CONTENT="culture" WC="0.99" CC="5024000"/>
					</TextLine>
					<TextLine ID="P3_TL00011" HPOS="160" VPOS="1188" WIDTH="2000" HEIGHT="65">
						<String ID="P3_ST00089" HPOS="160" VPOS="1188" WIDTH="235" HEIGHT="40" CONTENT="musicale." WC="0.99" CC="076007002"/>
						<SP ID="P3_SP00079" HPOS="395" VPOS="1228" WIDTH="28"/>
						<String ID="P3_ST00090" HPOS="423" VPOS="1188" WIDTH="179" HEIGHT="51" CONTENT="Certes," WC="0.98" CC="0508084"/>
						<SP ID="P3_SP00080" HPOS="602" VPOS="1239" WIDTH="40"/>
						<String ID="P3_ST00091" HPOS="642" VPOS="1189" WIDTH="204" HEIGHT="42" CONTENT="d'autres" WC="0.99" CC="02833000"/>
						<SP ID="P3_SP00081" HPOS="846" VPOS="1239" WIDTH="34"/>
						<String ID="P3_ST00092" HPOS="880" VPOS="1198" WIDTH="210" HEIGHT="44" CONTENT="maîtres," WC="0.99" CC="00600604"/>
						<SP ID="P3_SP00082" HPOS="1090" VPOS="1242" WIDTH="43"/>
						<String ID="P3_ST00093" HPOS="1133" VPOS="1206" WIDTH="53" HEIGHT="27" CONTENT="en" WC="0.58" CC="43"/>
						<SP ID="P3_SP00083" HPOS="1186" VPOS="1242" WIDTH="31"/>
						<String ID="P3_ST00094" HPOS="1217" VPOS="1194" WIDTH="143" HEIGHT="41" CONTENT="même" WC="0.97" CC="0380"/>
						<SP ID="P3_SP00084" HPOS="1360" VPOS="1242" WIDTH="37"/>
						<String ID="P3_ST00095" HPOS="1397" VPOS="1200" WIDTH="140" HEIGHT="50" CONTENT="temps" WC="1.00" CC="00000"/>
						<SP ID="P3_SP00085" HPOS="1537" VPOS="1250" WIDTH="33"/>
						<String ID="P3_ST00096" HPOS="1570" VPOS="1208" WIDTH="85" HEIGHT="42" CONTENT="que" WC="0.97" CC="430"/>
						<SP ID="P3_SP00086" HPOS="1655" VPOS="1250" WIDTH="140"/>
						<String ID="P3_ST00097" HPOS="1795" VPOS="1198" WIDTH="264" HEIGHT="55" CONTENT="professent" WC="0.99" CC="0041009075"/>
						<SP ID="P3_SP00087" HPOS="2059" VPOS="1253" WIDTH="38"/>
						<String ID="P3_ST00098" HPOS="2097" VPOS="1200" WIDTH="63" HEIGHT="41" CONTENT="les" WC="0.93" CC="099"/>
					</TextLine>
					<TextLine ID="P3_TL00012" HPOS="144" VPOS="1255" WIDTH="2016" HEIGHT="67">
						<String ID="P3_ST00099" HPOS="144" VPOS="1255" WIDTH="165" HEIGHT="41" CONTENT="mêmes" WC="0.97" CC="85007"/>
						<SP ID="P3_SP00088" HPOS="309" VPOS="1296" WIDTH="12"/>
						<String ID="P3_ST00100" HPOS="321" VPOS="1258" WIDTH="256" HEIGHT="53" CONTENT="principes." WC="1.00" CC="0002000300"/>
						<SP ID="P3_SP00089" HPOS="577" VPOS="1311" WIDTH="26"/>
						<String ID="P3_ST00101" HPOS="603" VPOS="1258" WIDTH="125" HEIGHT="40" CONTENT="Pour" WC="0.97" CC="3170"/>
						<SP ID="P3_SP00090" HPOS="728" VPOS="1311" WIDTH="35"/>
						<String ID="P3_ST00102" HPOS="763" VPOS="1260" WIDTH="185" HEIGHT="41" CONTENT="ceux-là" WC="1.00" CC="0010000"/>
						<SP ID="P3_SP00091" HPOS="948" VPOS="1311" WIDTH="39"/>
						<String ID="P3_ST00103" HPOS="987" VPOS="1263" WIDTH="141" HEIGHT="45" CONTENT="aussi," WC="0.99" CC="730003"/>
						<SP ID="P3_SP00092" HPOS="1128" VPOS="1311" WIDTH="38"/>
						<String ID="P3_ST00104" HPOS="1166" VPOS="1261" WIDTH="105" HEIGHT="42" CONTENT="c'est" WC="0.99" CC="20030"/>
						<SP ID="P3_SP00093" HPOS="1271" VPOS="1311" WIDTH="40"/>
						<String ID="P3_ST00105" HPOS="1311" VPOS="1277" WIDTH="86" HEIGHT="26" CONTENT="une" WC="0.99" CC="002"/>
						<SP ID="P3_SP00094" HPOS="1397" VPOS="1311" WIDTH="31"/>
						<String ID="P3_ST00106" HPOS="1428" VPOS="1264" WIDTH="132" HEIGHT="41" CONTENT="chose" WC="0.99" CC="20004"/>
						<SP ID="P3_SP00095" HPOS="1560" VPOS="1311" WIDTH="40"/>
						<String ID="P3_ST00107" HPOS="1600" VPOS="1265" WIDTH="232" HEIGHT="42" CONTENT="mauvaise" WC="0.99" CC="09000006"/>
						<SP ID="P3_SP00096" HPOS="1832" VPOS="1311" WIDTH="39"/>
						<String ID="P3_ST00108" HPOS="1871" VPOS="1268" WIDTH="114" HEIGHT="53" CONTENT="qu'il" WC="1.00" CC="00000"/>
						<SP ID="P3_SP00097" HPOS="1985" VPOS="1321" WIDTH="24"/>
						<String ID="P3_ST00109" HPOS="2009" VPOS="1282" WIDTH="47" HEIGHT="40" CONTENT="y" WC="1.00" CC="0"/>
						<SP ID="P3_SP00098" HPOS="2056" VPOS="1322" WIDTH="36"/>
						<String ID="P3_ST00110" HPOS="2092" VPOS="1269" WIDTH="68" HEIGHT="42" CONTENT="ait" WC="1.00" CC="000"/>
					</TextLine>
					<TextLine ID="P3_TL00013" HPOS="142" VPOS="1324" WIDTH="2017" HEIGHT="67">
						<String ID="P3_ST00111" HPOS="142" VPOS="1324" WIDTH="124" HEIGHT="40" CONTENT="deux" WC="0.98" CC="0063"/>
						<SP ID="P3_SP00099" HPOS="266" VPOS="1364" WIDTH="42"/>
						<String ID="P3_ST00112" HPOS="308" VPOS="1325" WIDTH="247" HEIGHT="55" CONTENT="musiques," WC="0.99" CC="000208793"/>
						<SP ID="P3_SP00100" HPOS="555" VPOS="1380" WIDTH="47"/>
						<String ID="P3_ST00113" HPOS="602" VPOS="1326" WIDTH="118" HEIGHT="41" CONTENT="l'une" WC="0.99" CC="00015"/>
						<SP ID="P3_SP00101" HPOS="720" VPOS="1380" WIDTH="23"/>
						<String ID="P3_ST00114" HPOS="743" VPOS="1340" WIDTH="126" HEIGHT="41" CONTENT="pour" WC="0.97" CC="0046"/>
						<SP ID="P3_SP00102" HPOS="869" VPOS="1381" WIDTH="42"/>
						<String ID="P3_ST00115" HPOS="911" VPOS="1330" WIDTH="62" HEIGHT="39" CONTENT="les" WC="0.95" CC="057"/>
						<SP ID="P3_SP00103" HPOS="973" VPOS="1381" WIDTH="41"/>
						<String ID="P3_ST00116" HPOS="1014" VPOS="1330" WIDTH="188" HEIGHT="41" CONTENT="artistes" WC="0.99" CC="00510060"/>
						<SP ID="P3_SP00104" HPOS="1202" VPOS="1381" WIDTH="38"/>
						<String ID="P3_ST00117" HPOS="1240" VPOS="1336" WIDTH="45" HEIGHT="35" CONTENT="et" WC="1.00" CC="00"/>
						<SP ID="P3_SP00105" HPOS="1285" VPOS="1381" WIDTH="31"/>
						<String ID="P3_ST00118" HPOS="1316" VPOS="1333" WIDTH="62" HEIGHT="39" CONTENT="les" WC="1.00" CC="000"/>
						<SP ID="P3_SP00106" HPOS="1378" VPOS="1381" WIDTH="42"/>
						<String ID="P3_ST00119" HPOS="1420" VPOS="1333" WIDTH="335" HEIGHT="52" CONTENT="connaisseurs," WC="0.99" CC="3156703004020"/>
						<SP ID="P3_SP00107" HPOS="1755" VPOS="1385" WIDTH="35"/>
						<String ID="P3_ST00120" HPOS="1790" VPOS="1336" WIDTH="169" HEIGHT="41" CONTENT="l'autre" WC="0.99" CC="0307000"/>
						<SP ID="P3_SP00108" HPOS="1959" VPOS="1385" WIDTH="19"/>
						<String ID="P3_ST00121" HPOS="1978" VPOS="1350" WIDTH="119" HEIGHT="41" CONTENT="pour" WC="1.00" CC="0000"/>
						<SP ID="P3_SP00109" HPOS="2097" VPOS="1391" WIDTH="23"/>
						<String ID="P3_ST00122" HPOS="2120" VPOS="1340" WIDTH="39" HEIGHT="40" CONTENT="le" WC="0.71" CC="05"/>
					</TextLine>
					<TextLine ID="P3_TL00014" HPOS="141" VPOS="1394" WIDTH="2017" HEIGHT="66">
						<String ID="P3_ST00123" HPOS="141" VPOS="1405" WIDTH="205" HEIGHT="29" CONTENT="commun" WC="0.98" CC="070374"/>
						<SP ID="P3_SP00110" HPOS="346" VPOS="1434" WIDTH="22"/>
						<String ID="P3_ST00124" HPOS="368" VPOS="1394" WIDTH="79" HEIGHT="40" CONTENT="des" WC="1.00" CC="000"/>
						<SP ID="P3_SP00111" HPOS="447" VPOS="1434" WIDTH="19"/>
						<String ID="P3_ST00125" HPOS="466" VPOS="1394" WIDTH="201" HEIGHT="41" CONTENT="hommes" WC="0.98" CC="010663"/>
						<SP ID="P3_SP00112" HPOS="667" VPOS="1435" WIDTH="18"/>
						<String ID="P3_ST00126" HPOS="685" VPOS="1401" WIDTH="42" HEIGHT="33" CONTENT="et" WC="0.44" CC="46"/>
						<SP ID="P3_SP00113" HPOS="727" VPOS="1435" WIDTH="24"/>
						<String ID="P3_ST00127" HPOS="751" VPOS="1397" WIDTH="80" HEIGHT="54" CONTENT="qui" WC="0.97" CC="070"/>
						<SP ID="P3_SP00114" HPOS="831" VPOS="1451" WIDTH="16"/>
						<String ID="P3_ST00128" HPOS="847" VPOS="1410" WIDTH="54" HEIGHT="27" CONTENT="ne" WC="0.74" CC="05"/>
						<SP ID="P3_SP00115" HPOS="901" VPOS="1451" WIDTH="20"/>
						<String ID="P3_ST00129" HPOS="921" VPOS="1404" WIDTH="174" HEIGHT="48" CONTENT="compte" WC="0.99" CC="020056"/>
						<SP ID="P3_SP00116" HPOS="1095" VPOS="1452" WIDTH="15"/>
						<String ID="P3_ST00130" HPOS="1110" VPOS="1399" WIDTH="153" HEIGHT="52" CONTENT="point." WC="1.00" CC="030000"/>
						<SP ID="P3_SP00117" HPOS="1263" VPOS="1452" WIDTH="27"/>
						<String ID="P3_ST00131" HPOS="1290" VPOS="1400" WIDTH="465" HEIGHT="52" CONTENT="Malheureusement," WC="1.00" CC="1000270671305304"/>
						<SP ID="P3_SP00118" HPOS="1755" VPOS="1452" WIDTH="18"/>
						<String ID="P3_ST00132" HPOS="1773" VPOS="1404" WIDTH="36" HEIGHT="40" CONTENT="il" WC="1.00" CC="00"/>
						<SP ID="P3_SP00119" HPOS="1809" VPOS="1452" WIDTH="21"/>
						<String ID="P3_ST00133" HPOS="1830" VPOS="1418" WIDTH="52" HEIGHT="26" CONTENT="ne" WC="0.51" CC="72"/>
						<SP ID="P3_SP00120" HPOS="1882" VPOS="1452" WIDTH="18"/>
						<String ID="P3_ST00134" HPOS="1900" VPOS="1405" WIDTH="109" HEIGHT="41" CONTENT="s'est" WC="0.98" CC="03900"/>
						<SP ID="P3_SP00121" HPOS="2009" VPOS="1452" WIDTH="18"/>
						<String ID="P3_ST00135" HPOS="2027" VPOS="1407" WIDTH="131" HEIGHT="53" CONTENT="point" WC="0.97" CC="91033"/>
					</TextLine>
					<TextLine ID="P3_TL00015" HPOS="142" VPOS="1462" WIDTH="1956" HEIGHT="59">
						<String ID="P3_ST00136" HPOS="142" VPOS="1463" WIDTH="163" HEIGHT="40" CONTENT="trouvé" WC="0.98" CC="300708"/>
						<String ID="P3_ST00137" HPOS="318" VPOS="1486" WIDTH="53" HEIGHT="4" CONTENT="—" WC="0.20" CC="8"/>
						<SP ID="P3_SP00122" HPOS="371" VPOS="1503" WIDTH="291"/>
						<String ID="P3_ST00138" HPOS="662" VPOS="1463" WIDTH="131" HEIGHT="40" CONTENT="sinon" WC="0.98" CC="40505"/>
						<SP ID="P3_SP00123" HPOS="793" VPOS="1503" WIDTH="-248"/>
						<String ID="P3_ST00139" HPOS="545" VPOS="1462" WIDTH="100" HEIGHT="41" CONTENT="bien" WC="0.97" CC="0165"/>
						<SP ID="P3_SP00124" HPOS="793" VPOS="1503" WIDTH="-127"/>
						<String ID="P3_ST00140" HPOS="666" VPOS="1471" WIDTH="227" HEIGHT="34" CONTENT="rarement" WC="0.98" CC="05079630"/>
						<SP ID="P3_SP00125" HPOS="893" VPOS="1505" WIDTH="94"/>
						<String ID="P3_ST00141" HPOS="987" VPOS="1479" WIDTH="86" HEIGHT="40" CONTENT="que" WC="0.97" CC="006"/>
						<SP ID="P3_SP00126" HPOS="1073" VPOS="1519" WIDTH="23"/>
						<String ID="P3_ST00142" HPOS="1096" VPOS="1467" WIDTH="101" HEIGHT="40" CONTENT="leur" WC="0.98" CC="0107"/>
						<SP ID="P3_SP00127" HPOS="1197" VPOS="1519" WIDTH="22"/>
						<String ID="P3_ST00143" HPOS="1219" VPOS="1479" WIDTH="154" HEIGHT="29" CONTENT="œuvre" WC="0.97" CC="08705"/>
						<SP ID="P3_SP00128" HPOS="1373" VPOS="1519" WIDTH="20"/>
						<String ID="P3_ST00144" HPOS="1393" VPOS="1468" WIDTH="65" HEIGHT="40" CONTENT="ait" WC="0.97" CC="006"/>
						<SP ID="P3_SP00129" HPOS="1458" VPOS="1519" WIDTH="37"/>
						<String ID="P3_ST00145" HPOS="1495" VPOS="1468" WIDTH="222" HEIGHT="53" CONTENT="confirmé" WC="0.99" CC="00003061"/>
						<SP ID="P3_SP00130" HPOS="1717" VPOS="1521" WIDTH="22"/>
						<String ID="P3_ST00146" HPOS="1739" VPOS="1472" WIDTH="103" HEIGHT="40" CONTENT="leur" WC="1.00" CC="0000"/>
						<SP ID="P3_SP00131" HPOS="1842" VPOS="1521" WIDTH="33"/>
						<String ID="P3_ST00147" HPOS="1875" VPOS="1472" WIDTH="223" HEIGHT="43" CONTENT="doctrine." WC="0.99" CC="005002160"/>
					</TextLine>
					<TextLine ID="P3_TL00016" HPOS="205" VPOS="1531" WIDTH="1952" HEIGHT="63">
						<String ID="P3_ST00148" HPOS="205" VPOS="1531" WIDTH="63" HEIGHT="40" CONTENT="M." WC="0.41" CC="91"/>
						<SP ID="P3_SP00132" HPOS="268" VPOS="1571" WIDTH="26"/>
						<String ID="P3_ST00149" HPOS="294" VPOS="1531" WIDTH="304" HEIGHT="54" CONTENT="Bourgault-i" WC="0.81" CC="03600000036"/>
						<SP ID="P3_SP00133" HPOS="598" VPOS="1585" WIDTH="477"/>
						<String ID="P3_ST00150" HPOS="1075" VPOS="1531" WIDTH="276" HEIGHT="57" CONTENT="Ducoudray" WC="0.67" CC="780040009"/>
						<SP ID="P3_SP00134" HPOS="1351" VPOS="1588" WIDTH="331"/>
						<String ID="P3_ST00151" HPOS="1682" VPOS="1536" WIDTH="78" HEIGHT="49" CONTENT="fut" WC="0.95" CC="155"/>
						<SP ID="P3_SP00135" HPOS="1760" VPOS="1588" WIDTH="-762"/>
						<String ID="P3_ST00152" HPOS="998" VPOS="1534" WIDTH="101" HEIGHT="53" CONTENT="plus" WC="0.94" CC="8279"/>
						<SP ID="P3_SP00136" HPOS="1760" VPOS="1588" WIDTH="-638"/>
						<String ID="P3_ST00153" HPOS="1122" VPOS="1536" WIDTH="224" HEIGHT="49" CONTENT="heureux," WC="0.99" CC="04000064"/>
						<SP ID="P3_SP00137" HPOS="1760" VPOS="1588" WIDTH="-387"/>
						<String ID="P3_ST00154" HPOS="1373" VPOS="1550" WIDTH="55" HEIGHT="26" CONTENT="ou" WC="0.48" CC="28"/>
						<SP ID="P3_SP00138" HPOS="1760" VPOS="1588" WIDTH="-307"/>
						<String ID="P3_ST00155" HPOS="1453" VPOS="1538" WIDTH="109" HEIGHT="52" CONTENT="plus" WC="0.96" CC="7380"/>
						<SP ID="P3_SP00139" HPOS="1760" VPOS="1590" WIDTH="-174"/>
						<String ID="P3_ST00156" HPOS="1586" VPOS="1538" WIDTH="193" HEIGHT="42" CONTENT="sincère." WC="0.99" CC="30754000"/>
						<SP ID="P3_SP00140" HPOS="1779" VPOS="1590" WIDTH="30"/>
						<String ID="P3_ST00157" HPOS="1809" VPOS="1541" WIDTH="85" HEIGHT="40" CONTENT="Les" WC="0.98" CC="060"/>
						<SP ID="P3_SP00141" HPOS="1894" VPOS="1590" WIDTH="23"/>
						<String ID="P3_ST00158" HPOS="1917" VPOS="1548" WIDTH="97" HEIGHT="46" CONTENT="sept" WC="0.98" CC="5300"/>
						<SP ID="P3_SP00142" HPOS="2014" VPOS="1594" WIDTH="21"/>
						<String ID="P3_ST00159" HPOS="2035" VPOS="1556" WIDTH="92" HEIGHT="28" CONTENT="com" SUBS_TYPE="HypPart1" SUBS_CONTENT="compositions" WC="0.98" CC="300"/>
						<HYP HPOS="2127" VPOS="1556" WIDTH="30" CONTENT="-"/>
					</TextLine>
					<TextLine ID="P3_TL00017" HPOS="141" VPOS="1599" WIDTH="2014" HEIGHT="65">
						<String ID="P3_ST00160" HPOS="141" VPOS="1599" WIDTH="230" HEIGHT="55" CONTENT="positions" SUBS_TYPE="HypPart2" SUBS_CONTENT="compositions" WC="1.00" CC="000060000"/>
						<SP ID="P3_SP00143" HPOS="371" VPOS="1654" WIDTH="23"/>
						<String ID="P3_ST00161" HPOS="394" VPOS="1602" WIDTH="178" HEIGHT="39" CONTENT="vocales" WC="0.99" CC="0300070"/>
						<SP ID="P3_SP00144" HPOS="572" VPOS="1654" WIDTH="17"/>
						<String ID="P3_ST00162" HPOS="589" VPOS="1601" WIDTH="115" HEIGHT="54" CONTENT="qu'il" WC="0.98" CC="07005"/>
						<SP ID="P3_SP00145" HPOS="704" VPOS="1655" WIDTH="18"/>
						<String ID="P3_ST00163" HPOS="722" VPOS="1602" WIDTH="116" HEIGHT="40" CONTENT="vient" WC="0.98" CC="06051"/>
						<SP ID="P3_SP00146" HPOS="838" VPOS="1655" WIDTH="23"/>
						<String ID="P3_ST00164" HPOS="861" VPOS="1602" WIDTH="54" HEIGHT="40" CONTENT="de" WC="0.98" CC="00"/>
						<SP ID="P3_SP00147" HPOS="915" VPOS="1655" WIDTH="16"/>
						<String ID="P3_ST00165" HPOS="931" VPOS="1602" WIDTH="128" HEIGHT="53" CONTENT="faire" WC="0.98" CC="00394"/>
						<SP ID="P3_SP00148" HPOS="1059" VPOS="1655" WIDTH="14"/>
						<String ID="P3_ST00166" HPOS="1073" VPOS="1603" WIDTH="212" HEIGHT="55" CONTENT="paraître" WC="0.99" CC="00041601"/>
						<SP ID="P3_SP00149" HPOS="1285" VPOS="1658" WIDTH="16"/>
						<String ID="P3_ST00167" HPOS="1301" VPOS="1607" WIDTH="104" HEIGHT="53" CONTENT="che\" WC="0.50" CC="6057"/>
						<SP ID="P3_SP00150" HPOS="1405" VPOS="1660" WIDTH="15"/>
						<String ID="P3_ST00168" HPOS="1420" VPOS="1606" WIDTH="211" HEIGHT="42" CONTENT="l'éditeur" WC="0.99" CC="040007400"/>
						<SP ID="P3_SP00151" HPOS="1631" VPOS="1660" WIDTH="18"/>
						<String ID="P3_ST00169" HPOS="1649" VPOS="1607" WIDTH="29" HEIGHT="41" CONTENT="A" WC="1.00" CC="0"/>
						<SP ID="P3_SP00152" HPOS="1678" VPOS="1660" WIDTH="16"/>
						<String ID="P3_ST00170" HPOS="1694" VPOS="1640" WIDTH="8" HEIGHT="8" CONTENT="." WC="1.00" CC="0"/>
						<SP ID="P3_SP00153" HPOS="1702" VPOS="1660" WIDTH="25"/>
						<String ID="P3_ST00171" HPOS="1727" VPOS="1608" WIDTH="120" HEIGHT="42" CONTENT="Noël" WC="0.98" CC="0153"/>
						<SP ID="P3_SP00154" HPOS="1847" VPOS="1660" WIDTH="18"/>
						<String ID="P3_ST00172" HPOS="1865" VPOS="1623" WIDTH="49" HEIGHT="27" CONTENT="en" WC="0.42" CC="55"/>
						<SP ID="P3_SP00155" HPOS="1914" VPOS="1660" WIDTH="24"/>
						<String ID="P3_ST00173" HPOS="1938" VPOS="1613" WIDTH="217" HEIGHT="51" CONTENT="seraient," WC="0.99" CC="000000454"/>
					</TextLine>
					<TextLine ID="P3_TL00018" HPOS="141" VPOS="1668" WIDTH="2017" HEIGHT="61">
						<String ID="P3_ST00174" HPOS="141" VPOS="1682" WIDTH="59" HEIGHT="26" CONTENT="au" WC="0.92" CC="01"/>
						<SP ID="P3_SP00156" HPOS="200" VPOS="1708" WIDTH="25"/>
						<String ID="P3_ST00175" HPOS="225" VPOS="1668" WIDTH="173" HEIGHT="49" CONTENT="besoin," WC="0.99" CC="0005060"/>
						<SP ID="P3_SP00157" HPOS="398" VPOS="1717" WIDTH="17"/>
						<String ID="P3_ST00176" HPOS="415" VPOS="1682" WIDTH="87" HEIGHT="28" CONTENT="une" WC="0.95" CC="806"/>
						<SP ID="P3_SP00158" HPOS="502" VPOS="1717" WIDTH="9"/>
						<String ID="P3_ST00177" HPOS="511" VPOS="1682" WIDTH="171" HEIGHT="40" CONTENT="preuve" WC="1.00" CC="000500"/>
						<SP ID="P3_SP00159" HPOS="682" VPOS="1722" WIDTH="14"/>
						<String ID="P3_ST00178" HPOS="696" VPOS="1670" WIDTH="210" HEIGHT="41" CONTENT="nouvelle" WC="1.00" CC="13100000"/>
						<SP ID="P3_SP00160" HPOS="906" VPOS="1722" WIDTH="14"/>
						<String ID="P3_ST00179" HPOS="920" VPOS="1670" WIDTH="78" HEIGHT="55" CONTENT="(i)." WC="0.44" CC="3782" STYLEREFS="TXT_1"/>
						<SP ID="P3_SP00161" HPOS="998" VPOS="1725" WIDTH="22"/>
						<String ID="P3_ST00180" HPOS="1020" VPOS="1672" WIDTH="60" HEIGHT="42" CONTENT="La" WC="0.71" CC="50" STYLEREFS="TXT_1"/>
						<SP ID="P3_SP00162" HPOS="1080" VPOS="1725" WIDTH="25"/>
						<String ID="P3_ST00181" HPOS="1105" VPOS="1673" WIDTH="219" HEIGHT="43" CONTENT="Chanson" WC="0.99" CC="1060000" STYLEREFS="TXT_1"/>
						<SP ID="P3_SP00163" HPOS="1324" VPOS="1725" WIDTH="24"/>
						<String ID="P3_ST00182" HPOS="1348" VPOS="1675" WIDTH="53" HEIGHT="41" CONTENT="de" WC="0.87" CC="20" STYLEREFS="TXT_1"/>
						<SP ID="P3_SP00164" HPOS="1401" VPOS="1725" WIDTH="20"/>
						<String ID="P3_ST00183" HPOS="1421" VPOS="1675" WIDTH="40" HEIGHT="42" CONTENT="la" WC="0.86" CC="02" STYLEREFS="TXT_1"/>
						<SP ID="P3_SP00165" HPOS="1461" VPOS="1725" WIDTH="17"/>
						<String ID="P3_ST00184" HPOS="1478" VPOS="1677" WIDTH="242" HEIGHT="52" CONTENT="Bretagne," WC="0.99" CC="150307002" STYLEREFS="TXT_1"/>
						<SP ID="P3_SP00166" HPOS="1720" VPOS="1729" WIDTH="20"/>
						<String ID="P3_ST00185" HPOS="1740" VPOS="1678" WIDTH="62" HEIGHT="41" CONTENT="tel" WC="0.99" CC="100"/>
						<SP ID="P3_SP00167" HPOS="1802" VPOS="1729" WIDTH="18"/>
						<String ID="P3_ST00186" HPOS="1820" VPOS="1684" WIDTH="66" HEIGHT="35" CONTENT="est" WC="0.97" CC="404"/>
						<SP ID="P3_SP00168" HPOS="1886" VPOS="1729" WIDTH="23"/>
						<String ID="P3_ST00187" HPOS="1909" VPOS="1681" WIDTH="39" HEIGHT="39" CONTENT="le" WC="0.64" CC="07"/>
						<SP ID="P3_SP00169" HPOS="1948" VPOS="1729" WIDTH="18"/>
						<String ID="P3_ST00188" HPOS="1966" VPOS="1681" WIDTH="111" HEIGHT="40" CONTENT="titre" WC="0.99" CC="50005"/>
						<SP ID="P3_SP00170" HPOS="2077" VPOS="1729" WIDTH="21"/>
						<String ID="P3_ST00189" HPOS="2098" VPOS="1682" WIDTH="60" HEIGHT="40" CONTENT="du" WC="1.00" CC="00"/>
					</TextLine>
					<TextLine ID="P3_TL00019" HPOS="142" VPOS="1736" WIDTH="2010" HEIGHT="66">
						<String ID="P3_ST00190" HPOS="142" VPOS="1739" WIDTH="188" HEIGHT="39" CONTENT="recueil." WC="0.99" CC="00574022"/>
						<SP ID="P3_SP00171" HPOS="330" VPOS="1778" WIDTH="27"/>
						<String ID="P3_ST00191" HPOS="357" VPOS="1736" WIDTH="62" HEIGHT="41" CONTENT="Et" WC="0.65" CC="07"/>
						<SP ID="P3_SP00172" HPOS="419" VPOS="1778" WIDTH="26"/>
						<String ID="P3_ST00192" HPOS="445" VPOS="1750" WIDTH="49" HEIGHT="27" CONTENT="en" WC="1.00" CC="00"/>
						<SP ID="P3_SP00173" HPOS="494" VPOS="1778" WIDTH="38"/>
						<String ID="P3_ST00193" HPOS="532" VPOS="1736" WIDTH="146" HEIGHT="42" CONTENT="vérité" WC="0.99" CC="018002"/>
						<SP ID="P3_SP00174" HPOS="678" VPOS="1778" WIDTH="31"/>
						<String ID="P3_ST00194" HPOS="709" VPOS="1740" WIDTH="107" HEIGHT="38" CONTENT="c'est" WC="0.98" CC="04390"/>
						<SP ID="P3_SP00175" HPOS="816" VPOS="1778" WIDTH="22"/>
						<String ID="P3_ST00195" HPOS="838" VPOS="1739" WIDTH="101" HEIGHT="39" CONTENT="bien" WC="0.99" CC="0040"/>
						<SP ID="P3_SP00176" HPOS="939" VPOS="1778" WIDTH="26"/>
						<String ID="P3_ST00196" HPOS="965" VPOS="1740" WIDTH="42" HEIGHT="40" CONTENT="la" WC="0.93" CC="10"/>
						<SP ID="P3_SP00177" HPOS="1007" VPOS="1780" WIDTH="32"/>
						<String ID="P3_ST00197" HPOS="1039" VPOS="1741" WIDTH="241" HEIGHT="54" CONTENT="Bretagne" WC="0.99" CC="00550006"/>
						<SP ID="P3_SP00178" HPOS="1280" VPOS="1795" WIDTH="38"/>
						<String ID="P3_ST00198" HPOS="1318" VPOS="1744" WIDTH="79" HEIGHT="52" CONTENT="qui" WC="0.96" CC="056"/>
						<SP ID="P3_SP00179" HPOS="1397" VPOS="1796" WIDTH="19"/>
						<String ID="P3_ST00199" HPOS="1416" VPOS="1744" WIDTH="163" HEIGHT="41" CONTENT="chante" WC="0.98" CC="600546"/>
						<SP ID="P3_SP00180" HPOS="1579" VPOS="1796" WIDTH="21"/>
						<String ID="P3_ST00200" HPOS="1600" VPOS="1758" WIDTH="52" HEIGHT="27" CONTENT="en" WC="1.00" CC="00"/>
						<SP ID="P3_SP00181" HPOS="1652" VPOS="1796" WIDTH="44"/>
						<String ID="P3_ST00201" HPOS="1696" VPOS="1758" WIDTH="72" HEIGHT="28" CONTENT="ces" WC="0.98" CC="230"/>
						<SP ID="P3_SP00182" HPOS="1768" VPOS="1796" WIDTH="23"/>
						<String ID="P3_ST00202" HPOS="1791" VPOS="1750" WIDTH="240" HEIGHT="52" CONTENT="musiques." WC="1.00" CC="004006000"/>
						<SP ID="P3_SP00183" HPOS="2031" VPOS="1802" WIDTH="35"/>
						<String ID="P3_ST00203" HPOS="2066" VPOS="1749" WIDTH="86" HEIGHT="42" CONTENT="Ces" WC="0.95" CC="038"/>
					</TextLine>
					<TextLine ID="P3_TL00020" HPOS="135" VPOS="1806" WIDTH="2018" HEIGHT="60">
						<String ID="P3_ST00204" HPOS="135" VPOS="1806" WIDTH="174" HEIGHT="52" CONTENT="pièces," WC="1.00" CC="0000002"/>
						<SP ID="P3_SP00184" HPOS="309" VPOS="1858" WIDTH="23"/>
						<String ID="P3_ST00205" HPOS="332" VPOS="1808" WIDTH="128" HEIGHT="39" CONTENT="aussi" WC="0.99" CC="00800"/>
						<SP ID="P3_SP00185" HPOS="460" VPOS="1858" WIDTH="23"/>
						<String ID="P3_ST00206" HPOS="483" VPOS="1806" WIDTH="138" HEIGHT="41" CONTENT="belles" WC="0.99" CC="100330"/>
						<SP ID="P3_SP00186" HPOS="621" VPOS="1858" WIDTH="21"/>
						<String ID="P3_ST00207" HPOS="642" VPOS="1808" WIDTH="182" HEIGHT="53" CONTENT="parfois" WC="0.99" CC="0700500"/>
						<SP ID="P3_SP00187" HPOS="824" VPOS="1861" WIDTH="22"/>
						<String ID="P3_ST00208" HPOS="846" VPOS="1821" WIDTH="85" HEIGHT="41" CONTENT="que" WC="0.99" CC="002"/>
						<SP ID="P3_SP00188" HPOS="931" VPOS="1862" WIDTH="25"/>
						<String ID="P3_ST00209" HPOS="956" VPOS="1809" WIDTH="63" HEIGHT="40" CONTENT="les" WC="1.00" CC="000"/>
						<SP ID="P3_SP00189" HPOS="1019" VPOS="1862" WIDTH="23"/>
						<String ID="P3_ST00210" HPOS="1042" VPOS="1810" WIDTH="124" HEIGHT="41" CONTENT="vrais" WC="0.99" CC="00900"/>
						<SP ID="P3_SP00190" HPOS="1166" VPOS="1862" WIDTH="20"/>
						<String ID="P3_ST00211" HPOS="1186" VPOS="1811" WIDTH="159" HEIGHT="41" CONTENT="chants" WC="0.98" CC="250660"/>
						<SP ID="P3_SP00191" HPOS="1345" VPOS="1862" WIDTH="17"/>
						<String ID="P3_ST00212" HPOS="1362" VPOS="1814" WIDTH="292" HEIGHT="52" CONTENT="populaires," WC="0.99" CC="05070000414"/>
						<SP ID="P3_SP00192" HPOS="1654" VPOS="1866" WIDTH="19"/>
						<String ID="P3_ST00213" HPOS="1673" VPOS="1821" WIDTH="101" HEIGHT="35" CONTENT="sont" WC="0.98" CC="0370"/>
						<SP ID="P3_SP00193" HPOS="1774" VPOS="1866" WIDTH="19"/>
						<String ID="P3_ST00214" HPOS="1793" VPOS="1818" WIDTH="125" HEIGHT="39" CONTENT="aussi" WC="0.99" CC="00900"/>
						<SP ID="P3_SP00194" HPOS="1918" VPOS="1866" WIDTH="33"/>
						<String ID="P3_ST00215" HPOS="1951" VPOS="1816" WIDTH="202" HEIGHT="44" CONTENT="sincères" WC="0.99" CC="00503005"/>
					</TextLine>
					<TextLine ID="P3_TL00021" HPOS="144" VPOS="1875" WIDTH="1722" HEIGHT="56">
						<String ID="P3_ST00216" HPOS="144" VPOS="1881" WIDTH="42" HEIGHT="33" CONTENT="et" WC="0.89" CC="02"/>
						<SP ID="P3_SP00195" HPOS="186" VPOS="1914" WIDTH="26"/>
						<String ID="P3_ST00217" HPOS="212" VPOS="1875" WIDTH="103" HEIGHT="39" CONTENT="nées" WC="0.94" CC="4768"/>
						<SP ID="P3_SP00196" HPOS="315" VPOS="1914" WIDTH="23"/>
						<String ID="P3_ST00218" HPOS="338" VPOS="1888" WIDTH="170" HEIGHT="27" CONTENT="comme" WC="0.99" CC="03100"/>
						<SP ID="P3_SP00197" HPOS="508" VPOS="1915" WIDTH="19"/>
						<String ID="P3_ST00219" HPOS="527" VPOS="1876" WIDTH="111" HEIGHT="39" CONTENT="elles" WC="0.98" CC="63300"/>
						<SP ID="P3_SP00198" HPOS="638" VPOS="1915" WIDTH="21"/>
						<String ID="P3_ST00220" HPOS="659" VPOS="1875" WIDTH="106" HEIGHT="40" CONTENT="d'un" WC="0.97" CC="0075"/>
						<SP ID="P3_SP00199" HPOS="765" VPOS="1915" WIDTH="23"/>
						<String ID="P3_ST00221" HPOS="788" VPOS="1890" WIDTH="162" HEIGHT="27" CONTENT="amour" WC="0.98" CC="00325"/>
						<SP ID="P3_SP00200" HPOS="950" VPOS="1917" WIDTH="14"/>
						<String ID="P3_ST00222" HPOS="964" VPOS="1879" WIDTH="248" HEIGHT="52" CONTENT="passionné" WC="0.99" CC="000013062"/>
						<SP ID="P3_SP00201" HPOS="1212" VPOS="1931" WIDTH="19"/>
						<String ID="P3_ST00223" HPOS="1231" VPOS="1880" WIDTH="54" HEIGHT="39" CONTENT="de" WC="0.68" CC="06"/>
						<SP ID="P3_SP00202" HPOS="1285" VPOS="1931" WIDTH="35"/>
						<String ID="P3_ST00224" HPOS="1320" VPOS="1881" WIDTH="42" HEIGHT="40" CONTENT="la" WC="1.00" CC="00"/>
						<SP ID="P3_SP00203" HPOS="1362" VPOS="1931" WIDTH="25"/>
						<String ID="P3_ST00225" HPOS="1387" VPOS="1886" WIDTH="126" HEIGHT="36" CONTENT="terre" WC="0.99" CC="06003"/>
						<SP ID="P3_SP00204" HPOS="1513" VPOS="1931" WIDTH="24"/>
						<String ID="P3_ST00226" HPOS="1537" VPOS="1884" WIDTH="168" HEIGHT="40" CONTENT="natale." WC="0.98" CC="5648025"/>
						<SP ID="P3_SP00205" HPOS="1705" VPOS="1931" WIDTH="24"/>
						<String ID="P3_ST00227" HPOS="1729" VPOS="1884" WIDTH="137" HEIGHT="42" CONTENT="Jadis" WC="1.00" CC="00000"/>
					</TextLine>
					<TextLine ID="P3_TL00022" HPOS="156" VPOS="1942" WIDTH="2002" HEIGHT="66">
						<String ID="P3_ST00228" HPOS="156" VPOS="1942" WIDTH="660" HEIGHT="56" CONTENT="gault-Ducoudraypubliait" WC="0.82" CC="20507045000000008000600"/>
						<SP ID="P3_SP00206" HPOS="816" VPOS="1998" WIDTH="17"/>
						<String ID="P3_ST00229" HPOS="833" VPOS="1946" WIDTH="65" HEIGHT="39" CONTENT="les" WC="1.00" CC="000"/>
						<SP ID="P3_SP00207" HPOS="898" VPOS="1998" WIDTH="14"/>
						<String ID="P3_ST00230" HPOS="912" VPOS="1946" WIDTH="102" HEIGHT="53" CONTENT="plus" WC="0.95" CC="6069"/>
						<SP ID="P3_SP00208" HPOS="1014" VPOS="1999" WIDTH="22"/>
						<String ID="P3_ST00231" HPOS="1036" VPOS="1948" WIDTH="215" HEIGHT="53" CONTENT="exquises" WC="0.99" CC="40071800"/>
						<SP ID="P3_SP00209" HPOS="1251" VPOS="2001" WIDTH="12"/>
						<String ID="P3_ST00232" HPOS="1263" VPOS="1947" WIDTH="78" HEIGHT="41" CONTENT="des" WC="0.98" CC="060"/>
						<SP ID="P3_SP00210" HPOS="1341" VPOS="2001" WIDTH="17"/>
						<String ID="P3_ST00233" HPOS="1358" VPOS="1948" WIDTH="220" HEIGHT="42" CONTENT="mélodies" WC="0.99" CC="06210080"/>
						<SP ID="P3_SP00211" HPOS="1578" VPOS="2001" WIDTH="13"/>
						<String ID="P3_ST00234" HPOS="1591" VPOS="1964" WIDTH="84" HEIGHT="42" CONTENT="que" WC="0.98" CC="005"/>
						<SP ID="P3_SP00212" HPOS="1675" VPOS="2006" WIDTH="18"/>
						<String ID="P3_ST00235" HPOS="1693" VPOS="1952" WIDTH="42" HEIGHT="40" CONTENT="la" WC="0.61" CC="07"/>
						<SP ID="P3_SP00213" HPOS="1735" VPOS="2006" WIDTH="16"/>
						<String ID="P3_ST00236" HPOS="1751" VPOS="1951" WIDTH="238" HEIGHT="57" CONTENT="Bretagne" WC="0.98" CC="40370826"/>
						<SP ID="P3_SP00214" HPOS="1989" VPOS="2008" WIDTH="15"/>
						<String ID="P3_ST00237" HPOS="2004" VPOS="1968" WIDTH="27" HEIGHT="27" CONTENT="a" WC="1.00" CC="0"/>
						<SP ID="P3_SP00215" HPOS="2031" VPOS="2008" WIDTH="23"/>
						<String ID="P3_ST00238" HPOS="2054" VPOS="1969" WIDTH="104" HEIGHT="28" CONTENT="vues" WC="0.98" CC="0640"/>
					</TextLine>
					<TextLine ID="P3_TL00023" HPOS="142" VPOS="2011" WIDTH="2015" HEIGHT="62">
						<String ID="P3_ST00239" HPOS="142" VPOS="2011" WIDTH="169" HEIGHT="42" CONTENT="naître." WC="0.99" CC="4060000"/>
						<SP ID="P3_SP00216" HPOS="311" VPOS="2053" WIDTH="27"/>
						<String ID="P3_ST00240" HPOS="338" VPOS="2012" WIDTH="113" HEIGHT="41" CONTENT="Plus" WC="0.98" CC="6030"/>
						<SP ID="P3_SP00217" HPOS="451" VPOS="2053" WIDTH="20"/>
						<String ID="P3_ST00241" HPOS="471" VPOS="2011" WIDTH="134" HEIGHT="42" CONTENT="d'une" WC="0.99" CC="00080"/>
						<SP ID="P3_SP00218" HPOS="605" VPOS="2053" WIDTH="20"/>
						<String ID="P3_ST00242" HPOS="625" VPOS="2013" WIDTH="95" HEIGHT="49" CONTENT="fois" WC="0.98" CC="3410"/>
						<SP ID="P3_SP00219" HPOS="720" VPOS="2062" WIDTH="21"/>
						<String ID="P3_ST00243" HPOS="741" VPOS="2013" WIDTH="34" HEIGHT="40" CONTENT="il" WC="1.00" CC="00"/>
						<SP ID="P3_SP00220" HPOS="775" VPOS="2062" WIDTH="34"/>
						<String ID="P3_ST00244" HPOS="809" VPOS="2015" WIDTH="106" HEIGHT="39" CONTENT="s'est" WC="0.99" CC="04004"/>
						<SP ID="P3_SP00221" HPOS="915" VPOS="2062" WIDTH="22"/>
						<String ID="P3_ST00245" HPOS="937" VPOS="2016" WIDTH="139" HEIGHT="52" CONTENT="servi," WC="0.99" CC="030044"/>
						<SP ID="P3_SP00222" HPOS="1076" VPOS="2068" WIDTH="34"/>
						<String ID="P3_ST00246" HPOS="1110" VPOS="2029" WIDTH="52" HEIGHT="27" CONTENT="en" WC="0.78" CC="04"/>
						<SP ID="P3_SP00223" HPOS="1162" VPOS="2068" WIDTH="261"/>
						<String ID="P3_ST00247" HPOS="1423" VPOS="2020" WIDTH="339" HEIGHT="53" CONTENT="compositions," WC="1.00" CC="0500200006704"/>
						<SP ID="P3_SP00224" HPOS="1762" VPOS="2073" WIDTH="24"/>
						<String ID="P3_ST00248" HPOS="1786" VPOS="2021" WIDTH="56" HEIGHT="41" CONTENT="de" WC="0.66" CC="06"/>
						<SP ID="P3_SP00225" HPOS="1842" VPOS="2073" WIDTH="24"/>
						<String ID="P3_ST00249" HPOS="1866" VPOS="2023" WIDTH="84" HEIGHT="40" CONTENT="tels" WC="0.98" CC="2500"/>
						<SP ID="P3_SP00226" HPOS="1950" VPOS="2073" WIDTH="38"/>
						<String ID="P3_ST00250" HPOS="1988" VPOS="2023" WIDTH="56" HEIGHT="41" CONTENT="de" WC="0.83" CC="03"/>
						<SP ID="P3_SP00227" HPOS="2044" VPOS="2073" WIDTH="39"/>
						<String ID="P3_ST00251" HPOS="2083" VPOS="2037" WIDTH="74" HEIGHT="28" CONTENT="ces" WC="0.97" CC="070"/>
					</TextLine>
					<TextLine ID="P3_TL00024" HPOS="142" VPOS="2082" WIDTH="2016" HEIGHT="62">
						<String ID="P3_ST00252" HPOS="142" VPOS="2082" WIDTH="171" HEIGHT="39" CONTENT="thèmes" WC="0.99" CC="300030"/>
						<SP ID="P3_SP00228" HPOS="313" VPOS="2121" WIDTH="12"/>
						<String ID="P3_ST00253" HPOS="325" VPOS="2093" WIDTH="268" HEIGHT="40" CONTENT="anonymes," WC="0.98" CC="073498474"/>
						<SP ID="P3_SP00229" HPOS="593" VPOS="2133" WIDTH="28"/>
						<String ID="P3_ST00254" HPOS="621" VPOS="2095" WIDTH="203" HEIGHT="29" CONTENT="commun" WC="0.99" CC="150050"/>
						<SP ID="P3_SP00230" HPOS="824" VPOS="2133" WIDTH="22"/>
						<String ID="P3_ST00255" HPOS="846" VPOS="2084" WIDTH="154" HEIGHT="40" CONTENT="trésor" WC="0.99" CC="401000"/>
						<SP ID="P3_SP00231" HPOS="1000" VPOS="2133" WIDTH="21"/>
						<String ID="P3_ST00256" HPOS="1021" VPOS="2084" WIDTH="55" HEIGHT="41" CONTENT="de" WC="1.00" CC="00"/>
						<SP ID="P3_SP00232" HPOS="1076" VPOS="2133" WIDTH="16"/>
						<String ID="P3_ST00257" HPOS="1092" VPOS="2092" WIDTH="125" HEIGHT="34" CONTENT="toute" WC="0.99" CC="04012"/>
						<SP ID="P3_SP00233" HPOS="1217" VPOS="2133" WIDTH="23"/>
						<String ID="P3_ST00258" HPOS="1240" VPOS="2100" WIDTH="84" HEIGHT="28" CONTENT="une" WC="0.93" CC="764"/>
						<SP ID="P3_SP00234" HPOS="1324" VPOS="2133" WIDTH="19"/>
						<String ID="P3_ST00259" HPOS="1343" VPOS="2100" WIDTH="124" HEIGHT="29" CONTENT="race." WC="1.00" CC="00000"/>
						<SP ID="P3_SP00235" HPOS="1467" VPOS="2133" WIDTH="46"/>
						<String ID="P3_ST00260" HPOS="1513" VPOS="2088" WIDTH="127" HEIGHT="42" CONTENT="Voici" WC="1.00" CC="01000"/>
						<SP ID="P3_SP00236" HPOS="1640" VPOS="2133" WIDTH="21"/>
						<String ID="P3_ST00261" HPOS="1661" VPOS="2089" WIDTH="115" HEIGHT="55" CONTENT="qu'il" WC="0.99" CC="00202"/>
						<SP ID="P3_SP00237" HPOS="1776" VPOS="2144" WIDTH="21"/>
						<String ID="P3_ST00262" HPOS="1797" VPOS="2091" WIDTH="123" HEIGHT="40" CONTENT="vient" WC="0.98" CC="20434"/>
						<SP ID="P3_SP00238" HPOS="1920" VPOS="2144" WIDTH="28"/>
						<String ID="P3_ST00263" HPOS="1948" VPOS="2093" WIDTH="210" HEIGHT="42" CONTENT="enrichir" WC="0.98" CC="06965010"/>
					</TextLine>
					<TextLine ID="P3_TL00025" HPOS="140" VPOS="2148" WIDTH="1189" HEIGHT="58">
						<String ID="P3_ST00264" HPOS="140" VPOS="2162" WIDTH="82" HEIGHT="28" CONTENT="son" WC="0.97" CC="080"/>
						<SP ID="P3_SP00239" HPOS="222" VPOS="2190" WIDTH="17"/>
						<String ID="P3_ST00265" HPOS="239" VPOS="2163" WIDTH="119" HEIGHT="39" CONTENT="paj-s" WC="0.57" CC="90641"/>
						<SP ID="P3_SP00240" HPOS="358" VPOS="2202" WIDTH="31"/>
						<String ID="P3_ST00266" HPOS="389" VPOS="2152" WIDTH="137" HEIGHT="50" CONTENT="après" WC="1.00" CC="00000"/>
						<SP ID="P3_SP00241" HPOS="526" VPOS="2202" WIDTH="22"/>
						<String ID="P3_ST00267" HPOS="548" VPOS="2148" WIDTH="66" HEIGHT="42" CONTENT="lui" WC="0.98" CC="031"/>
						<SP ID="P3_SP00242" HPOS="614" VPOS="2202" WIDTH="17"/>
						<String ID="P3_ST00268" HPOS="631" VPOS="2152" WIDTH="135" HEIGHT="39" CONTENT="avoir" WC="0.98" CC="08500"/>
						<SP ID="P3_SP00243" HPOS="766" VPOS="2202" WIDTH="14"/>
						<String ID="P3_ST00269" HPOS="780" VPOS="2150" WIDTH="95" HEIGHT="54" CONTENT="fait" WC="1.00" CC="0000"/>
						<SP ID="P3_SP00244" HPOS="875" VPOS="2204" WIDTH="23"/>
						<String ID="P3_ST00270" HPOS="898" VPOS="2159" WIDTH="99" HEIGHT="33" CONTENT="tant" WC="0.98" CC="5002"/>
						<SP ID="P3_SP00245" HPOS="997" VPOS="2204" WIDTH="32"/>
						<String ID="P3_ST00271" HPOS="1029" VPOS="2153" WIDTH="300" HEIGHT="53" CONTENT="d'emprunts." WC="0.99" CC="02005058100"/>
					</TextLine>
					<TextLine ID="P3_TL00026" HPOS="197" VPOS="2218" WIDTH="1957" HEIGHT="66">
						<String ID="P3_ST00272" HPOS="197" VPOS="2218" WIDTH="95" HEIGHT="40" CONTENT="Sur" WC="0.97" CC="060"/>
						<SP ID="P3_SP00246" HPOS="292" VPOS="2258" WIDTH="23"/>
						<String ID="P3_ST00273" HPOS="315" VPOS="2219" WIDTH="62" HEIGHT="41" CONTENT="les" WC="1.00" CC="000"/>
						<SP ID="P3_SP00247" HPOS="377" VPOS="2260" WIDTH="22"/>
						<String ID="P3_ST00274" HPOS="399" VPOS="2230" WIDTH="103" HEIGHT="30" CONTENT="vers" WC="0.99" CC="0500"/>
						<SP ID="P3_SP00248" HPOS="502" VPOS="2260" WIDTH="23"/>
						<String ID="P3_ST00275" HPOS="525" VPOS="2218" WIDTH="53" HEIGHT="42" CONTENT="de" WC="0.81" CC="03"/>
						<SP ID="P3_SP00249" HPOS="578" VPOS="2260" WIDTH="33"/>
						<String ID="P3_ST00276" HPOS="611" VPOS="2219" WIDTH="69" HEIGHT="41" CONTENT="M." WC="1.00" CC="00"/>
						<SP ID="P3_SP00250" HPOS="680" VPOS="2260" WIDTH="25"/>
						<String ID="P3_ST00277" HPOS="705" VPOS="2219" WIDTH="203" HEIGHT="42" CONTENT="Anatole" WC="0.99" CC="0003400"/>
						<SP ID="P3_SP00251" HPOS="908" VPOS="2261" WIDTH="32"/>
						<String ID="P3_ST00278" HPOS="940" VPOS="2223" WIDTH="57" HEIGHT="39" CONTENT="Le" WC="0.55" CC="35"/>
						<SP ID="P3_SP00252" HPOS="997" VPOS="2262" WIDTH="26"/>
						<String ID="P3_ST00279" HPOS="1023" VPOS="2223" WIDTH="137" HEIGHT="54" CONTENT="Bra\," WC="0.28" CC="68694"/>
						<SP ID="P3_SP00253" HPOS="1160" VPOS="2277" WIDTH="42"/>
						<String ID="P3_ST00280" HPOS="1202" VPOS="2237" WIDTH="57" HEIGHT="28" CONTENT="un" WC="0.36" CC="75"/>
						<SP ID="P3_SP00254" HPOS="1259" VPOS="2277" WIDTH="33"/>
						<String ID="P3_ST00281" HPOS="1292" VPOS="2225" WIDTH="132" HEIGHT="52" CONTENT="poète" WC="0.99" CC="05000"/>
						<SP ID="P3_SP00255" HPOS="1424" VPOS="2277" WIDTH="21"/>
						<String ID="P3_ST00282" HPOS="1445" VPOS="2224" WIDTH="225" HEIGHT="45" CONTENT="véritable" WC="1.00" CC="000030000"/>
						<SP ID="P3_SP00256" HPOS="1670" VPOS="2277" WIDTH="40"/>
						<String ID="P3_ST00283" HPOS="1710" VPOS="2228" WIDTH="214" HEIGHT="43" CONTENT="demeuré" WC="0.99" CC="0501700"/>
						<SP ID="P3_SP00257" HPOS="1924" VPOS="2277" WIDTH="12"/>
						<String ID="P3_ST00284" HPOS="1936" VPOS="2230" WIDTH="142" HEIGHT="54" CONTENT="fidèle" WC="1.00" CC="000000"/>
						<SP ID="P3_SP00258" HPOS="2078" VPOS="2284" WIDTH="19"/>
						<String ID="P3_ST00285" HPOS="2097" VPOS="2247" WIDTH="57" HEIGHT="27" CONTENT="au" WC="0.24" CC="95"/>
					</TextLine>
					<TextLine ID="P3_TL00027" HPOS="150" VPOS="2286" WIDTH="2005" HEIGHT="60">
						<String ID="P3_ST00286" HPOS="150" VPOS="2299" WIDTH="123" HEIGHT="42" CONTENT="pays" WC="1.00" CC="0000"/>
						<SP ID="P3_SP00259" HPOS="273" VPOS="2341" WIDTH="22"/>
						<String ID="P3_ST00287" HPOS="295" VPOS="2286" WIDTH="236" HEIGHT="52" CONTENT="d'Armor," WC="0.79" CC="04300504"/>
						<SP ID="P3_SP00260" HPOS="531" VPOS="2341" WIDTH="28"/>
						<String ID="P3_ST00288" HPOS="559" VPOS="2300" WIDTH="75" HEIGHT="28" CONTENT="ces" WC="0.96" CC="028"/>
						<SP ID="P3_SP00261" HPOS="634" VPOS="2341" WIDTH="30"/>
						<String ID="P3_ST00289" HPOS="664" VPOS="2288" WIDTH="327" HEIGHT="54" CONTENT="compositions" WC="0.99" CC="420052080059"/>
						<SP ID="P3_SP00262" HPOS="991" VPOS="2342" WIDTH="932"/>
						<String ID="P3_ST00290" HPOS="1923" VPOS="2290" WIDTH="220" HEIGHT="56" CONTENT="évoquent" WC="0.98" CC="39397003"/>
						<SP ID="P3_SP00263" HPOS="2143" VPOS="2346" WIDTH="-712"/>
						<String ID="P3_ST00291" HPOS="1431" VPOS="2293" WIDTH="219" HEIGHT="43" CONTENT="bretonne" WC="0.99" CC="00500005"/>
						<SP ID="P3_SP00264" HPOS="2143" VPOS="2346" WIDTH="-472"/>
						<String ID="P3_ST00292" HPOS="1671" VPOS="2303" WIDTH="101" HEIGHT="34" CONTENT="tout" WC="0.96" CC="3654"/>
						<SP ID="P3_SP00265" HPOS="2143" VPOS="2346" WIDTH="-337"/>
						<String ID="P3_ST00293" HPOS="1806" VPOS="2298" WIDTH="191" HEIGHT="42" CONTENT="entière." WC="1.00" CC="06000020"/>
						<SP ID="P3_SP00266" HPOS="2143" VPOS="2346" WIDTH="-118"/>
						<String ID="P3_ST00294" HPOS="2025" VPOS="2300" WIDTH="130" HEIGHT="41" CONTENT="L'art" WC="1.00" CC="00000"/>
					</TextLine>
					<TextLine ID="P3_TL00028" HPOS="158" VPOS="2355" WIDTH="1997" HEIGHT="66">
						<String ID="P3_ST00295" HPOS="158" VPOS="2355" WIDTH="59" HEIGHT="41" CONTENT="du" WC="0.86" CC="02"/>
						<SP ID="P3_SP00267" HPOS="217" VPOS="2396" WIDTH="0"/>
						<String ID="P3_ST00296" HPOS="217" VPOS="2356" WIDTH="219" HEIGHT="41" CONTENT="musicien" WC="0.99" CC="00907190"/>
						<SP ID="P3_SP00268" HPOS="436" VPOS="2397" WIDTH="20"/>
						<String ID="P3_ST00297" HPOS="456" VPOS="2369" WIDTH="98" HEIGHT="27" CONTENT="asu" WC="1.00" CC="008"/>
						<SP ID="P3_SP00269" HPOS="554" VPOS="2397" WIDTH="24"/>
						<String ID="P3_ST00298" HPOS="578" VPOS="2357" WIDTH="232" HEIGHT="54" CONTENT="agrandir" WC="1.00" CC="00070000"/>
						<SP ID="P3_SP00270" HPOS="810" VPOS="2411" WIDTH="23"/>
						<String ID="P3_ST00299" HPOS="833" VPOS="2360" WIDTH="40" HEIGHT="38" CONTENT="le" WC="0.64" CC="07"/>
						<SP ID="P3_SP00271" HPOS="873" VPOS="2411" WIDTH="21"/>
						<String ID="P3_ST00300" HPOS="894" VPOS="2357" WIDTH="158" HEIGHT="53" CONTENT="cadre," WC="0.98" CC="690040"/>
						<SP ID="P3_SP00272" HPOS="1052" VPOS="2411" WIDTH="21"/>
						<String ID="P3_ST00301" HPOS="1073" VPOS="2359" WIDTH="210" HEIGHT="56" CONTENT="toujours" WC="0.99" CC="02600708"/>
						<SP ID="P3_SP00273" HPOS="1283" VPOS="2415" WIDTH="131"/>
						<String ID="P3_ST00302" HPOS="1414" VPOS="2375" WIDTH="89" HEIGHT="41" CONTENT="peu" WC="0.92" CC="957"/>
						<SP ID="P3_SP00274" HPOS="1503" VPOS="2416" WIDTH="24"/>
						<String ID="P3_ST00303" HPOS="1527" VPOS="2364" WIDTH="153" HEIGHT="48" CONTENT="étroit," WC="0.99" CC="2005303"/>
						<SP ID="P3_SP00275" HPOS="1680" VPOS="2416" WIDTH="27"/>
						<String ID="P3_ST00304" HPOS="1707" VPOS="2365" WIDTH="78" HEIGHT="41" CONTENT="des" WC="1.00" CC="000"/>
						<SP ID="P3_SP00276" HPOS="1785" VPOS="2416" WIDTH="22"/>
						<String ID="P3_ST00305" HPOS="1807" VPOS="2366" WIDTH="348" HEIGHT="55" CONTENT="chefs-d'œuvre" WC="0.99" CC="0037020380805"/>
					</TextLine>
					<TextLine ID="P3_TL00029" HPOS="140" VPOS="2425" WIDTH="2005" HEIGHT="67">
						<String ID="P3_ST00306" HPOS="140" VPOS="2425" WIDTH="53" HEIGHT="40" CONTENT="de" WC="0.51" CC="09"/>
						<SP ID="P3_SP00277" HPOS="193" VPOS="2465" WIDTH="120"/>
						<String ID="P3_ST00307" HPOS="313" VPOS="2425" WIDTH="63" HEIGHT="40" CONTENT="l'art" WC="1.00" CC="00000"/>
						<SP ID="P3_SP00278" HPOS="376" VPOS="2465" WIDTH="1"/>
						<String ID="P3_ST00308" HPOS="377" VPOS="2426" WIDTH="237" HEIGHT="53" CONTENT="populaire." WC="1.00" CC="0200000000"/>
						<SP ID="P3_SP00279" HPOS="614" VPOS="2479" WIDTH="30"/>
						<String ID="P3_ST00309" HPOS="644" VPOS="2427" WIDTH="84" HEIGHT="40" CONTENT="Les" WC="0.97" CC="070"/>
						<SP ID="P3_SP00280" HPOS="728" VPOS="2479" WIDTH="28"/>
						<String ID="P3_ST00310" HPOS="756" VPOS="2429" WIDTH="302" HEIGHT="52" CONTENT="proportions" WC="1.00" CC="00401000308"/>
						<SP ID="P3_SP00281" HPOS="1058" VPOS="2481" WIDTH="39"/>
						<String ID="P3_ST00311" HPOS="1097" VPOS="2436" WIDTH="106" HEIGHT="33" CONTENT="sont" WC="0.98" CC="0430"/>
						<SP ID="P3_SP00282" HPOS="1203" VPOS="2481" WIDTH="38"/>
						<String ID="P3_ST00312" HPOS="1241" VPOS="2430" WIDTH="61" HEIGHT="40" CONTENT="ici" WC="0.94" CC="176"/>
						<SP ID="P3_SP00283" HPOS="1302" VPOS="2481" WIDTH="18"/>
						<String ID="P3_ST00313" HPOS="1320" VPOS="2431" WIDTH="105" HEIGHT="53" CONTENT="plus" WC="0.98" CC="0070"/>
						<SP ID="P3_SP00284" HPOS="1425" VPOS="2484" WIDTH="22"/>
						<String ID="P3_ST00314" HPOS="1447" VPOS="2432" WIDTH="172" HEIGHT="55" CONTENT="larges," WC="0.99" CC="0506404"/>
						<SP ID="P3_SP00285" HPOS="1619" VPOS="2487" WIDTH="35"/>
						<String ID="P3_ST00315" HPOS="1654" VPOS="2434" WIDTH="42" HEIGHT="40" CONTENT="la" WC="1.00" CC="00"/>
						<SP ID="P3_SP00286" HPOS="1696" VPOS="2487" WIDTH="34"/>
						<String ID="P3_ST00316" HPOS="1730" VPOS="2435" WIDTH="277" HEIGHT="43" CONTENT="réalisation" WC="1.00" CC="06000700050"/>
						<SP ID="P3_SP00287" HPOS="2007" VPOS="2487" WIDTH="29"/>
						<String ID="P3_ST00317" HPOS="2036" VPOS="2440" WIDTH="109" HEIGHT="52" CONTENT="plus" WC="0.97" CC="0066"/>
					</TextLine>
					<TextLine ID="P3_TL00030" HPOS="140" VPOS="2492" WIDTH="2013" HEIGHT="69">
						<String ID="P3_ST00318" HPOS="140" VPOS="2492" WIDTH="206" HEIGHT="57" CONTENT="raffinée," WC="0.99" CC="000008354"/>
						<SP ID="P3_SP00288" HPOS="346" VPOS="2549" WIDTH="29"/>
						<String ID="P3_ST00319" HPOS="375" VPOS="2493" WIDTH="312" HEIGHT="54" CONTENT="l'inspiration" WC="0.99" CC="0404403040346"/>
						<SP ID="P3_SP00289" HPOS="687" VPOS="2549" WIDTH="17"/>
						<String ID="P3_ST00320" HPOS="704" VPOS="2496" WIDTH="104" HEIGHT="52" CONTENT="plus" WC="0.98" CC="0380"/>
						<SP ID="P3_SP00290" HPOS="808" VPOS="2549" WIDTH="23"/>
						<String ID="P3_ST00321" HPOS="831" VPOS="2497" WIDTH="236" HEIGHT="52" CONTENT="complexe" WC="0.99" CC="23001605"/>
						<SP ID="P3_SP00291" HPOS="1067" VPOS="2549" WIDTH="23"/>
						<String ID="P3_ST00322" HPOS="1090" VPOS="2503" WIDTH="42" HEIGHT="34" CONTENT="et" WC="0.86" CC="02"/>
						<SP ID="P3_SP00292" HPOS="1132" VPOS="2549" WIDTH="26"/>
						<String ID="P3_ST00323" HPOS="1158" VPOS="2498" WIDTH="41" HEIGHT="40" CONTENT="le" WC="0.79" CC="04"/>
						<SP ID="P3_SP00293" HPOS="1199" VPOS="2549" WIDTH="19"/>
						<String ID="P3_ST00324" HPOS="1218" VPOS="2500" WIDTH="246" HEIGHT="40" CONTENT="sentiment" WC="0.99" CC="052000080"/>
						<SP ID="P3_SP00294" HPOS="1464" VPOS="2549" WIDTH="13"/>
						<String ID="P3_ST00325" HPOS="1477" VPOS="2501" WIDTH="107" HEIGHT="53" CONTENT="plus" WC="0.97" CC="0084"/>
						<SP ID="P3_SP00295" HPOS="1584" VPOS="2554" WIDTH="16"/>
						<String ID="P3_ST00326" HPOS="1600" VPOS="2501" WIDTH="162" HEIGHT="43" CONTENT="subtil." WC="0.99" CC="3800001"/>
						<SP ID="P3_SP00296" HPOS="1762" VPOS="2554" WIDTH="25"/>
						<String ID="P3_ST00327" HPOS="1787" VPOS="2503" WIDTH="290" HEIGHT="58" CONTENT="Différences" WC="0.99" CC="23551005050"/>
						<SP ID="P3_SP00297" HPOS="2077" VPOS="2561" WIDTH="20"/>
						<String ID="P3_ST00328" HPOS="2097" VPOS="2503" WIDTH="56" HEIGHT="45" CONTENT="de" WC="0.63" CC="07"/>
					</TextLine>
					<TextLine ID="P3_TL00031" HPOS="139" VPOS="2562" WIDTH="2015" HEIGHT="67">
						<String ID="P3_ST00329" HPOS="139" VPOS="2562" WIDTH="144" HEIGHT="41" CONTENT="détail" WC="0.98" CC="360050"/>
						<SP ID="P3_SP00298" HPOS="283" VPOS="2603" WIDTH="19"/>
						<String ID="P3_ST00330" HPOS="302" VPOS="2562" WIDTH="78" HEIGHT="55" CONTENT="qui" WC="0.97" CC="026"/>
						<SP ID="P3_SP00299" HPOS="380" VPOS="2617" WIDTH="16"/>
						<String ID="P3_ST00331" HPOS="396" VPOS="2562" WIDTH="186" HEIGHT="41" CONTENT="laissent" WC="0.98" CC="00099584"/>
						<SP ID="P3_SP00300" HPOS="582" VPOS="2617" WIDTH="19"/>
						<String ID="P3_ST00332" HPOS="601" VPOS="2563" WIDTH="223" HEIGHT="42" CONTENT="subsister" WC="0.99" CC="060058000"/>
						<SP ID="P3_SP00301" HPOS="824" VPOS="2617" WIDTH="18"/>
						<String ID="P3_ST00333" HPOS="842" VPOS="2564" WIDTH="225" HEIGHT="41" CONTENT="l'identité" WC="0.98" CC="0307964077"/>
						<SP ID="P3_SP00302" HPOS="1067" VPOS="2617" WIDTH="23"/>
						<String ID="P3_ST00334" HPOS="1090" VPOS="2566" WIDTH="58" HEIGHT="39" CONTENT="du" WC="0.59" CC="08"/>
						<SP ID="P3_SP00303" HPOS="1148" VPOS="2617" WIDTH="5"/>
						<String ID="P3_ST00335" HPOS="1153" VPOS="2566" WIDTH="141" HEIGHT="53" CONTENT="fond." WC="0.98" CC="10270"/>
						<SP ID="P3_SP00304" HPOS="1294" VPOS="2619" WIDTH="31"/>
						<String ID="P3_ST00336" HPOS="1325" VPOS="2567" WIDTH="95" HEIGHT="41" CONTENT="Car" WC="1.00" CC="000"/>
						<SP ID="P3_SP00305" HPOS="1420" VPOS="2619" WIDTH="19"/>
						<String ID="P3_ST00337" HPOS="1439" VPOS="2581" WIDTH="72" HEIGHT="28" CONTENT="ces" WC="0.99" CC="030"/>
						<SP ID="P3_SP00306" HPOS="1511" VPOS="2619" WIDTH="22"/>
						<String ID="P3_ST00338" HPOS="1533" VPOS="2572" WIDTH="150" HEIGHT="39" CONTENT="scènes" WC="0.99" CC="050400"/>
						<SP ID="P3_SP00307" HPOS="1683" VPOS="2619" WIDTH="16"/>
						<String ID="P3_ST00339" HPOS="1699" VPOS="2578" WIDTH="44" HEIGHT="33" CONTENT="et" WC="1.00" CC="00"/>
						<SP ID="P3_SP00308" HPOS="1743" VPOS="2619" WIDTH="21"/>
						<String ID="P3_ST00340" HPOS="1764" VPOS="2585" WIDTH="73" HEIGHT="28" CONTENT="ces" WC="0.99" CC="030"/>
						<SP ID="P3_SP00309" HPOS="1837" VPOS="2619" WIDTH="17"/>
						<String ID="P3_ST00341" HPOS="1854" VPOS="2575" WIDTH="214" HEIGHT="54" CONTENT="légendes" WC="1.00" CC="00510000"/>
						<SP ID="P3_SP00310" HPOS="2068" VPOS="2629" WIDTH="31"/>
						<String ID="P3_ST00342" HPOS="2099" VPOS="2590" WIDTH="55" HEIGHT="27" CONTENT="ne" WC="0.34" CC="84"/>
					</TextLine>
					<TextLine ID="P3_TL00032" HPOS="127" VPOS="2630" WIDTH="1906" HEIGHT="58">
						<String ID="P3_ST00343" HPOS="127" VPOS="2630" WIDTH="172" HEIGHT="55" CONTENT="furent" WC="0.98" CC="280360"/>
						<SP ID="P3_SP00311" HPOS="299" VPOS="2685" WIDTH="12"/>
						<String ID="P3_ST00344" HPOS="311" VPOS="2643" WIDTH="88" HEIGHT="41" CONTENT="pas" WC="1.00" CC="000"/>
						<SP ID="P3_SP00312" HPOS="399" VPOS="2685" WIDTH="22"/>
						<String ID="P3_ST00345" HPOS="421" VPOS="2632" WIDTH="336" HEIGHT="40" CONTENT="curieusement" WC="0.99" CC="050007057636"/>
						<SP ID="P3_SP00313" HPOS="757" VPOS="2685" WIDTH="15"/>
						<String ID="P3_ST00346" HPOS="772" VPOS="2633" WIDTH="299" HEIGHT="41" CONTENT="rassemblées" WC="0.99" CC="00001000099"/>
						<SP ID="P3_SP00314" HPOS="1071" VPOS="2685" WIDTH="15"/>
						<String ID="P3_ST00347" HPOS="1086" VPOS="2648" WIDTH="89" HEIGHT="40" CONTENT="par" WC="1.00" CC="000"/>
						<SP ID="P3_SP00315" HPOS="1175" VPOS="2688" WIDTH="94"/>
						<String ID="P3_ST00348" HPOS="1269" VPOS="2638" WIDTH="129" HEIGHT="50" CONTENT="poète" WC="0.98" CC="72060"/>
						<SP ID="P3_SP00316" HPOS="1398" VPOS="2688" WIDTH="17"/>
						<String ID="P3_ST00349" HPOS="1415" VPOS="2644" WIDTH="42" HEIGHT="33" CONTENT="et" WC="0.46" CC="64"/>
						<SP ID="P3_SP00317" HPOS="1457" VPOS="2688" WIDTH="95"/>
						<String ID="P3_ST00350" HPOS="1552" VPOS="2641" WIDTH="217" HEIGHT="40" CONTENT="musicien" WC="0.99" CC="00052054"/>
						<SP ID="P3_SP00318" HPOS="1769" VPOS="2688" WIDTH="14"/>
						<String ID="P3_ST00351" HPOS="1783" VPOS="2642" WIDTH="250" HEIGHT="42" CONTENT="seulement" WC="0.99" CC="007000324"/>
					</TextLine>
					<TextLine ID="P3_TL00033" HPOS="154" VPOS="2698" WIDTH="2000" HEIGHT="65">
						<String ID="P3_ST00352" HPOS="154" VPOS="2698" WIDTH="278" HEIGHT="42" CONTENT="dits.Scènes" WC="0.77" CC="03500020660"/>
						<SP ID="P3_SP00319" HPOS="432" VPOS="2740" WIDTH="22"/>
						<String ID="P3_ST00353" HPOS="454" VPOS="2705" WIDTH="41" HEIGHT="33" CONTENT="et" WC="0.61" CC="61"/>
						<SP ID="P3_SP00320" HPOS="495" VPOS="2740" WIDTH="28"/>
						<String ID="P3_ST00354" HPOS="523" VPOS="2700" WIDTH="218" HEIGHT="54" CONTENT="légendes" WC="0.99" CC="04905000"/>
						<SP ID="P3_SP00321" HPOS="741" VPOS="2754" WIDTH="34"/>
						<String ID="P3_ST00355" HPOS="775" VPOS="2702" WIDTH="275" HEIGHT="47" CONTENT="nationales," WC="0.99" CC="07034060007"/>
						<SP ID="P3_SP00322" HPOS="1050" VPOS="2754" WIDTH="28"/>
						<String ID="P3_ST00356" HPOS="1078" VPOS="2704" WIDTH="111" HEIGHT="41" CONTENT="elles" WC="0.98" CC="00079"/>
						<SP ID="P3_SP00323" HPOS="1189" VPOS="2754" WIDTH="20"/>
						<String ID="P3_ST00357" HPOS="1209" VPOS="2712" WIDTH="106" HEIGHT="33" CONTENT="sont" WC="0.98" CC="0160"/>
						<SP ID="P3_SP00324" HPOS="1315" VPOS="2754" WIDTH="21"/>
						<String ID="P3_ST00358" HPOS="1336" VPOS="2705" WIDTH="135" HEIGHT="41" CONTENT="mises" WC="0.98" CC="03270"/>
						<SP ID="P3_SP00325" HPOS="1471" VPOS="2754" WIDTH="37"/>
						<String ID="P3_ST00359" HPOS="1508" VPOS="2721" WIDTH="49" HEIGHT="26" CONTENT="en" WC="0.50" CC="27"/>
						<SP ID="P3_SP00326" HPOS="1557" VPOS="2754" WIDTH="26"/>
						<String ID="P3_ST00360" HPOS="1583" VPOS="2721" WIDTH="152" HEIGHT="28" CONTENT="œuvre" WC="0.97" CC="08806"/>
						<SP ID="P3_SP00327" HPOS="1735" VPOS="2754" WIDTH="22"/>
						<String ID="P3_ST00361" HPOS="1757" VPOS="2723" WIDTH="86" HEIGHT="40" CONTENT="par" WC="0.96" CC="090"/>
						<SP ID="P3_SP00328" HPOS="1843" VPOS="2763" WIDTH="27"/>
						<String ID="P3_ST00362" HPOS="1870" VPOS="2710" WIDTH="123" HEIGHT="42" CONTENT="deux" WC="0.99" CC="0400"/>
						<SP ID="P3_SP00329" HPOS="1993" VPOS="2763" WIDTH="34"/>
						<String ID="P3_ST00363" HPOS="2027" VPOS="2716" WIDTH="127" HEIGHT="39" CONTENT="vrais" WC="0.98" CC="00708"/>
					</TextLine>
					<TextLine ID="P3_TL00034" HPOS="136" VPOS="2768" WIDTH="2016" HEIGHT="62">
						<String ID="P3_ST00364" HPOS="136" VPOS="2770" WIDTH="192" HEIGHT="40" CONTENT="artistes" WC="0.99" CC="00700500"/>
						<SP ID="P3_SP00330" HPOS="328" VPOS="2810" WIDTH="32"/>
						<String ID="P3_ST00365" HPOS="360" VPOS="2782" WIDTH="50" HEIGHT="26" CONTENT="en" WC="0.67" CC="06"/>
						<SP ID="P3_SP00331" HPOS="410" VPOS="2810" WIDTH="26"/>
						<String ID="P3_ST00366" HPOS="436" VPOS="2768" WIDTH="79" HEIGHT="54" CONTENT="qui" WC="0.97" CC="502"/>
						<SP ID="P3_SP00332" HPOS="515" VPOS="2822" WIDTH="20"/>
						<String ID="P3_ST00367" HPOS="535" VPOS="2768" WIDTH="129" HEIGHT="43" CONTENT="l'âme" WC="0.98" CC="03261"/>
						<SP ID="P3_SP00333" HPOS="664" VPOS="2822" WIDTH="22"/>
						<String ID="P3_ST00368" HPOS="686" VPOS="2770" WIDTH="53" HEIGHT="41" CONTENT="de" WC="0.93" CC="01"/>
						<SP ID="P3_SP00334" HPOS="739" VPOS="2822" WIDTH="33"/>
						<String ID="P3_ST00369" HPOS="772" VPOS="2771" WIDTH="44" HEIGHT="40" CONTENT="la" WC="1.00" CC="00"/>
						<SP ID="P3_SP00335" HPOS="816" VPOS="2822" WIDTH="33"/>
						<String ID="P3_ST00370" HPOS="849" VPOS="2768" WIDTH="241" HEIGHT="58" CONTENT="Bretagne" WC="0.98" CC="90600875"/>
						<SP ID="P3_SP00336" HPOS="1090" VPOS="2826" WIDTH="40"/>
						<String ID="P3_ST00371" HPOS="1130" VPOS="2780" WIDTH="65" HEIGHT="33" CONTENT="est" WC="0.93" CC="575"/>
						<SP ID="P3_SP00337" HPOS="1195" VPOS="2826" WIDTH="26"/>
						<String ID="P3_ST00372" HPOS="1221" VPOS="2773" WIDTH="237" HEIGHT="42" CONTENT="demeurée" WC="0.99" CC="00920000"/>
						<SP ID="P3_SP00338" HPOS="1458" VPOS="2826" WIDTH="23"/>
						<String ID="P3_ST00373" HPOS="1481" VPOS="2775" WIDTH="194" HEIGHT="43" CONTENT="vivante." WC="0.99" CC="00605002"/>
						<SP ID="P3_SP00339" HPOS="1675" VPOS="2826" WIDTH="40"/>
						<String ID="P3_ST00374" HPOS="1715" VPOS="2778" WIDTH="216" HEIGHT="52" CONTENT="L'œuvre," WC="0.99" CC="70060040"/>
						<SP ID="P3_SP00340" HPOS="1931" VPOS="2830" WIDTH="39"/>
						<String ID="P3_ST00375" HPOS="1970" VPOS="2783" WIDTH="182" HEIGHT="42" CONTENT="sincère" WC="0.99" CC="0060006"/>
					</TextLine>
					<TextLine ID="P3_TL00035" HPOS="137" VPOS="2839" WIDTH="2015" HEIGHT="62">
						<String ID="P3_ST00376" HPOS="137" VPOS="2844" WIDTH="127" HEIGHT="34" CONTENT="entre" WC="0.98" CC="04207"/>
						<SP ID="P3_SP00341" HPOS="264" VPOS="2878" WIDTH="24"/>
						<String ID="P3_ST00377" HPOS="288" VPOS="2844" WIDTH="159" HEIGHT="46" CONTENT="toutes," WC="0.99" CC="0470000"/>
						<SP ID="P3_SP00342" HPOS="447" VPOS="2890" WIDTH="19"/>
						<String ID="P3_ST00378" HPOS="466" VPOS="2839" WIDTH="160" HEIGHT="52" CONTENT="plaira" WC="0.97" CC="942188"/>
						<SP ID="P3_SP00343" HPOS="626" VPOS="2891" WIDTH="583"/>
						<String ID="P3_ST00379" HPOS="1209" VPOS="2839" WIDTH="283" HEIGHT="42" CONTENT="assurément" WC="0.99" CC="0000061650"/>
						<SP ID="P3_SP00344" HPOS="1492" VPOS="2891" WIDTH="17"/>
						<String ID="P3_ST00380" HPOS="1509" VPOS="2848" WIDTH="192" HEIGHT="45" CONTENT="partout" WC="0.99" CC="0000472"/>
						<SP ID="P3_SP00345" HPOS="1701" VPOS="2893" WIDTH="-525"/>
						<String ID="P3_ST00381" HPOS="1176" VPOS="2859" WIDTH="7" HEIGHT="24" CONTENT=";" WC="0.59" CC="4"/>
						<SP ID="P3_SP00346" HPOS="1701" VPOS="2893" WIDTH="-475"/>
						<String ID="P3_ST00382" HPOS="1226" VPOS="2843" WIDTH="87" HEIGHT="40" CONTENT="elle" WC="0.97" CC="7005"/>
						<SP ID="P3_SP00347" HPOS="1701" VPOS="2893" WIDTH="-365"/>
						<String ID="P3_ST00383" HPOS="1336" VPOS="2857" WIDTH="55" HEIGHT="26" CONTENT="ne" WC="0.39" CC="56"/>
						<SP ID="P3_SP00348" HPOS="1701" VPOS="2893" WIDTH="-273"/>
						<String ID="P3_ST00384" HPOS="1428" VPOS="2857" WIDTH="105" HEIGHT="27" CONTENT="sera" WC="1.00" CC="0200"/>
						<SP ID="P3_SP00349" HPOS="1701" VPOS="2893" WIDTH="-143"/>
						<String ID="P3_ST00385" HPOS="1558" VPOS="2846" WIDTH="126" HEIGHT="41" CONTENT="nulle" WC="0.99" CC="08001"/>
						<SP ID="P3_SP00350" HPOS="1701" VPOS="2893" WIDTH="14"/>
						<String ID="P3_ST00386" HPOS="1715" VPOS="2854" WIDTH="118" HEIGHT="46" CONTENT="part" WC="0.99" CC="0003"/>
						<SP ID="P3_SP00351" HPOS="1833" VPOS="2900" WIDTH="26"/>
						<String ID="P3_ST00387" HPOS="1859" VPOS="2850" WIDTH="126" HEIGHT="41" CONTENT="aussi" WC="0.95" CC="97893"/>
						<SP ID="P3_SP00352" HPOS="1985" VPOS="2900" WIDTH="20"/>
						<String ID="P3_ST00388" HPOS="2005" VPOS="2851" WIDTH="123" HEIGHT="50" CONTENT="forte" SUBS_TYPE="HypPart1" SUBS_CONTENT="fortement" WC="0.99" CC="05034"/>
						<HYP HPOS="2128" VPOS="2851" WIDTH="24" CONTENT="-"/>
					</TextLine>
					<TextLine ID="P3_TL00036" HPOS="137" VPOS="2906" WIDTH="1467" HEIGHT="56">
						<String ID="P3_ST00389" HPOS="137" VPOS="2912" WIDTH="118" HEIGHT="35" CONTENT="ment" SUBS_TYPE="HypPart2" SUBS_CONTENT="fortement" WC="0.98" CC="2340"/>
						<SP ID="P3_SP00353" HPOS="255" VPOS="2947" WIDTH="22"/>
						<String ID="P3_ST00390" HPOS="277" VPOS="2906" WIDTH="149" HEIGHT="41" CONTENT="sentie" WC="0.99" CC="003414"/>
						<SP ID="P3_SP00354" HPOS="426" VPOS="2947" WIDTH="16"/>
						<String ID="P3_ST00391" HPOS="442" VPOS="2906" WIDTH="135" HEIGHT="53" CONTENT="qu'au" WC="0.97" CC="07047"/>
						<SP ID="P3_SP00355" HPOS="577" VPOS="2959" WIDTH="9"/>
						<String ID="P3_ST00392" HPOS="586" VPOS="2920" WIDTH="123" HEIGHT="41" CONTENT="pays" WC="0.97" CC="0905"/>
						<SP ID="P3_SP00356" HPOS="709" VPOS="2961" WIDTH="19"/>
						<String ID="P3_ST00393" HPOS="728" VPOS="2910" WIDTH="80" HEIGHT="52" CONTENT="qui" WC="0.96" CC="380"/>
						<SP ID="P3_SP00357" HPOS="808" VPOS="2962" WIDTH="729"/>
						<String ID="P3_ST00394" HPOS="1537" VPOS="2907" WIDTH="67" HEIGHT="42" CONTENT="lui" WC="0.96" CC="092"/>
						<SP ID="P3_SP00358" HPOS="1604" VPOS="2962" WIDTH="-683"/>
						<String ID="P3_ST00395" HPOS="921" VPOS="2909" WIDTH="149" HEIGHT="42" CONTENT="donna" WC="0.97" CC="03449"/>
						<SP ID="P3_SP00359" HPOS="1604" VPOS="2962" WIDTH="-510"/>
						<String ID="P3_ST00396" HPOS="1094" VPOS="2910" WIDTH="255" HEIGHT="42" CONTENT="naissance." WC="0.99" CC="0300006643"/>
					</TextLine>
					<TextLine ID="P3_TL00037" HPOS="197" VPOS="2976" WIDTH="1953" HEIGHT="65">
						<String ID="P3_ST00397" HPOS="197" VPOS="2976" WIDTH="132" HEIGHT="42" CONTENT="Nous" WC="0.97" CC="0570"/>
						<SP ID="P3_SP00360" HPOS="329" VPOS="3018" WIDTH="22"/>
						<String ID="P3_ST00398" HPOS="351" VPOS="2981" WIDTH="194" HEIGHT="34" CONTENT="mettons" WC="0.99" CC="0620150"/>
						<SP ID="P3_SP00361" HPOS="545" VPOS="3018" WIDTH="34"/>
						<String ID="P3_ST00399" HPOS="579" VPOS="2976" WIDTH="120" HEIGHT="42" CONTENT="MM." WC="0.97" CC="700"/>
						<SP ID="P3_SP00362" HPOS="699" VPOS="3018" WIDTH="29"/>
						<String ID="P3_ST00400" HPOS="728" VPOS="2978" WIDTH="60" HEIGHT="40" CONTENT="Le" WC="0.71" CC="05"/>
						<SP ID="P3_SP00363" HPOS="788" VPOS="3018" WIDTH="31"/>
						<String ID="P3_ST00401" HPOS="819" VPOS="2977" WIDTH="124" HEIGHT="56" CONTENT="Bra\" WC="0.75" CC="0009"/>
						<SP ID="P3_SP00364" HPOS="943" VPOS="3033" WIDTH="25"/>
						<String ID="P3_ST00402" HPOS="968" VPOS="2985" WIDTH="43" HEIGHT="33" CONTENT="et" WC="0.80" CC="04"/>
						<SP ID="P3_SP00365" HPOS="1011" VPOS="3033" WIDTH="32"/>
						<String ID="P3_ST00403" HPOS="1043" VPOS="2978" WIDTH="578" HEIGHT="61" CONTENT="Bourgault-Ducoudray" WC="0.64" CC="5460600530670550009"/>
						<SP ID="P3_SP00366" HPOS="1621" VPOS="3039" WIDTH="23"/>
						<String ID="P3_ST00404" HPOS="1644" VPOS="2996" WIDTH="50" HEIGHT="28" CONTENT="en" WC="0.79" CC="04"/>
						<SP ID="P3_SP00367" HPOS="1694" VPOS="3039" WIDTH="45"/>
						<String ID="P3_ST00405" HPOS="1739" VPOS="2985" WIDTH="44" HEIGHT="39" CONTENT="la" WC="0.86" CC="20"/>
						<SP ID="P3_SP00368" HPOS="1783" VPOS="3039" WIDTH="21"/>
						<String ID="P3_ST00406" HPOS="1804" VPOS="2987" WIDTH="270" HEIGHT="54" CONTENT="compagnie" WC="0.99" CC="330004506"/>
						<SP ID="P3_SP00369" HPOS="2074" VPOS="3041" WIDTH="20"/>
						<String ID="P3_ST00407" HPOS="2094" VPOS="2990" WIDTH="56" HEIGHT="41" CONTENT="de" WC="0.70" CC="05"/>
					</TextLine>
					<TextLine ID="P3_TL00038" HPOS="142" VPOS="3043" WIDTH="736" HEIGHT="54">
						<String ID="P3_ST00408" HPOS="142" VPOS="3043" WIDTH="188" HEIGHT="54" CONTENT="Mo\art" WC="0.64" CC="019900"/>
						<SP ID="P3_SP00370" HPOS="330" VPOS="3097" WIDTH="24"/>
						<String ID="P3_ST00409" HPOS="354" VPOS="3056" WIDTH="53" HEIGHT="28" CONTENT="en" WC="0.45" CC="37"/>
						<SP ID="P3_SP00371" HPOS="407" VPOS="3097" WIDTH="22"/>
						<String ID="P3_ST00410" HPOS="429" VPOS="3051" WIDTH="130" HEIGHT="33" CONTENT="notre" WC="0.97" CC="74805"/>
						<SP ID="P3_SP00372" HPOS="559" VPOS="3097" WIDTH="18"/>
						<String ID="P3_ST00411" HPOS="577" VPOS="3046" WIDTH="301" HEIGHT="51" CONTENT="supplément." WC="0.99" CC="07000805000"/>
					</TextLine>
				</TextBlock>
				<TextBlock ID="P3_TB00005" HPOS="136" VPOS="3199" WIDTH="2012" HEIGHT="147" STYLEREFS="TXT_5 PAR_LEFT">
					<TextLine ID="P3_TL00039" HPOS="179" VPOS="3200" WIDTH="1969" HEIGHT="58">
						<String ID="P3_ST00412" HPOS="179" VPOS="3200" WIDTH="48" HEIGHT="41" CONTENT="(1)" WC="0.52" CC="067"/>
						<SP ID="P3_SP00373" HPOS="227" VPOS="3241" WIDTH="25"/>
						<String ID="P3_ST00413" HPOS="252" VPOS="3200" WIDTH="48" HEIGHT="32" CONTENT="La" WC="0.48" CC="37" STYLEREFS="TXT_6"/>
						<SP ID="P3_SP00374" HPOS="300" VPOS="3241" WIDTH="24"/>
						<String ID="P3_ST00414" HPOS="324" VPOS="3200" WIDTH="169" HEIGHT="32" CONTENT="Chanson" WC="0.99" CC="4060306" STYLEREFS="TXT_6"/>
						<SP ID="P3_SP00375" HPOS="493" VPOS="3241" WIDTH="23"/>
						<String ID="P3_ST00415" HPOS="516" VPOS="3203" WIDTH="39" HEIGHT="29" CONTENT="de" WC="0.68" CC="14" STYLEREFS="TXT_6"/>
						<SP ID="P3_SP00376" HPOS="555" VPOS="3241" WIDTH="32"/>
						<String ID="P3_ST00416" HPOS="587" VPOS="3201" WIDTH="33" HEIGHT="32" CONTENT="la" WC="0.66" CC="06" STYLEREFS="TXT_6"/>
						<SP ID="P3_SP00377" HPOS="620" VPOS="3241" WIDTH="16"/>
						<String ID="P3_ST00417" HPOS="636" VPOS="3203" WIDTH="181" HEIGHT="42" CONTENT="Bretagne" WC="0.97" CC="68609588" STYLEREFS="TXT_7"/>
						<SP ID="P3_SP00378" HPOS="817" VPOS="3245" WIDTH="18"/>
						<String ID="P3_ST00418" HPOS="835" VPOS="3214" WIDTH="7" HEIGHT="22" CONTENT=":" STYLE="subscript" WC="0.52" CC="4"/>
						<SP ID="P3_SP00379" HPOS="842" VPOS="3245" WIDTH="28"/>
						<String ID="P3_ST00419" HPOS="870" VPOS="3209" WIDTH="34" HEIGHT="25" CONTENT="i»" WC="0.70" CC="31"/>
						<SP ID="P3_SP00380" HPOS="904" VPOS="3245" WIDTH="25"/>
						<String ID="P3_ST00420" HPOS="929" VPOS="3204" WIDTH="177" HEIGHT="33" CONTENT="Berceuse" WC="0.98" CC="62750855"/>
						<SP ID="P3_SP00381" HPOS="1106" VPOS="3245" WIDTH="21"/>
						<String ID="P3_ST00421" HPOS="1127" VPOS="3204" WIDTH="254" HEIGHT="43" CONTENT="d'Armorique" WC="0.62" CC="01207750960"/>
						<SP ID="P3_SP00382" HPOS="1381" VPOS="3247" WIDTH="17"/>
						<String ID="P3_ST00422" HPOS="1398" VPOS="3219" WIDTH="8" HEIGHT="26" CONTENT=";" WC="1.00" CC="0"/>
						<SP ID="P3_SP00383" HPOS="1406" VPOS="3247" WIDTH="39"/>
						<String ID="P3_ST00423" HPOS="1445" VPOS="3213" WIDTH="40" HEIGHT="25" CONTENT="2°" WC="0.27" CC="68"/>
						<SP ID="P3_SP00384" HPOS="1485" VPOS="3247" WIDTH="24"/>
						<String ID="P3_ST00424" HPOS="1509" VPOS="3209" WIDTH="100" HEIGHT="32" CONTENT="Dans" WC="0.95" CC="8086"/>
						<SP ID="P3_SP00385" HPOS="1609" VPOS="3247" WIDTH="37"/>
						<String ID="P3_ST00425" HPOS="1646" VPOS="3212" WIDTH="32" HEIGHT="30" CONTENT="la" WC="1.00" CC="00"/>
						<SP ID="P3_SP00386" HPOS="1678" VPOS="3247" WIDTH="25"/>
						<String ID="P3_ST00426" HPOS="1703" VPOS="3212" WIDTH="118" HEIGHT="40" CONTENT="grand" WC="0.97" CC="70076"/>
						<SP ID="P3_SP00387" HPOS="1821" VPOS="3252" WIDTH="22"/>
						<String ID="P3_ST00427" HPOS="1843" VPOS="3215" WIDTH="118" HEIGHT="36" CONTENT="hune;" WC="0.98" CC="20471"/>
						<SP ID="P3_SP00388" HPOS="1961" VPOS="3252" WIDTH="44"/>
						<String ID="P3_ST00428" HPOS="2005" VPOS="3225" WIDTH="32" HEIGHT="33" CONTENT="p" WC="0.70" CC="2"/>
						<SP ID="P3_SP00389" HPOS="2037" VPOS="3258" WIDTH="19"/>
						<String ID="P3_ST00429" HPOS="2056" VPOS="3215" WIDTH="92" HEIGHT="33" CONTENT="Nuit" WC="0.95" CC="1766"/>
					</TextLine>
					<TextLine ID="P3_TL00040" HPOS="136" VPOS="3251" WIDTH="2012" HEIGHT="54">
						<String ID="P3_ST00430" HPOS="136" VPOS="3251" WIDTH="189" HEIGHT="37" CONTENT="detoiles;" WC="0.84" CC="204204000"/>
						<SP ID="P3_SP00390" HPOS="325" VPOS="3288" WIDTH="42"/>
						<String ID="P3_ST00431" HPOS="367" VPOS="3264" WIDTH="22" HEIGHT="29" CONTENT="4" WC="0.37" CC="6"/>
						<String ID="P3_ST00432" HPOS="393" VPOS="3257" WIDTH="12" HEIGHT="17" CONTENT="0" STYLE="superscript" WC="0.26" CC="7"/>
						<SP ID="P3_SP00391" HPOS="405" VPOS="3293" WIDTH="32"/>
						<String ID="P3_ST00433" HPOS="437" VPOS="3253" WIDTH="32" HEIGHT="31" CONTENT="le" WC="0.95" CC="00"/>
						<SP ID="P3_SP00392" HPOS="469" VPOS="3293" WIDTH="20"/>
						<String ID="P3_ST00434" HPOS="489" VPOS="3251" WIDTH="117" HEIGHT="35" CONTENT="Chant" WC="0.97" CC="72605"/>
						<SP ID="P3_SP00393" HPOS="606" VPOS="3293" WIDTH="51"/>
						<String ID="P3_ST00435" HPOS="657" VPOS="3252" WIDTH="62" HEIGHT="33" CONTENT="des" WC="0.97" CC="620"/>
						<SP ID="P3_SP00394" HPOS="719" VPOS="3293" WIDTH="32"/>
						<String ID="P3_ST00436" HPOS="751" VPOS="3253" WIDTH="147" HEIGHT="42" CONTENT="Mages;" WC="0.98" CC="099020"/>
						<SP ID="P3_SP00395" HPOS="898" VPOS="3295" WIDTH="32"/>
						<String ID="P3_ST00437" HPOS="930" VPOS="3265" WIDTH="11" HEIGHT="30" CONTENT="5" WC="0.29" CC="7"/>
						<String ID="P3_ST00438" HPOS="950" VPOS="3260" WIDTH="12" HEIGHT="15" CONTENT="0" STYLE="superscript" WC="0.61" CC="3"/>
						<SP ID="P3_SP00396" HPOS="962" VPOS="3295" WIDTH="29"/>
						<String ID="P3_ST00439" HPOS="991" VPOS="3256" WIDTH="32" HEIGHT="30" CONTENT="le" WC="0.95" CC="00"/>
						<SP ID="P3_SP00397" HPOS="1023" VPOS="3295" WIDTH="24"/>
						<String ID="P3_ST00440" HPOS="1047" VPOS="3255" WIDTH="115" HEIGHT="33" CONTENT="Chant" WC="0.97" CC="60680"/>
						<SP ID="P3_SP00398" HPOS="1162" VPOS="3295" WIDTH="41"/>
						<String ID="P3_ST00441" HPOS="1203" VPOS="3255" WIDTH="128" HEIGHT="33" CONTENT="d'Ahès" WC="0.73" CC="000285"/>
						<SP ID="P3_SP00399" HPOS="1331" VPOS="3295" WIDTH="14"/>
						<String ID="P3_ST00442" HPOS="1345" VPOS="3267" WIDTH="8" HEIGHT="26" CONTENT=";" WC="1.00" CC="0"/>
						<SP ID="P3_SP00400" HPOS="1353" VPOS="3295" WIDTH="39"/>
						<String ID="P3_ST00443" HPOS="1392" VPOS="3256" WIDTH="37" HEIGHT="32" CONTENT="6&gt;" WC="1.00" CC="00"/>
						<SP ID="P3_SP00401" HPOS="1429" VPOS="3295" WIDTH="34"/>
						<String ID="P3_ST00444" HPOS="1463" VPOS="3260" WIDTH="33" HEIGHT="29" CONTENT="la" WC="1.00" CC="00"/>
						<SP ID="P3_SP00402" HPOS="1496" VPOS="3295" WIDTH="35"/>
						<String ID="P3_ST00445" HPOS="1531" VPOS="3257" WIDTH="168" HEIGHT="36" CONTENT="Chanson" WC="0.99" CC="7030053"/>
						<SP ID="P3_SP00403" HPOS="1699" VPOS="3295" WIDTH="25"/>
						<String ID="P3_ST00446" HPOS="1724" VPOS="3261" WIDTH="45" HEIGHT="32" CONTENT="du" WC="0.60" CC="16"/>
						<SP ID="P3_SP00404" HPOS="1769" VPOS="3295" WIDTH="38"/>
						<String ID="P3_ST00447" HPOS="1807" VPOS="3271" WIDTH="84" HEIGHT="24" CONTENT="vent" WC="0.98" CC="1044"/>
						<SP ID="P3_SP00405" HPOS="1891" VPOS="3295" WIDTH="40"/>
						<String ID="P3_ST00448" HPOS="1931" VPOS="3264" WIDTH="63" HEIGHT="41" CONTENT="qui" WC="0.97" CC="033"/>
						<SP ID="P3_SP00406" HPOS="1994" VPOS="3305" WIDTH="27"/>
						<String ID="P3_ST00449" HPOS="2021" VPOS="3272" WIDTH="127" HEIGHT="33" CONTENT="vente;" WC="0.99" CC="130300"/>
					</TextLine>
					<TextLine ID="P3_TL00041" HPOS="136" VPOS="3300" WIDTH="1256" HEIGHT="46">
						<String ID="P3_ST00450" HPOS="136" VPOS="3313" WIDTH="17" HEIGHT="31" CONTENT="7" WC="0.65" CC="3"/>
						<String ID="P3_ST00451" HPOS="159" VPOS="3308" WIDTH="13" HEIGHT="17" CONTENT="0" STYLE="superscript" WC="0.26" CC="7"/>
						<SP ID="P3_SP00407" HPOS="172" VPOS="3344" WIDTH="20"/>
						<String ID="P3_ST00452" HPOS="192" VPOS="3300" WIDTH="110" HEIGHT="33" CONTENT="Sône." WC="0.60" CC="55520"/>
						<SP ID="P3_SP00408" HPOS="302" VPOS="3344" WIDTH="88"/>
						<String ID="P3_ST00453" HPOS="390" VPOS="3302" WIDTH="42" HEIGHT="31" CONTENT="A." WC="1.00" CC="00"/>
						<SP ID="P3_SP00409" HPOS="432" VPOS="3344" WIDTH="18"/>
						<String ID="P3_ST00454" HPOS="450" VPOS="3300" WIDTH="104" HEIGHT="39" CONTENT="Noël," WC="0.98" CC="64800"/>
						<SP ID="P3_SP00410" HPOS="554" VPOS="3344" WIDTH="18"/>
						<String ID="P3_ST00455" HPOS="572" VPOS="3300" WIDTH="153" HEIGHT="42" CONTENT="éditeur," WC="0.99" CC="01750072"/>
						<SP ID="P3_SP00411" HPOS="725" VPOS="3344" WIDTH="22"/>
						<String ID="P3_ST00456" HPOS="747" VPOS="3312" WIDTH="126" HEIGHT="33" CONTENT="22-23," WC="0.49" CC="364590"/>
						<SP ID="P3_SP00412" HPOS="873" VPOS="3345" WIDTH="28"/>
						<String ID="P3_ST00457" HPOS="901" VPOS="3313" WIDTH="155" HEIGHT="33" CONTENT="passage" WC="0.98" CC="4781170"/>
						<SP ID="P3_SP00413" HPOS="1056" VPOS="3346" WIDTH="17"/>
						<String ID="P3_ST00458" HPOS="1073" VPOS="3304" WIDTH="63" HEIGHT="32" CONTENT="des" WC="0.98" CC="032"/>
						<SP ID="P3_SP00414" HPOS="1136" VPOS="3346" WIDTH="16"/>
						<String ID="P3_ST00459" HPOS="1152" VPOS="3305" WIDTH="240" HEIGHT="32" CONTENT="Panoramas." WC="0.99" CC="3304705600"/>
					</TextLine>
				</TextBlock>
			</PrintSpace>
		</Page>
	</Layout>
</alto>
