2311 3680
244 209 0 0 260

778 181 146 27 COURS
959 181 57 26 DU
1052 173 199 34 COLLÈGE
1286 181 55 25 DE
1376 181 169 25 FRANCE

165 274 100 41 Don
284 274 114 54 Juan
421 282 64 31 est
506 273 169 40 bientôt
690 273 236 40 découvert
948 285 6 26 :
982 273 62 40 les
1066 274 106 38 trois
1192 285 306 39 personnages
1523 273 58 39 lui
1602 272 262 52 reprochent
1879 285 69 26 ses
1970 273 157 39 crimes
2147 285 8 37 ;

166 343 118 39 alors
307 343 136 39 éclate
466 357 58 24 un
549 355 135 37 orage
722 342 280 51 dramatique
1025 341 131 40 d'une
1178 345 191 35 extrême
1408 340 214 51 violence,
1649 338 205 54 jusqu'au
1879 349 198 31 moment
2102 348 55 33 où

166 409 101 42 Don
288 410 115 55 Juan
428 412 79 38 tire
527 407 136 55 l'épée
687 419 39 31 et
748 411 171 39 s'ouvre
942 425 58 25 un
1021 423 192 38 passage
1239 414 21 34 à
1279 418 167 31 travers
1482 409 39 38 la
1545 407 133 42 foule.

220 479 122 40 Dans
367 487 92 32 tout
483 492 46 26 ce
550 477 149 49 finale,
725 479 185 52 j'insiste
934 493 75 25 sur
1028 493 45 25 ce
1093 479 139 50 point,
1259 478 28 39 il
1312 477 71 52 n'y
1403 492 21 24 a
1449 491 79 38 pas
1548 474 178 43 uVseul
1749 486 199 30 moment
1971 484 56 33 où
2062 476 76 41 l'ac-

165 549 92 38 tion
281 548 243 49 languisse,
560 553 56 33 où
651 546 82 40 elle
757 549 84 37 soit
879 547 198 46 divertie,
1106 550 166 47 coupée
1304 560 80 37 par
1408 560 57 25 un
1497 545 338 40 hors-d'œuvre.
1879 543 77 49 Or,
1983 545 102 40 c'est
2117 546 38 39 la

164 617 141 50 partie
325 616 53 39 de
399 615 164 51 l'opéra
583 616 75 50 qui
683 630 21 25 a
720 616 37 39 le
774 616 99 51 plus
898 614 184 41 souffert
1098 629 80 37 par
1195 616 100 38 voie
1319 614 53 40 de
1390 613 316 41 substitutions
1733 621 40 32 et
1797 614 52 39 de
1874 613 281 50 surcharges,

163 698 79 37 par
264 686 393 38 méconnaissance
679 685 53 39 de
757 697 80 27 son
856 686 93 38 vrai
974 689 234 35 caractère.

218 751 182 53 Voyons
418 751 183 41 d'abord
622 753 62 39 les
708 752 331 41 substitutions.
1075 752 121 39 Dans
1227 765 80 26 son
1331 750 191 40 Histoire
1536 751 50 39 de
1600 749 260 40 ïAcadémie
1884 750 50 38 de
1952 763 204 39 musique,

163 828 118 32 tome
298 820 50 48 11,
372 820 301 40 Castil-Blaze
692 835 110 26 nous
827 821 212 51 apprend,
1056 834 46 26 ce
1119 822 75 49 qui
1226 823 142 49 paraît
1388 818 411 49 invraisemblable,
1819 817 99 53 qu'à
1937 817 144 49 Paris,
2104 830 53 27 en

167 892 117 48 1805,
310 889 38 39 le
369 891 80 38 trio
474 890 76 39 des
586 891 106 38 trois
729 903 209 37 masques
967 888 63 41 fut
1070 888 218 52 remplacé
1323 902 81 36 par
1444 902 58 25 un
1536 889 82 37 trio
1651 887 54 39 de
1729 888 105 38 trois
1873 886 281 50 gendarmes,

164 969 170 28 comme
353 959 108 38 suit:

958 1067 178 40 Courage,
1162 1065 196 42 vigilance,

960 1115 164 38 Adresse,
1149 1114 173 38 défiance,

962 1165 78 40 Que
1058 1163 140 33 l'active
1219 1164 185 40 prudence

957 1213 149 33 Préside
1128 1216 17 30 à
1164 1224 63 22 nos
1253 1213 160 33 desseins
1429 1213 6 31 !

216 1353 55 41 Et
309 1368 112 38 pour
444 1363 125 31 notre
600 1355 150 47 honte,
789 1369 58 26 un
870 1354 250 53 biographe
1145 1355 224 39 allemand
1408 1355 53 39 de
1483 1353 171 41 Mozart
1678 1352 123 54 (Otto
1837 1354 131 54 Jahn,
1999 1352 136 42 W.-A

166 1422 185 48 Mozart,
371 1432 29 31 t.
427 1422 48 50 11,
498 1437 40 38 p.
567 1422 93 53 365)
684 1438 19 24 a
729 1426 245 48 enregistré
994 1432 109 31 cette
1122 1423 185 52 parodie
1326 1423 6 37 !

223 1489 70 42 On
330 1504 54 27 ne
407 1505 46 26 se
473 1500 167 43 permet
670 1492 99 51 plus
793 1492 283 51 aujourd'hui
1100 1500 109 31 cette
1246 1491 207 40 fantaisie
1491 1492 242 51 d'opérette
1756 1491 245 40 substituée
2025 1495 21 35 à
2071 1504 86 26 une

164 1564 130 35 scène
311 1563 317 36 extrêmement
651 1559 132 40 noble
803 1569 40 31 et
865 1561 306 50 dramatique;
1194 1561 113 38 mais
1323 1573 86 27 une
1430 1560 230 39 hardiesse
1681 1561 120 38 aussi
1817 1560 171 50 grande
2013 1574 21 25 a
2055 1572 76 27 con-

167 1629 106 38 sisté
297 1632 22 35 à
339 1628 254 40 considérer
624 1636 110 32 cette
757 1634 127 34 scène
904 1629 58 40 du
982 1629 72 39 bal
1079 1642 173 27 comme
1270 1633 120 36 étant
1413 1642 60 26 un
1496 1633 193 47 prétexte
1714 1637 94 31 tout
1825 1629 184 50 indiqué
2042 1632 21 35 à
2098 1642 58 25 un

162 1695 299 52 déploiement
493 1696 52 39 de
586 1695 150 41 ballet.
764 1695 71 41 On
866 1712 27 37 y
929 1711 21 25 a
987 1697 215 40 introduit
1240 1695 74 54 (on
1350 1698 182 51 pouvait
1568 1696 38 40 le
1644 1698 96 38 voir
1763 1696 172 40 l'année
1957 1696 200 40 dernière

161 1762 173 53 encore)
369 1764 76 39 des
470 1762 282 53 anthologies
790 1764 410 53 chorégraphiques
1226 1776 6 28 :
1265 1778 43 38 57
1335 1778 154 38 pages,
1527 1764 130 40 faites
1694 1778 103 26 avec
1821 1764 78 40 des
1922 1763 235 41 lambeaux

162 1832 54 39 de
248 1834 254 49 quintettes,
528 1832 53 40 de
605 1834 123 47 trios,
754 1841 41 31 et
829 1837 145 36 même
1018 1847 85 26 une
1126 1833 179 39 marche
1330 1842 175 43 turque,
1529 1837 262 47 empruntée
1817 1837 21 35 à
1862 1846 86 26 une
1984 1841 170 31 sonate.

162 1899 116 41 Tout
311 1900 89 40 cela
425 1909 64 31 est
510 1902 218 38 contraire
752 1905 21 35 à
807 1902 40 38 la
871 1905 161 48 pensée
1057 1902 53 39 de
1132 1900 188 49 Mozart,
1360 1903 192 49 puisque
1575 1900 177 40 l'action
1788 1909 65 31 est
1877 1901 216 39 morcelée
2116 1909 41 31 et

163 1971 190 46 arrêtée;
399 1983 53 25 au
489 1975 219 34 caractère
731 1970 52 38 de
806 1966 195 51 l'œuvre,
1046 1971 189 50 puisque
1268 1969 40 39 la
1342 1971 207 50 musique
1572 1968 69 40 n'a
1667 1970 101 50 plus
1792 1983 144 26 aucun
1975 1977 181 44 rapport

162 2050 103 26 avec
284 2037 63 40 les
367 2051 304 38 personnages
691 2053 7 32 ;
725 2036 120 41 enfin
880 2041 21 35 à
926 2037 38 40 la
987 2037 353 40 vraisemblance
1373 2053 6 24 :
1407 2051 85 38 que
1529 2039 122 38 vient
1670 2036 108 41 faire
1801 2039 54 38 ici
1875 2051 86 26 une
1983 2036 174 41 Marche

161 2112 146 46 turque
330 2106 14 38 ?

212 2173 50 54 Je
285 2174 214 39 donnerai
536 2174 38 39 le
598 2173 121 40 bilan
741 2174 54 39 de
818 2187 69 26 ces
922 2173 391 40 transformations
1340 2173 171 52 d'après
1550 2174 40 39 la
1613 2175 209 50 partition
1846 2175 106 39 dont
1976 2187 56 26 on
2055 2175 102 39 s'est

160 2244 114 37 servi
300 2246 20 35 à
347 2240 193 54 l'Opéra.
567 2241 125 41 Cette
715 2244 211 49 partition
950 2241 111 41 n'est
1086 2250 122 32 autre
1232 2255 85 38 que
1352 2242 197 40 l'édition
1578 2242 153 40 Peters
1754 2242 210 53 (laquelle
1987 2251 64 31 est
2072 2248 84 35 très

159 2309 245 54 mauvaise)
429 2323 103 27 avec
548 2311 77 38 des
649 2312 360 38 remaniements.
1023 2310 125 41 Voici
1173 2310 37 39 la
1233 2310 99 40 liste
1350 2310 78 39 des
1446 2310 224 40 additions
1688 2311 128 40 etdes
1837 2311 320 50 changements

159 2377 119 41 faits.
301 2378 123 40 Dans
442 2378 37 40 le
497 2379 161 39 second
680 2387 92 31 acte
795 2392 83 26 :10
896 2392 137 38 pages
1054 2377 253 41 d'entr'acte
1324 2392 9 34 ;
1432 2381 21 36 8
1475 2392 139 39 pages
1648 2378 52 40 de
1726 2381 103 37 récit
1849 2377 44 54 ;

159 2448 53 38 de
250 2448 128 47 récit;
397 2469 52 4 —
487 2461 42 35 13
556 2460 138 38 pages
722 2447 54 39 de
814 2448 118 38 récit.
961 2444 100 54 (Là,
1087 2460 87 26 une
1199 2460 196 38 coupure
1430 2448 281 50 supprimant
1735 2462 20 35 7
1793 2460 138 38 pages
1954 2448 59 39 du
2046 2456 111 31 texte

158 2516 173 48 gravé.)
459 2514 171 40 Encore
654 2528 20 25 2
719 2528 136 38 pages
889 2518 52 36 de
964 2516 118 38 récit.
1120 2514 80 50 Là,
1227 2515 207 39 nouvelle
1475 2528 196 38 coupure
1714 2513 70 52 (de
1813 2515 39 39 la
1877 2530 42 37 p.
1960 2520 74 46 263
2061 2520 21 35 à
2117 2516 39 39 la

161 2597 41 37 p.
224 2585 96 44 268)
339 2591 9 40 ;
374 2591 52 36 et,
458 2582 109 40 dans
586 2582 243 40 l'intérieur
847 2583 53 39 de
920 2591 111 31 cette
1054 2596 193 38 coupure
1272 2583 200 40 devenue
1490 2597 85 26 une
1594 2591 117 31 sorte
1733 2583 53 39 de
1808 2584 207 40 tranchée
2037 2584 96 40 favo-

158 2649 122 40 rable
301 2654 21 35 à
346 2650 76 40 des
446 2652 255 50 opérations
721 2651 211 47 diverses,
960 2665 59 25 un
1042 2655 181 35 énorme
1246 2660 165 43 paquet
1434 2658 57 34 où
1512 2651 87 40 l'on
1620 2660 156 32 trouve
1795 2653 87 38 ceci
1907 2663 7 27 :
1947 2657 38 33 i°
2005 2665 51 27 20
2077 2667 53 37 pa-

157 2732 80 36 ges
258 2718 53 40 de
343 2720 242 38 manuscrit
616 2732 189 26 cousues
828 2727 40 32 et
905 2719 297 40 condamnées
1236 2722 212 49 (repentir
1470 2719 312 52 d'adaptateur
1806 2721 74 51 qui
1917 2733 45 26 se
1985 2721 171 49 corrige

159 2785 245 54 lui-même)
418 2801 53 33 ;2
478 2792 16 16 0
513 2802 59 25 un
595 2796 98 31 trou
711 2786 185 41 béant...
917 2789 38 50 je
969 2801 111 26 veux
1104 2787 92 40 dire
1220 2801 86 26 une
1340 2789 194 38 division
1555 2789 74 50 qui
1649 2796 87 31 met
1754 2785 61 42 fin
1839 2792 103 36 àun
1964 2803 18 35 3
1989 2793 15 17 e
2044 2797 107 39 acte,

158 2854 77 41 fait
259 2855 171 40 baisser
452 2855 39 39 le
511 2855 152 40 rideau
687 2869 112 38 pour
814 2869 86 26 une
924 2869 137 38 pause
1085 2856 102 39 d'un
1207 2864 127 43 quart
1351 2856 182 40 d'heure
1555 2865 40 31 et
1616 2869 204 26 ouvre—
1845 2871 60 25 un
1927 2857 229 53 quatrième

159 2930 118 40 acte;
299 2937 18 35 3
324 2928 16 17 0
365 2937 14 37 5
418 2937 137 37 pages
576 2924 251 39 d'entr'acte
847 2939 7 33 ;
886 2939 24 34 4
915 2930 12 14 0
961 2928 23 35 6
1007 2937 139 38 pages
1175 2925 53 38 de
1263 2926 131 46 récit;
1437 2937 14 38 5
1462 2928 13 16 0
1496 2939 59 25 un
1581 2923 176 45 Rondo,
1780 2932 99 42 etc.,
1902 2933 98 39 etc.,
2035 2933 117 32 etc...

157 2990 78 40 Tel
256 2998 64 31 est
343 2989 178 53 l'aspect
544 2991 53 40 de
630 2992 39 39 la
690 2994 211 49 partition
922 2994 75 49 qui
1022 3006 21 25 a
1068 2990 143 52 figuré
1231 3006 54 26 au
1309 2994 174 50 pupitre
1513 2993 52 39 de
1588 2990 270 49 l'orchestre,
1883 2993 112 39 dans
2031 3001 124 32 notre

157 3060 193 50 premier
388 3059 169 40 théâtre
579 3059 186 52 lyrique.

211 3126 50 53 Je
283 3139 54 26 ne
358 3140 110 26 veux
485 3141 79 37 pas
588 3130 263 49 poursuivre
872 3137 110 31 cette
1006 3131 309 37 énumération
1340 3131 158 50 jusque
1520 3130 111 38 dans
1656 3129 61 39 les
1740 3128 179 48 détails;
1947 3131 38 51 je
2008 3130 146 40 donne

158 3194 38 40 le
219 3194 159 47 relevé,
404 3194 38 39 le
465 3194 187 41 nombre
675 3196 108 40 total
802 3197 76 39 des
896 3210 138 38 pages
1059 3199 199 50 ajoutées
1284 3212 7 24 :
1315 3198 28 38 il
1365 3212 27 36 y
1426 3211 53 26 en
1503 3212 22 25 a
1559 3200 76 36 228
1654 3200 7 36 !
1684 3200 6 36 !

212 3262 68 40 En
301 3277 59 25 un
379 3263 138 51 pareil
546 3267 102 44 état,
675 3278 103 26 avec
801 3265 53 39 de
879 3266 123 38 telles
1038 3264 244 49 blessures,
1320 3266 53 39 de
1397 3266 125 39 telles
1545 3267 222 38 cicatrices
1802 3274 41 31 et
1873 3280 71 26 ces
1977 3271 153 47 préten-

160 3332 108 39 dues
292 3336 293 47 réparations,
611 3340 110 32 cette
741 3334 210 50 partition
968 3334 146 38 donne
1140 3333 102 41 bien
1275 3335 127 39 l'idée
1424 3332 105 42 d'un
1552 3333 174 40 malade
1765 3335 74 50 qui
1862 3335 220 40 viendrait
2102 3335 52 40 de

160 3399 125 41 subir
306 3400 222 51 plusieurs
546 3402 254 50 opérations
821 3401 331 50 chirurgicales.
1171 3401 115 41 C'est
1303 3401 113 41 Eros
1434 3416 103 27 avec
1557 3403 76 39 des
1654 3401 235 52 béquilles,
1915 3418 60 25 un
1989 3405 137 51 emplâ-

162 3476 62 35 tre
249 3482 76 26 sur
344 3468 122 50 l'oeil,
495 3481 86 27 une
604 3468 146 53 jambe
769 3469 111 40 dans
903 3483 86 26 une
1019 3473 221 47 gouttière
1262 3480 56 41 et,
1338 3485 78 41 par
1440 3475 201 44 surcroît,
1670 3471 77 38 des
1771 3481 255 31 ornements
2049 3485 105 42 pos-
