4518 6807
183 6382 74 39 134

202 464 739 85 Trommelfeuer

202 628 137 54 Kurt
372 630 282 66 Heynicke

2398 468 334 81 Kirche

2397 629 137 53 Kurt
2570 631 282 65 Heynicke

2397 767 64 64 0,
2497 771 158 51 tiefes
2694 771 135 53 Blau
2860 776 56 49 in
2950 772 180 52 Hohen
3164 772 238 53 Kirchen

2396 872 67 33 an
2498 853 250 54 Kreuzen
2783 855 144 53 sanft
2960 855 473 65 vorübergleitend

2393 935 108 52 und
2528 956 93 32 aus
2648 937 95 51 der
2767 937 246 66 Heiligen
3037 938 192 52 Munde
3259 938 285 53 hauchend

2394 1018 274 53 Madonna
2711 1021 169 65 Opfer
2921 1021 236 54 knieend
3197 1021 208 53 schwer
3444 1021 107 52 und
3594 1020 162 53 reich.

2395 1183 46 52 O
2474 1183 143 53 Tanz
2651 1185 94 51 der
2778 1186 179 51 Sonne
2988 1186 166 52 durch
3183 1185 236 53 bemalte
3451 1185 500 60 Fensterscheiben,

2394 1279 30 38 ö
2471 1265 226 54 blondes
2743 1268 141 51 Kind
2927 1289 97 32 vor
3069 1269 252 52 Andacht
3365 1269 216 52 bebend
3627 1287 97 32 vor
3767 1267 192 60 Maria,
4023 1266 184 53 deiner

3879 1347 330 56 Schwester!

2390 1513 99 53 Die
2526 1513 193 53 steilen
2752 1514 487 55 Priesterstimmen
3276 1517 292 53 schneiden
3607 1516 166 51 durch
3812 1514 86 53 die
3935 1513 337 52 Dämmernis

2390 1596 331 54 zerbrochen
2761 1596 127 65 liegt
2933 1597 88 53 die'
3062 1598 204 52 Stunde

2388 1678 108 53 und
2526 1679 94 52 der
2648 1679 231 54 Heiland
2904 1684 166 49 weint

2392 2151 394 86 Gedicht

2387 2319 171 52 Franz
2591 2318 233 53 Richard
2857 2319 241 52 Behrens

2387 2442 104 52 Für
2516 2443 93 52 Lia
2635 2443 111 64 Ley

2385 2552 314 66 Blütenjagd
2734 2555 218 64 beginnt

2383 2634 327 54 Kußweißer
2747 2637 177 52 Sonne

2384 2718 189 52 Hände
2608 2720 308 53 straucheln
3050 2763 13 17 *

2383 2800 151 53 Blust

2383 2883 194 52 Girren
2609 2893 180 58 wangt

2383 2966 188 53 Gischt

2383 3049 453 54 Seidestreicheln

2380 3132 218 52 Lehnen
2626 3134 233 53 knistert

3110 3203 6 12 \

2381 3216 154 65 Auge
2564 3217 150 51 kniet

2377 3297 248 68 Ergeben
2698 3319 5 25 j

2620 3386 6 11 /

199 792 110 53 Der
339 793 413 65 Sappenposten
783 792 134 52 ballt
946 794 115 50 sich
1092 811 322 35 zusammen.
1446 790 99 54 Ein
1574 789 243 67 Ereignis

200 878 156 49 stiert
388 877 108 51 ihm
528 880 80 48 ins
644 876 240 53 Gesicht.

199 958 313 52 Aufschreit
542 959 173 51 Nacht
745 988 67 6 —
839 979 59 31 er
928 958 116 54 fällt
1075 958 224 52 hinüber
1328 961 55 49 in
1413 957 106 52 den
1552 955 132 54 Tod.

1522 1140 12 17 A
1701 1137 14 11 y

197 1204 175 53 Nacht
403 1212 165 46 tanzt.
604 1207 142 51 Kurz
779 1204 132 54 bellt
948 1204 239 53 Granate
1221 1205 104 53 auf.
1390 1204 151 53 Neue
1573 1203 204 53 Fetzen

198 1289 184 51 reißen
414 1289 140 52 Erde
589 1288 223 53 blutend
846 1287 90 52 auf
965 1318 62 5 —
1061 1286 398 66 Sprengstücke
1496 1286 236 61 flattern,
1767 1283 243 55 sirrende

198 1370 170 65 Vögel
404 1371 94 52 des
536 1371 193 52 Todes.

196 1452 174 52 Feuer
405 1453 172 53 flutet.
639 1453 99 50 Die
770 1452 189 52 Blicke
990 1457 72 47 im
1095 1452 332 52 Unterstand
1458 1451 254 56 horchen.

196 1535 174 53 Nacht
398 1536 153 65 hüpft
581 1534 260 53 höhnisch
867 1540 157 47 unter
1054 1534 84 53 die
1170 1534 315 65 steigenden
1513 1531 315 55 Blutsaulen
1858 1530 97 54 der
1985 1529 159 55 Erde»

1714 1739 133 12 *•
1860 1732 2 22 '
2082 1742 8 12 *

194 1779 172 52 Feuer
404 1779 162 54 flutet
601 1800 119 32 zum
759 1781 348 52 strömenden
1144 1785 179 47 Meere

196 1860 229 55 Gewalt.
492 1864 124 51 Luft
650 1863 183 53 stöhnt
871 1864 112 51 sich
1017 1862 242 66 pfeifend
1295 1862 345 53 Geschossen

196 1950 277 59 entgegen.
541 1945 205 53 Nichts.
823 1945 230 53 Gewalt.

192 2026 110 53 Das
335 2026 173 53 Feuer
543 2032 129 48 rast.
738 2028 152 51 Licht
926 2027 173 53 löscht
1138 2031 69 49 im
1244 2026 359 66 Stollengang.

191 2109 102 50 Die
327 2109 187 52 Blicke
548 2109 220 52 werden
801 2111 132 52 fern.
1003 2110 131 52 Eine
1168 2109 168 66 Frage
1373 2110 184 53 bäumt
1595 2108 104 61 aui,

193 2191 230 51 tausend
461 2191 182 55 Ohren
682 2192 257 53 horchen:

191 2271 257 54 Warum?

192 2356 251 51 Antwort
482 2357 273 52 trommelt
790 2357 261 52 höhnisch
1089 2357 185 65 dumpf
1312 2357 313 52 meterhoch

190 2438 133 51 über
359 2438 122 52 dem
514 2439 248 53 Schacht,
1789 2447 34 50 7
1893 2477 11 20 *
1933 2455 12 18 *
2131 2460 11 11 *

189 2518 98 54 Ein
322 2520 178 52 Gebet
533 2522 199 51 schreit
766 2523 104 50 auf.
1317 2534 37 39 %

188 2601 171 54 Ruhe.
2024 2630 6 12 >

188 2683 137 54 Aus!
521 2683 9 27 :
652 2711 11 5 -
873 2681 28 79 •'
916 2726 29 34 v
1859 2681 4 79 '
1879 2702 5 9 v
1885 2710 13 8 -
1927 2681 12 14 1
2035 2682 6 8 '
2102 2713 10 14 >

181 2765 197 54 Macht.
934 2760 474 34 %1
1589 2760 4 63 ,
1733 2783 27 35 v*
1811 2783 7 8 *
1894 2761 6 10 '
1985 2769 19 54 5
2043 2782 11 11 N

188 2848 204 55 Nichts.
729 2885 6 12 >
1718 2851 41 59 %
1911 2876 23 38 \

423 2982 17 42 /
704 2977 5 11 1
1430 2977 4 47 '
1498 2988 8 12 *
2082 2979 56 34 '/>

186 3095 223 53 Nichts?
453 3097 109 51 Das
592 3097 220 52 Warum
844 3097 167 52 hockt
1038 3102 71 48 im
1137 3097 250 66 Eingang.

187 3177 115 59 Wjir
332 3179 117 51 sind
481 3179 104 52 alle
618 3180 173 55 Tiere.
854 3180 116 56 Wir
1004 3180 219 52 werden
1254 3179 384 66 geschlachtet.
1901 3170 31 68 t

185 3260 192 53 Hunde
412 3262 118 51 sind
559 3263 120 51 wir!
1668 3314 6 11 ,
1905 3291 9 10 -

184 3343 198 53 Flüche
414 3344 179 53 ballen
622 3348 126 50 wirr
777 3345 108 52 und
917 3345 212 65 bangen
1160 3363 115 33 ums
1308 3345 198 52 Leben.
1985 3385 6 10 ,
2038 3355 11 15 *
2116 3357 20 39 7

1114 3522 8 14 >
1798 3522 5 13 i

1857 3538 4 11 ;

867 3550 9 12 N
1844 3550 6 5 '

186 3588 256 53 Warum?

184 3671 101 51 Die
322 3671 169 66 Frage
530 3672 167 54 hockt
736 3676 327 62 eigensinnig
1104 3677 51 48 in
1198 3671 131 54 aller
1371 3671 211 54 Seelen.
2064 3717 12 19 ,

182 3753 157 52 Gott!
1073 3787 6 17 t
1731 3797 6 9 .
1918 3755 13 52 I
1997 3798 15 11 ,
2038 3763 19 19 *

184 3835 295 54 Gelächter
515 3841 202 51 ertötet
753 3838 104 51 den
891 3837 223 52 Namen.

184 3918 301 53 Gleichviel
514 3953 68 6 —
614 3919 171 65 gleich
823 3920 219 53 sterben
1074 3923 69 49 ist
1178 3919 191 53 GlücK.
1663 3945 10 17 >
1711 3918 3 66 '
1811 3925 11 17 '

183 4000 230 52 Denken
448 4001 234 53 erlischt.
1470 4016 30 54 g
1574 4030 5 3 -
1810 4028 7 13 »

182 4081 184 66 Einige
399 4084 163 52 fallen
596 4083 183 67 dumpf
812 4089 54 47 in
900 4085 104 52 den
1038 4083 196 54 Schlaf.
1745 4088 10 16 '
2018 4097 6 10 '

181 4167 211 52 Warum
425 4167 265 52 hämmert
724 4168 91 51 auf
852 4167 435 53 zertrommelten
1322 4167 231 51 Nerven.
1796 4207 7 12 ,
1877 4171 5 9 1

1801 4254 6 11 •
1860 4249 10 16 »
2009 4258 33 20 V,

310 4292 10 10 ■1
1735 4290 8 13 »
1832 4302 8 7 v

181 4411 192 54 Nacht.
1988 4425 9 8 '
2065 4430 11 14 »

181 4493 293 54 Granaten.
1076 4527 7 13 »

180 4576 237 55 Grauen.
867 4581 5 25 1
1031 4599 5 10 •
1657 4573 5 12 '
1819 4573 4 58 -
1952 4596 13 16 1

179 4659 214 54 Flüche.
720 4668 14 17 '
928 4712 6 12 (
1303 4709 11 11 .
1588 4676 5 6 .
1696 4682 5 8 ,
1861 4667 15 18 »
2101 4672 11 16 ,

532 4728 731 37 >**'
1534 4761 11 15 j
1596 4743 10 15 »
1952 4746 11 15 *

1015 4782 7 10 «
1761 4776 5 8 1
2090 4781 5 11 i

1588 4823 8 12 >

179 4904 176 53 Wenn
386 4910 98 48 wir
519 4906 101 53 alle
657 4907 205 52 Brüder
897 4908 133 53 sind.

178 4988 207 52 Brüder

180 5071 270 52 trommelt
484 5072 94 52 der
606 5073 117 51 Haß
754 5073 85 51 die
869 5072 142 52 Erde'
1040 5077 244 48 entzwei.

1777 5148 10 15 /

976 5207 7 10 »

178 5314 129 52 Leid
340 5316 245 51 herrscht
620 5315 94 52 das
750 5316 106 53 All.
920 5316 378 53 Leidenschaft
1336 5315 94 53 der
1463 5314 195 52 Leiber

180 5396 257 55 Herrscht
471 5399 109 64 Tag
619 5398 109 52 und
761 5399 131 52 Zeit.

177 5478 118 54 Wir
326 5480 116 52 sind
468 5482 206 52 nachts.

179 5561 97 52 Ein
310 5561 278 56 Gedanke.

1091 5628 6 11 *
1159 5619 7 14 >

177 5643 204 54 Nichts.
701 5664 7 10 1

1867 5801 4 13 -
1877 5801 3 13 \
2118 5802 8 12 r

176 5891 175 53 Nacht
388 5896 148 50 tanzt
573 5893 196 53 rasend
805 5893 134 53 über
973 5897 116 49 tote
1130 5891 208 55 Sterne.

177 5974 181 55 Fluch.

177 6057 173 53 Feuer
385 6064 128 46 rast.

2376 3738 546 96 Zeitgemäß

2375 3915 100 52 Die
2507 3915 289 52 Vossische
2827 3914 225 65 Zeitung
3084 3935 108 33 von
3225 3915 208 53 Staats-
3466 3916 107 52 und
3609 3914 296 56 Gelehrten
3938 3914 213 53 Sachen
4182 3916 150 52 Kann

2371 3997 147 52 Dicht
2551 3998 194 60 umhin,
2778 3998 114 51 ihre
2924 3997 164 52 Leser
3121 4016 108 33 von
3264 4001 147 48 einer
3441 4017 179 33 neuen
3657 3997 147 66 Oper
3840 3998 93 52 des
3965 3998 176 51 Herrn
4177 3998 118 65 Sieg-

2374 4080 138 51 fried
2549 4080 235 65 Wagner
2821 4100 65 31 zu
2923 4080 385 61 unterrichten,
3350 4081 85 51 die
3476 4081 89 51 auf
3606 4080 105 51 den
3749 4080 147 53 nicht
3936 4081 392 64 unpoetischen

2374 4162 206 52 Namen
3167 4163 138 53 hört.
3330 4163 110 52 Der
3465 4163 138 52 Herr
3628 4163 479 54 Berichterstatter
4136 4163 189 51 äußert

2374 4246 114 51 sich
2524 4246 148 53 nicht
2711 4246 132 51 über
2881 4246 85 50 die
3005 4245 198 62 Musik,
3241 4264 112 32 was
3396 4249 54 49 in
3491 4246 203 53 diesem
3733 4245 113 52 Fall
3887 4244 313 65 begreiflich
4239 4251 86 47 ist,

2372 4328 162 55 Wiohl
2563 4328 130 52 aber
2723 4329 190 51 äußert
2944 4349 57 32 er
3035 4328 113 51 sich
3175 4328 132 51 über
3335 4328 86 51 die
3451 4328 286 64 Dichtung:
3772 4328 130 61 „Die
3934 4328 266 63 Dichtung
4230 4328 94 50 hat

2374 4415 155 48 einen
2568 4411 371 64 zeitgemäßen
2974 4410 245 51 Konflikt
3258 4429 117 32 zum
3416 4409 363 66 Gegenstand,
3819 4410 196 51 dessen
4049 4409 130 52 Lust
4216 4408 111 53 und

2374 4494 253 52 Schmerz
2665 4514 59 31 so
2762 4493 254 51 mancher
3058 4512 106 32 von
3203 4511 198 33 unsern
3439 4495 129 62 jetzt
3607 4492 461 52 heimkehrenden
4109 4490 185 54 Orient-

2374 4576 248 63 kriegern
2666 4596 98 31 am
2811 4580 189 59 eignen
3044 4576 130 51 Leib
3220 4575 110 52 und
3375 4579 263 60 eigner
3688 4574 222 53 Seele
3959 4575 201 52 erfuhr:
4222 4575 102 51 Die

2371 4658 399 66 Unterjochung
2805 4659 93 50 des
2932 4658 290 64 siegenden
3254 4658 407 63 Ankömmlings
3697 4658 167 51 durch
3897 4657 426 52 östlich-weiche

2373 4741 367 62 Sinnlichkeit,
2764 4741 97 51 das
2888 4741 286 63 Aufgehen
3197 4740 205 52 herben
3429 4740 299 53 deutschen
3752 4740 372 52 Mannestums
4149 4744 53 47 in
4229 4739 95 51 der

2376 4823 470 52 schmeichelnden
3203 4822 409 53 orientalischer
3659 4822 184 61 Arme,
3897 4821 94 53 das
4042 4821 281 64 Versagen

2369 4907 580 51 nordisch-deutschen
3023 4906 372 64 Rassegeistes
3471 4925 97 32 vor
3647 4904 401 52 südlich-süßen
4125 4903 165 51 Rasse-

2627 5018 62 6 —
2717 4989 189 52 Dieses
2942 4988 344 52 Mannestum
3317 4987 135 52 wird
3484 5008 144 31 zwar
3657 4988 201 51 bereits
3893 4990 54 47 in
3981 4985 94 52 der
4109 4985 185 52 Orient-

2370 5071 98 52 bar
2505 5091 64 32 zu
2603 5071 180 52 Berlin
2816 5075 95 48 mit
2943 5070 181 65 Erfolg
3158 5071 318 64 unterjocht,
3512 5070 295 61 immerhin,
3845 5068 96 52 der
3973 5068 246 50 Konflikt
4253 5070 70 48 ist

2373 5156 313 62 zeitgemäß.
2747 5154 69 51 Er
2849 5153 135 53 wird
3019 5153 136 52 auch
3187 5153 298 64 zeitgemäß
3521 5152 186 66 gelöst.
3772 5151 111 51 Der
3917 5150 407 62 Orientkrieger

2370 5237 214 52 besinnt
2618 5237 113 52 sich
2763 5237 140 51 nach
2938 5237 121 51 dem
3095 5235 312 53 Treubruch
3446 5237 88 50 auf
3572 5235 84 51 die
3693 5234 231 61 Heimat,
3965 5233 117 62 „die
4121 5233 107 50 ihm
4268 5235 55 48 in

2373 5318 214 53 Gestalt
2631 5323 175 49 seines
2854 5319 194 51 Vaters
3095 5318 336 63 Verzeihung
3478 5317 108 51 und
3630 5317 158 50 Kraft
3834 5334 119 32 zum
4002 5312 322 53 erlösenden

2370 5401 347 65 reinigenden
2757 5401 169 65 Opfer
3269 5400 109 50 Der
3418 5400 234 51 Vater
3690 5399 297 50 Heimat
4025 5395 165 65 packt
4230 5394 91 51 ihn

2372 5504 100 32 am
2509 5488 307 61 eigener
2856 5483 220 53 Seele
3114 5487 223 58 „mitten
3370 5486 70 47 im
3477 5481 217 51 Rausch
3732 5485 145 47 eines
3915 5478 198 52 wilden
4149 5477 137 51 Tanz-

2370 5567 212 64 gelages
2609 5568 144 52 stößt
2779 5588 57 32 er
2860 5566 111 54 sich
2996 5565 103 53 den
3120 5565 172 52 Dolch
3314 5570 54 46 in
3392 5565 84 50 die
3739 5562 109 53 und
3873 5560 75 53 als
3975 5565 153 59 guter
4152 5559 136 50 Deut-

2370 5650 157 51 scher
2562 5650 156 51 stirbt
2757 5670 56 31 er
2850 5648 288 52 schillernd
3170 5653 95 46 mit
3300 5648 106 51 den
3435 5647 249 55 Worten:
3724 5644 163 62 „Seht
3922 5643 131 60 hier,
4091 5645 103 47 wie
4235 5645 86 47 ein

2369 5732 212 52 Franke
2626 5731 85 52 die
2751 5731 138 51 Ehre
3142 5764 69 6 —
3247 5730 100 51 Die
3388 5728 290 53 Vossische
3718 5727 223 61 Zeitung
3986 5723 186 62 findet,
4216 5724 104 51 daß

2370 5814 148 52 diese
2550 5815 266 64 Dichtung
2847 5834 101 42 „an
2976 5812 180 53 Ideale
3186 5831 221 33 unserer
3437 5816 181 47 ersten
3648 5808 335 64 Jugendzeit,
4015 5826 68 32 an
4114 5806 204 59 Platen,

2368 5897 161 65 Lingg
2558 5897 109 51 und
2690 5897 156 51 Dahn
3229 5895 45 51 0
3302 5895 145 62 Lust,
3476 5914 30 32 o
3536 5891 267 61 Schmerz,
3834 5909 31 32 o
3896 5889 422 63 Orientkrieger,

2370 6001 30 31 o
2438 5979 320 66 Jugendzeit

4020 6053 124 54 Herwarth
4160 6053 93 54 Walden
