3170 4170
198 4069 46 22 174

185 204 427 58 Volkskunst

186 334 77 33 Paul
287 338 130 28 Hatvani

243 403 186 29 Volkskunst
450 403 141 32 entsteht,
612 410 50 19 wo
683 400 47 29 die
752 399 133 29 sozialen
908 397 162 29 Probleme

188 454 78 28 noch
290 454 28 27 in
341 453 80 29 ihrer
447 455 101 27 ersten
574 451 137 33 Reinheit
734 449 161 29 bestehen:
932 448 77 29 doch
1032 449 40 27 ist

187 500 96 36 Kunst
309 503 55 29 das
391 505 115 30 einzige
532 501 113 29 soziale
671 500 157 29 Problem;
865 499 53 28 der
946 498 125 29 Dichter

187 554 116 32 spricht
320 562 70 20 zum
407 553 103 28 Volke.
548 552 63 28 Das
630 552 38 27 ist
685 550 112 28 anders
816 549 177 33 geworden,
1011 548 61 28 und

183 604 130 29 seitdem
337 603 263 30 Differenzierung
624 600 59 28 und
709 599 205 33 Verflachung
939 599 54 29 des
1019 606 36 21 na-

189 654 132 28 tionalen
337 653 143 29 Denkens
497 651 55 29 das
568 650 77 29 Volk
662 650 96 29 selbst
773 658 69 20 zum
858 649 144 29 Problem
1020 657 35 23 ge-

189 705 101 28 macht
313 703 106 33 haben,
444 703 38 28 ist
508 702 52 28 der
584 700 141 32 Künstler
751 700 68 29 dem
845 700 228 29 freierwählten

190 754 83 28 Exile
301 754 52 27 der
381 752 184 29 Einsamkeit
592 750 156 30 verfallen.
797 750 67 29 Und
894 750 82 29 diese
1004 749 52 28 Ein-

188 804 130 29 samkeit
334 804 37 28 ist
389 802 83 32 jeder
492 800 228 30 Gemeinschaft
738 801 124 33 abhold;
891 800 54 28 der
962 799 92 31 Künst-

189 854 43 28 ler
254 853 134 29 entflieht
409 853 67 28 dem
499 852 105 33 Volke,
627 851 54 30 das
702 852 77 29 einst
800 851 47 28 die
870 851 113 28 höhere
1005 849 51 28 Ein-

189 904 60 29 heit
268 911 66 20 war
353 903 61 28 und
433 903 116 28 seinem
569 901 140 32 Künstler
730 901 122 32 Spiegel
873 901 59 28 und
953 900 100 28 Wider-

188 954 59 28 hall
266 953 100 28 bieten
384 953 121 28 konnte.
544 952 55 29 Die
619 952 125 33 Einheit,
763 952 48 28 die
828 952 49 28 ihn
897 949 95 34 schuf,
1013 950 60 28 und

189 1004 48 28 die
256 1012 31 20 er
307 1003 123 33 bildete;
461 1004 47 28 die
527 1003 49 28 ihn
594 1002 112 29 bildete
725 1002 60 28 und
805 1001 47 29 die
872 1010 32 19 er
922 1000 96 29 schuf.

245 1069 66 30 Nun
332 1070 51 29 hat
402 1070 54 29 der
475 1068 140 33 Künstler
638 1069 54 29 das
712 1068 77 28 Volk
809 1067 169 29 verlassen.
1018 1067 57 28 Die

188 1120 98 31 Kunst
319 1139 38 3 —
390 1129 37 20 zu
454 1120 71 29 Gott
551 1121 185 31 gesteigerte
763 1117 251 30 Menschlichkeit
1039 1136 35 4 —

188 1171 114 29 konnte
325 1171 89 28 dabei
436 1171 96 28 nichts
557 1170 146 32 erleiden;
736 1168 73 29 aber
833 1177 32 20 es
887 1169 39 28 ist
950 1169 47 28 ein
1023 1169 39 28 tie-

189 1221 46 28 fer
259 1220 263 33 Zusammenhang
546 1219 190 34 entstanden,
772 1220 53 28 der
850 1220 28 27 in
905 1219 83 31 jeder
1016 1218 40 29 Ge-

190 1270 180 30 meinschaft
411 1272 66 28 eine
519 1270 197 32 Gelegenheit
759 1269 54 29 des
856 1269 220 29 Geschlechtes

190 1321 87 29 sieht.
320 1321 42 28 Im
388 1321 127 29 Denken
540 1321 247 32 gegenwärtiger
815 1320 120 28 Geister
962 1321 40 27 ist
1028 1319 47 28 die

190 1371 71 29 Idee
286 1371 53 29 der
365 1370 109 30 Nation
499 1371 68 28 dem
593 1369 117 33 Begriff
907 1370 169 32 gewichen,

190 1422 61 28 und
274 1422 83 29 diese
380 1421 111 33 Menge
515 1421 79 28 weiß
618 1421 63 28 sich
704 1421 96 28 selbst
823 1421 44 28 als
891 1420 186 33 Schauplatz

191 1472 150 29 sexueller
363 1472 181 31 Ereignisse.
584 1471 63 29 Das
670 1471 183 29 Geschlecht
874 1472 39 28 ist
933 1471 55 29 das
1007 1470 52 28 Ein-

190 1521 278 33 zig-Unsterbliche
491 1522 29 28 in
544 1522 46 28 ihr
616 1522 60 28 und
701 1522 77 28 nach
805 1521 89 29 allem
917 1520 140 33 Vergäng-

191 1573 108 28 lichem
323 1591 38 3 —
386 1581 55 20 nur
468 1573 47 28 ein
543 1572 165 29 Gleichnis!
734 1591 37 3 —
804 1571 92 30 bleibt
923 1572 48 29 die
998 1571 79 29 Idee.

193 1622 62 29 Der
283 1622 122 29 Denker
436 1622 111 29 schafft
577 1624 39 27 im
647 1622 218 33 Widerspruch
907 1630 69 20 zum
1018 1622 40 28 Ge-

191 1673 149 29 schlecht:
381 1673 47 29 die
458 1673 174 32 Wandlung
661 1674 53 27 der
744 1672 108 29 Nation
882 1681 54 20 zur
965 1672 112 32 Menge

192 1723 79 29 stellt
295 1724 104 28 diesen
424 1723 220 33 Widerspruch
670 1726 29 26 in
725 1723 55 28 das
805 1723 87 29 Licht
918 1723 54 29 der
999 1724 63 28 sozi-

192 1773 67 29 alen
279 1773 168 30 Problems.
489 1774 71 29 Hier
582 1775 37 28 ist
640 1774 53 28 der
713 1773 160 33 Ursprung
895 1774 53 29 der
971 1774 91 28 indivi-

193 1824 214 29 dualistischen
425 1824 217 32 Forderungen
660 1825 29 27 in
708 1824 52 29 der
778 1823 96 32 Kunst
892 1833 38 19 zu
948 1825 129 32 suchen;

193 1874 60 28 und
278 1874 96 29 daran
397 1875 84 28 starb
507 1875 47 28 die
576 1874 194 29 Volkskunst.

249 1931 240 33 Volksdichtung
516 1935 37 26 ist
583 1933 254 33 Vergangenheit,
876 1942 37 19 zu
953 1933 52 28 der
1046 1942 33 19 es

194 1982 87 29 keine
321 1983 186 32 Gegenwart
546 1983 72 32 gibt.
666 1983 56 29 Die
753 1983 309 29 Selbstverständlich-

195 2033 69 34 keit,
294 2035 52 27 mit
376 2033 52 29 der
459 2042 69 20 man
559 2034 90 28 heute
678 2034 67 31 jede
777 2033 209 33 Erscheinung
1017 2042 62 20 von

189 2083 152 33 Dichtung
367 2084 60 28 und
453 2084 96 30 Kunst
578 2084 163 33 empfängt,
771 2084 88 29 raubt
889 2084 53 28 der
972 2085 107 28 echten

193 2133 186 30 Volkskunst
399 2135 67 31 jede
487 2134 263 33 Voraussetzung:
784 2135 214 32 Ergriffenheit
1019 2135 60 28 und

194 2184 230 34 Begeisterung,
461 2184 158 33 Mitgefühl
657 2185 59 28 und
750 2185 210 30 Verständnis.
1007 2185 73 34 Das,

194 2243 67 20 was
286 2243 70 20 man
381 2235 90 29 heute
496 2254 38 3 —
558 2244 50 20 um
635 2235 282 32 Verwechslungen
945 2244 38 20 zu
1009 2245 54 19 ver-

194 2284 128 35 meiden,
360 2286 44 28 sei
435 2294 32 20 es
497 2286 63 28 hier
591 2288 109 30 gesagt
738 2305 37 2 —

195 2337 99 31 nennt,
312 2335 51 29 hat
381 2337 53 27 mit
452 2335 187 30 Volkskunst
658 2337 96 28 nichts
775 2346 37 19 zu
832 2339 66 31 tun;
928 2337 133 29 Heimats-

190 2385 90 29 kunst
303 2387 39 28 ist
365 2395 56 20 nur
447 2388 46 27 ein
517 2387 125 28 Ausfluß
666 2396 62 20 von
754 2388 220 28 beschränkter
1000 2387 60 29 Wir-

194 2436 189 34 kungskraft,
410 2437 56 33 die,
496 2439 113 27 anstatt
635 2446 54 20 zur
715 2437 113 34 Menge
855 2447 37 19 zu
921 2439 159 33 sprechen,

195 2495 32 19 es
255 2486 150 33 freiwillig
432 2488 148 33 vorzieht,
609 2488 28 28 in
664 2488 138 32 politisch
830 2507 37 3 —
896 2490 69 28 aber
1000 2489 80 29 nicht

195 2537 123 28 anders!
341 2556 37 2 —
398 2537 186 33 begrenzten
608 2538 146 30 Gebieten
778 2548 37 20 zu
838 2539 128 29 bleiben.

250 2587 185 30 Volkskunst
458 2588 73 29 aber
555 2591 38 27 ist
616 2589 54 29 das
694 2589 158 33 Gegenteil
877 2591 109 28 davon.
1030 2589 50 30 Sie

195 2637 100 32 dringt
313 2638 74 28 über
405 2638 58 29 den
481 2638 161 29 Einzelnen
663 2639 118 33 hinaus;
812 2642 43 28 sie
873 2641 126 29 wendet
1016 2641 64 29 sich

195 2688 94 28 höher
310 2697 54 19 zur
384 2688 79 35 Idee,
484 2689 77 29 ohne
583 2699 37 19 an
642 2692 47 26 ein
710 2690 160 29 Publikum
892 2700 38 21 zu
953 2692 127 28 denken.

195 2737 83 29 Eben
301 2739 82 29 diese
404 2739 97 29 Idee
523 2740 37 28 ist
581 2740 47 29 die
651 2743 80 27 erste
753 2740 251 35 Voraussetzung
1026 2751 53 19 zur

194 2787 194 31 Volkskunst.

250 2838 72 29 Man
342 2839 67 29 hört
426 2840 59 29 viel
503 2848 61 21 von
583 2841 185 33 „nationaler
971 2843 108 33 reden;

195 2889 156 29 sicherlich
375 2890 109 28 bedarf
505 2891 99 28 dieser
626 2891 115 33 Begriff
762 2911 37 3 —
819 2901 92 20 wenn
935 2902 70 19 man
1028 2902 35 20 zu-

200 2939 71 33 gibt,
303 2939 57 29 daß
391 2940 48 28 die
470 2940 228 35 Bedeutungen,
738 2943 47 29 die
825 2944 97 28 hinter
965 2944 114 29 diesem

194 2989 107 29 Worte
329 2990 106 34 liegen,
473 2993 86 26 einen
586 2991 117 33 Begriff
730 2998 286 26 zusammensetzen
1045 3013 35 4 —

196 3040 82 28 einer
308 3040 165 29 klärenden
503 3041 242 33 Interpretation.

251 3088 175 35 „Nationale
664 3093 38 28 ist
741 3095 46 27 ein
825 3094 136 30 Element
999 3097 81 28 einer

196 3140 133 28 höheren
374 3142 268 32 metaphysischen
687 3143 129 34 Einheit;
874 3154 32 20 es
951 3146 38 29 ist
1034 3147 46 28 ein

195 3189 149 34 Wunsch;
377 3193 46 26 ein
444 3191 140 35 Symbol;
618 3194 46 28 die
687 3194 245 30 umschließende
955 3196 125 29 Summe

196 3240 72 28 ailer
287 3241 82 31 jener
387 3241 88 35 Ziele,
494 3243 48 28 die
562 3245 47 28 ein
627 3243 77 30 Volk
724 3245 158 29 erreichen
901 3247 110 34 müßte,
1030 3255 50 20 um

196 3290 58 28 den
276 3292 114 28 andern
412 3292 132 30 Völkern
565 3294 211 34 gleichwertig
797 3304 38 20 zu
859 3297 65 28 sein
946 3297 73 29 oder
1042 3306 38 20 zu

196 3340 152 30 scheinen.
394 3342 55 30 Die
478 3352 32 20 es
539 3345 157 29 erreichen
723 3346 89 34 kann,
840 3354 92 21 wenn
963 3356 32 21 es
1025 3356 55 20 nur

197 3391 38 28 ist
260 3393 29 26 in
318 3391 77 34 dem,
423 3394 97 27 worin
550 3402 32 20 es
611 3395 62 28 sich
703 3404 61 20 von
802 3396 117 30 andern
946 3396 134 31 Völkern

196 3441 239 30 unterscheidet!
480 3443 39 29 Es
543 3444 52 32 gilt
620 3446 27 30 ja
672 3445 87 31 keine
785 3447 179 32 eigentliche
989 3447 73 35 „Mis-

332 3494 63 27 erst
423 3493 54 28 das
507 3494 180 30 historische
717 3496 180 31 Geschehen
936 3500 38 27 ist
1014 3500 66 28 eine

197 3541 232 32 Interpretation
456 3542 47 30 für
532 3544 47 28 ein
605 3546 166 29 verhülltes
799 3546 115 36 Etwas,
941 3548 55 30 das
1025 3557 54 21 nur

196 3591 69 28 dem
283 3591 161 30 Einzelnen
463 3593 138 29 offenbar
621 3596 126 28 werden
765 3597 89 30 kann.
891 3598 69 29 Und
981 3599 99 29 dieser

197 3641 276 31 erleuchtete
497 3643 142 30 Einzelne
663 3645 52 30 hat
740 3647 54 29 das
818 3647 139 33 Resultat
981 3650 99 28 seiner

198 3690 231 33 Interpretation
454 3712 38 3 —
517 3702 33 21 es
579 3695 39 28 ist
643 3697 128 33 intuitiv,
800 3700 84 27 seine
912 3699 104 29 Vision
1044 3718 36 4 --

196 3749 37 19 zli
268 3742 191 30 verkünden:
505 3746 30 27 in
571 3745 142 29 höchster
750 3746 189 36 Vollendung
974 3751 38 28 ist
1048 3759 32 20 er

195 3789 409 40 Religionsstifter,
631 3796 30 28 in
690 3796 53 29 der
773 3798 188 30 einfachsten
990 3800 90 29 Form

196 3841 152 29 vielleicht
377 3843 53 29 der
458 3845 97 29 ideale
584 3845 154 35 Politiker,
776 3847 52 30 der
858 3849 198 30 Volkstri-

196 3890 98 35 bun,
316 3888 61 35 (wo
604 3895 163 34 allerdings
790 3899 47 28 ein
861 3900 29 27 in
913 3900 84 32 jeder
1021 3900 40 30 Be-

197 3941 129 33 ziehung
351 3944 98 28 reiner
475 3943 116 34 Begriff
616 3947 64 28 sein
706 3943 78 36 soll).
827 3948 69 29 Und
921 3951 159 32 irgendwo

198 3991 153 29 zwischen
372 3993 103 29 diesen
495 3994 118 36 beiden,
633 3996 52 30 hat
707 3998 76 28 auch
805 3998 53 29 der
880 3998 200 32 Volkskünst-

1147 197 43 29 ler
1212 198 105 28 seinen
1337 196 96 34 Platz,
1454 195 101 30 wobei
1575 204 38 19 zu
1633 195 167 28 bemerken
1820 196 48 32 ist,
1891 194 57 29 dal
1972 195 65 30 dies

1148 247 115 29 freilich
1284 255 55 20 nur
1360 246 110 29 formal
1491 246 60 28 und
1573 244 83 30 nicht
1677 244 110 29 einmal
1809 244 153 29 äußerlich
1985 253 35 24 ge-

1149 298 91 28 dacht
1263 299 48 27 ist.

1207 346 189 30 Historische
1426 345 221 33 Entwicklung,
1677 345 89 31 jeden
1796 344 142 30 Künstler
1969 352 70 21 zum

1148 397 67 29 Haß
1240 397 54 29 der
1317 396 113 32 Menge
1454 395 173 34 zwingend,
1651 397 38 27 ist
1714 394 113 29 Schuld
1853 402 49 20 am
1925 393 114 30 Verfall

1150 449 54 28 der
1231 447 195 30 Volkskunst.
1471 445 62 29 Nur
1560 445 124 34 Völker,
1710 446 48 27 die
1786 445 78 28 noch
1892 445 70 28 sehr
1991 453 49 19 am

1150 498 137 31 Anfange
1313 498 84 31 jener
1423 496 259 32 systematischen
1708 495 189 32 Zersetzung
1924 494 116 34 stehen,

1150 549 48 28 die
1220 557 56 19 uns
1299 547 44 29 als
1366 546 130 30 sozialer
1519 546 183 29 Fortschritt
1726 546 202 32 angepriesen
1952 545 89 33 wird,

1150 598 99 29 haben
1278 597 78 29 noch
1385 597 48 28 die
1462 596 87 32 Kraft
1577 597 88 29 dazu.
1714 596 69 28 Und
1812 595 58 29 den
1901 595 76 33 Mut,
2004 612 37 6 —-

1151 648 78 29 denn
1258 647 54 29 der
1341 647 233 29 Volkskünstler
1604 646 70 29 muß
1707 647 69 28 dem
1807 646 156 29 stärksten
1995 646 31 27 In-

1153 698 180 29 haltswerte
1364 698 54 28 des
1449 697 159 32 Künstlers
1640 699 162 30 entsagen:
1844 696 53 29 der
1938 695 78 29 Per-

1150 748 281 30 sönlichkeit.
1472 748 86 33 Dort,
1581 755 51 21 wo
1654 748 29 28 in
1707 755 127 21 unserer
1858 746 64 30 Zeit
1945 745 97 33 Kunst

1150 800 47 33 ist,
1223 800 39 28 ist
1288 798 255 34 Persönlichkeit;
1583 798 78 34 dort,
1687 806 50 20 wo
1764 797 188 30 Volkskunst
1977 798 65 28 sein

1151 849 97 33 sollte,
1267 849 74 29 fehlt
1360 849 53 29 der
1434 849 88 33 Weg,
1544 849 54 28 der
1618 849 75 28 über
1714 848 244 29 Persönlichkeit
1978 847 48 29 hin-

1152 899 150 30 ausführt:
1345 900 53 28 der
1428 900 117 29 Glaube
1576 908 38 19 an
1644 900 47 28 die
1721 899 70 29 Idee
1822 898 54 29 des
1908 898 136 33 Ganzen,

1153 951 53 28 der
1228 950 117 30 Glaube
1364 951 59 28 und
1444 950 47 29 die
1510 950 165 33 Hoffnung,
1695 949 58 29 daß
1773 950 78 28 auch
1871 949 70 29 dem
1961 948 83 29 Teile

1152 999 150 34 Erlösung
1327 1001 128 28 werden
1480 1001 82 27 kann
1588 1001 39 27 im
1654 1000 136 29 Ganzen.
1834 999 116 33 Längst
1976 999 68 29 sind

1153 1052 47 28 die
1228 1051 105 29 Zeiten
1357 1059 190 25 vergangen,
1575 1051 48 28 die
1651 1058 34 21 so
1712 1050 168 29 verheißen
1908 1049 134 30 durften!

1152 1101 137 30 Seitdem
1320 1110 32 21 es
1382 1101 74 28 aber
1487 1101 66 28 eine
1583 1100 114 29 soziale
1728 1100 214 33 Entwicklung
1971 1100 73 34 gibt,

1148 1152 84 29 flieht
1260 1152 48 28 die
1334 1150 96 33 Kunst
1459 1152 54 28 das
1542 1150 78 29 Volk
1648 1151 60 28 und
1738 1151 81 29 zieht
1847 1151 65 29 sich
1938 1152 30 28 in
1997 1151 48 28 die

1153 1202 242 29 Persönlichkeit
1421 1202 124 28 zurück.

1209 1252 188 29 Volkskunst
1418 1252 74 29 aber
1512 1254 39 27 ist
1571 1251 47 30 für
1640 1252 59 29 den
1719 1251 196 30 wahrhaften
1934 1251 95 32 Künst-

1152 1303 43 28 ler
1217 1303 53 28 der
1291 1303 189 32 Gegenwart
1500 1302 127 33 Mythos
1647 1303 61 28 und
1727 1302 148 33 Religion.
1912 1302 39 29 Er
1972 1302 74 29 baut

1155 1353 63 29 sich
1241 1362 77 20 neue
1340 1353 195 32 Hoffnungen
1559 1354 111 28 daraus
1693 1354 60 28 und
1776 1353 112 29 schafft
1908 1372 39 4 —
1967 1355 81 27 trotz

1155 1404 53 28 der
1237 1403 91 34 Welt,
1357 1404 47 28 die
1433 1404 49 28 ihn
1511 1404 88 29 schuf
1623 1423 37 3 —
1687 1405 67 29 eine
1782 1404 91 34 Welt,
1913 1404 47 30 die
1999 1406 47 28 ein

1155 1455 152 28 Gleichnis
1333 1455 53 28 des
1410 1453 220 30 Erschaffenen
1654 1456 48 27 ist.

1156 1705 323 57 Hochzeit

1156 1839 159 29 Schasana
1342 1848 69 19 zum
1437 1839 162 29 Geschenk

1156 1906 56 29 Um
1233 1915 92 21 unsre
1345 1907 82 28 Füße
1447 1907 107 29 braust
1575 1907 55 29 das
1651 1907 97 33 Meer,

1159 1957 53 28 das
1243 1957 104 33 große,
1378 1957 212 30 wundervolle
1621 1957 96 34 Meer,
1749 1956 194 31 Nachtrneer.

1157 2008 31 28 In
1210 2017 111 20 unsere
1345 2008 109 33 Wiege
1481 2011 86 26 saust
1592 2010 46 27 ein
1664 2008 227 29 Sterneschein.

1156 2058 58 28 Um
1239 2068 92 20 unsre
1355 2059 120 29 Schöße
1501 2060 167 31 plätschert
1693 2059 52 29 der
1771 2059 237 32 Wellenschlag.

1157 2109 103 29 Leben
1287 2110 167 32 plätschert
1481 2109 146 29 funkelnd
1654 2118 61 20 von
1743 2109 102 29 Schoß
1873 2118 38 20 zu
1939 2109 111 35 Schoß,

1156 2160 104 29 Leben
1289 2169 61 20 von
1378 2160 93 30 Brust
1501 2170 37 19 zu
1567 2160 93 29 Brust
1682 2184 34 5 ..
1738 2184 6 6 .
1792 2160 172 29 Schasana!

1876 2211 172 30 Schasana!

1269 2261 168 35 Schasana,
1465 2262 90 29 blaue
1582 2262 101 29 Blüte!

1157 2312 66 28 Von
1248 2312 72 29 aller
1346 2312 121 30 Welten
1494 2313 119 29 Feuern
1639 2313 74 29 bunt
1740 2313 127 29 umloht!

1157 2363 62 29 Aus
1240 2364 99 31 jedem
1361 2363 98 35 Blute,
1480 2364 55 28 das
1557 2366 28 26 in
1607 2363 170 30 Menschen
1799 2364 119 34 unruht,

1157 2414 129 29 machen
1312 2414 63 29 sich
1402 2415 156 28 Flammen
1586 2415 58 33 auf,
1672 2415 116 33 herauf,
1816 2414 115 30 herauf.

1157 2464 69 29 Und
1252 2465 73 29 alles
1355 2464 122 30 Sehnen
1504 2465 109 29 brennt
1640 2474 38 20 an
1707 2474 92 21 unsre
1827 2465 102 35 Brust,

1154 2515 55 29 das
1232 2516 62 28 sich
1320 2524 54 20 aus
1398 2516 187 29 Einsamkeit
1608 2517 187 28 verwälzter
1820 2516 111 29 Betten
1955 2517 95 29 reckt.

1157 2565 68 29 Und
1249 2575 62 19 von
1336 2566 84 32 jeder
1444 2566 208 33 Vermählung
1677 2567 131 29 schwillt
1833 2567 138 29 Schauer

1809 2618 75 28 über
1910 2627 57 20 uns
1992 2618 58 30 hin.

1157 2667 69 28 Und
1247 2667 72 29 aller
1341 2667 101 30 Erden
1463 2667 184 34 Nachgraun
1669 2669 109 29 schaut
1800 2677 56 21 uns
1880 2677 38 20 an

1158 2719 53 27 mit
1235 2718 101 34 tiefen,
1361 2718 124 34 großen,
1510 2719 261 33 vorgequollenen
1796 2719 117 33 Augen.

1157 2768 68 28 Und
1251 2769 73 29 alles
1348 2768 260 30 Schlafeslächeln
1630 2770 69 29 ruht
1724 2770 51 28 auf
1799 2779 57 20 uns

1157 2820 59 28 wie
1238 2843 90 5 ....
1350 2820 127 32 goldner
1498 2820 212 30 Mondschein.

1595 2886 13 15 *

1157 2935 68 30 Und
1249 2937 115 29 zurück
1388 2946 54 20 zur
1468 2937 98 30 Stadt.
1611 2939 68 28 Und
1704 2939 249 33 hineingetaucht

1157 2988 29 27 in
1210 2987 48 28 die
1281 2987 241 30 lebenzitternde
1547 2989 270 30 Friedrichsträße.

1157 3037 69 29 Und
1254 3046 33 21 es
1315 3039 85 28 rührt
1426 3040 79 28 mich
1531 3048 38 20 an
1597 3040 55 28 das
1680 3040 207 29 Vorbeiwehn
1915 3041 54 29 der

1872 3091 178 30 Menschen.

1270 3139 102 29 Meine
1395 3139 89 30 Seele
1508 3141 85 28 rührt
1617 3141 55 29 das
1696 3149 47 21 an.

1157 3188 101 30 Meine
1285 3189 88 30 Seele
1397 3191 85 29 harrt
1507 3191 50 29 auf
1582 3191 123 29 Besuch
1731 3192 54 28 der
1811 3192 179 30 Menschen.

1157 3239 102 29 Meine
1280 3239 89 30 Seele
1390 3241 113 30 zündet
1522 3242 61 29 viel
1603 3241 123 30 Lichter
1749 3250 38 21 an

1158 3290 61 28 und
1242 3290 151 32 glühende
1418 3291 119 30 Becher
1560 3292 47 29 für
1633 3292 96 29 allalle
1754 3292 179 31 Menschen.

1159 3339 104 31 Bereit
1285 3342 68 28 sind
1374 3342 47 29 die
1447 3342 116 35 Gaben,
1587 3342 142 31 rotbunte
1754 3344 55 30 der
1832 3344 103 35 Liebe,

1159 3390 51 29 auf
1233 3391 142 30 Tüchern
1400 3400 54 22 aus
1479 3401 150 21 warmem
1655 3393 76 29 Gelb
1759 3394 55 30 des
1839 3394 193 33 Vergessens

1159 3441 47 29 die
1233 3441 190 31 Tischdecke
1449 3443 99 30 streift
1576 3445 44 28 sie
1646 3444 79 29 noch
1754 3445 68 33 eilig
1847 3445 85 33 glatt.

1159 3490 102 31 Meine
1281 3491 90 30 Seele
1392 3494 127 29 schließt
1538 3494 64 29 ihre
1621 3494 61 29 Tür
1704 3494 58 30 hell
1785 3495 60 35 auf,

1159 3541 59 29 daß
1240 3542 54 29 das
1316 3542 157 31 Leuchten
1496 3546 73 28 weit
1590 3546 30 28 in
1643 3544 48 30 die
1713 3544 185 32 Nachtstadt
1920 3546 74 31 fällt.

1159 3591 67 30 Und
1249 3593 44 29 sie
1315 3593 61 29 ruft
1397 3603 33 20 es
1453 3594 63 30 laut
1538 3596 28 27 in
1588 3595 47 29 die
1656 3594 132 31 Straßen
1811 3605 70 21 aus:

1265 3643 143 34 „Herein!

1153 3692 73 29 Hier
1249 3695 78 28 wird
1352 3695 95 29 Glück
1469 3696 197 34 verschenkt,
1689 3697 77 30 wies
1788 3699 79 28 noch
1890 3701 48 27 nie

1851 3757 67 22 wer
1946 3749 104 30 besaß.

1154 3793 87 29 Denn
1264 3803 32 21 es
1320 3796 82 28 wirft
1424 3805 66 21 wer
1512 3796 70 35 fort,
1606 3797 54 29 der
1683 3798 39 29 ist
1743 3807 80 24 ganz
1847 3799 108 36 erfüllt,

1154 3843 67 29 Daß
1247 3853 49 21 ers
1322 3847 82 28 nicht
1427 3848 86 28 mehr
1540 3847 159 29 aushalten
1724 3848 90 30 kann.

1271 3894 44 30 So
1339 3896 117 30 kommt
1483 3897 91 30 doch!

1270 3944 69 30 Und
1361 3946 104 30 keiner
1489 3948 79 28 kam.

2119 194 62 30 Aus
2200 192 226 30 zwölfhundert
2446 192 122 33 Krügen
2589 194 82 32 gießt
2690 194 48 29 die
2759 193 98 28 Nacht
2878 192 132 32 Rausck.

2119 243 231 30 Zwölfhundert
2373 242 220 34 Purpurerigel,
2619 246 44 27 sie
2688 244 185 29 kredenzen.

2120 294 56 29 Am
2201 293 198 34 Felsentisch,
2426 292 54 29 der
2506 294 91 31 steigt
2623 294 61 29 und
2706 295 93 31 steigt
2825 293 60 29 und
2910 294 102 30 steigt.

2120 345 56 28 Am
2199 344 206 30 sternehohen
2429 343 198 33 Felsentisch,
2651 345 53 28 der
2729 346 101 32 steigt,
2854 344 100 32 steigt,

2910 393 101 32 steigt.

2122 444 66 29 Und
2211 445 47 29 die
2279 445 88 29 Hand
2390 453 50 20 um
2463 444 59 28 den
2545 443 305 30 überschäumenden
2872 444 84 31 Krug

2385 495 61 29 und
2467 494 47 30 ich
2537 493 68 29 stoß
2627 493 50 29 ihn
2699 502 37 20 an
2757 496 58 28 den
2837 494 175 30 Steintisck.

2122 544 68 29 Und
2212 546 47 28 ich
2282 546 98 29 trinke
2401 546 61 28 und
2484 546 87 31 singe
2596 544 60 29 und
2678 543 70 30 fülle
2773 545 47 29 die
2841 543 98 31 Nacht

2803 597 52 27 mit
2880 595 135 32 Gesang.

2119 645 63 29 Aus
2206 646 198 29 bodenlosem
2430 646 194 29 Nachtschoß
2650 645 131 28 drunten
2807 646 72 29 hebt
2904 646 73 33 sich,

2124 704 55 21 aus
2205 696 193 29 schwarzem
2426 696 135 33 Teppich
2588 696 60 28 und
2674 694 242 30 Sternensaaten

2719 746 73 28 hebt
2810 746 64 28 sich
2895 741 121 37 Dampf.

2123 796 69 29 Und
2220 796 130 32 Dämpfe
2379 799 163 27 umtanzen
2570 798 58 28 den
2656 796 203 29 Felsentisch:

2495 847 157 30 Gestalten
2674 871 6 6 .
2703 870 6 7 .
2730 870 6 7 .
2774 846 161 29 Gestalten
2955 870 5 5 .
2983 870 6 5 .
3011 869 7 6 .

2122 898 91 28 Lider
2236 898 199 31 geschlossen
2458 921 117 6 .....
2616 898 93 29 Arme
2730 896 158 34 gestreckt
2909 919 7 6 .
2937 919 7 6 .
2966 919 5 6 .

2620 950 73 28 weit
2715 972 6 6 .
2743 972 6 6 .
2771 972 6 6 .
2811 948 123 29 tastend
2956 971 6 5 .
2985 970 5 6 .
3012 970 7 6 .

2126 999 59 28 und
2208 1022 5 5 .
2236 1021 6 6 .
2264 1022 6 6 .
2298 1007 55 21 aus
2378 1001 121 26 meinen
2513 1007 5 4 '
2527 998 128 29 Händen
2682 999 98 29 bricht
2811 1007 32 21 es
2870 998 75 29 brau-

2842 1049 75 29 send
2949 1057 69 20 aus:

2233 1099 103 30 Söhne
2361 1100 53 28 des
2439 1100 122 29 Geistes

2632 1175 76 29 Paul
2738 1175 245 29 Bommersheim

2129 1453 166 57 Eine
2341 1452 549 74 Notwendigkeit

2129 1587 104 28 Bruno
2259 1587 78 29 Taut

2185 1656 40 29 Es
2247 1658 38 27 ist
2310 1658 66 27 eine
2401 1656 118 29 Freude
2543 1658 30 27 in
2598 1664 128 21 unserer
2752 1655 66 29 Zeit
2840 1655 99 34 leben,
2964 1654 61 29 und

2130 1716 66 20 wer
2218 1707 54 29 das
2294 1708 81 28 nicht
2396 1706 84 35 fühlt,
2501 1707 69 29 dem
2591 1707 38 28 ist
2650 1707 82 28 nicht
2751 1715 39 20 zu
2813 1705 109 30 helfen.
2950 1705 75 29 Eine

2130 1757 159 30 Intensität
2310 1758 52 29 hat
2382 1757 142 32 Künstler
2547 1758 71 28 aller
2641 1757 116 31 Künste
2780 1756 155 34 ergriffen,
2959 1757 68 28 eine

2131 1808 199 34 Religiosität,
2357 1809 47 28 die
2427 1809 64 28 sich
2516 1809 82 28 nicht
2624 1810 53 27 mit
2702 1808 141 29 weichen
2868 1807 136 29 Anwand-

2130 1859 112 32 lungen
2284 1859 162 32 begnügen
2489 1859 70 34 will,
2603 1859 132 29 sondern
2781 1859 77 28 nach
2904 1860 106 30 gesetz-

2130 1910 142 32 mäßigen
2293 1909 132 29 Formen
2446 1910 105 28 strebt.
2592 1909 56 29 Die
2670 1909 117 29 Plastik
2806 1909 61 28 und
2889 1909 48 29 die
2958 1909 48 28 Ma-

2131 1961 73 28 lerei
2228 1961 104 28 finden
2359 1960 65 29 sich
2449 1961 52 28 auf
2523 1963 65 26 rein
2615 1960 234 32 synthetischen
2884 1959 61 29 und
2973 1959 36 29 ab-

2131 2012 138 29 strakten
2289 2011 122 32 Wegen
2430 2011 61 28 und
2510 2020 71 19 man
2601 2011 116 33 spricht
2737 2011 117 28 überall
2872 2019 63 20 von
2956 2011 69 28 dem

2131 2062 160 28 Aufbauen
2312 2062 53 29 der
2385 2062 112 29 Bilder.
2536 2062 40 29 Es
2596 2062 71 32 liegt
2688 2062 100 28 dieser
2809 2061 218 32 Bezeichnung

2132 2114 65 28 eine
2225 2113 267 29 Architekturidee
2523 2113 53 29 des
2608 2112 102 30 Bildes
2750 2113 168 32 zugrunde,
2959 2112 68 29 eine

2132 2163 79 35 Idee,
2234 2164 48 28 die
2305 2164 73 28 aber
2401 2164 82 28 nicht
2504 2164 69 28 bloß
2595 2164 274 32 vergleichsweise
2892 2172 38 19 zu
2953 2164 57 28 neh-

2130 2223 70 20 men
2229 2215 46 33 ist,
2305 2215 133 28 sondern
2469 2216 98 27 einem
2595 2214 362 32 Architekturgedanken
2987 2214 40 28 im

2132 2265 159 29 einfachen
2317 2265 93 29 Sinne
2436 2265 53 30 des
2516 2265 126 30 Wortes
2668 2265 176 32 entspricht.
2888 2264 40 30 Es
2954 2265 73 33 geht

2132 2318 66 27 eine
2222 2316 140 33 geheime
2384 2316 195 29 Architektur
2603 2316 95 29 durch
2723 2316 56 29 alle
2804 2316 84 29 diese
2910 2315 118 29 Werke

2131 2367 61 28 und
2215 2367 62 29 hält
2299 2369 44 27 sie
2367 2367 56 29 alle
2446 2375 188 21 zusammen.
2677 2366 32 29 In
2732 2366 170 29 ähnlichem
2924 2366 103 34 Sinne,

2131 2419 60 28 wie
2210 2427 32 20 es
2263 2427 37 19 zu
2319 2418 58 28 den
2396 2417 103 29 Zeiten
2517 2418 54 28 der
2592 2418 90 28 Gotik
2702 2418 64 28 sich
2784 2417 163 33 vollzogen
2966 2418 65 28 hat.

2131 2468 56 29 Die
2207 2469 139 32 gotische
2363 2468 184 32 Kathedrale
2567 2468 116 29 umfaßt
2703 2469 115 28 ebenso
2839 2468 56 30 alle
2915 2467 95 32 Künst-

2131 2519 53 34 ler,
2223 2519 47 30 die
2307 2528 62 20 von
2407 2520 82 28 einer
2517 2519 233 29 wundervollen
2780 2519 118 29 Einheit
2928 2518 100 29 erfüllt

2131 2578 107 21 waren
2262 2571 60 28 und
2344 2572 29 27 in
2398 2570 69 29 dem
2489 2570 319 33 Architekturgebilde
2834 2570 54 29 des
2912 2570 119 29 Domes

2134 2621 58 29 den
2223 2621 184 32 klingenden
2439 2621 292 32 Gesamtrhythmus
2761 2620 121 30 fanden.

2188 2688 68 29 Und
2293 2689 47 29 die
2374 2688 195 29 Architektur
2606 2689 61 28 will
2703 2688 117 29 diesem
2855 2687 172 29 Bestreben

2133 2740 262 32 entgegengehen.
2438 2739 86 29 Auch
2547 2740 45 28 sie
2616 2741 39 27 ist
2678 2739 49 29 bei
2751 2739 59 28 den
2834 2740 93 30 guten
2952 2737 57 29 Ver-

2131 2792 117 27 tretern
2275 2791 54 28 mit
2357 2791 82 28 einer
2465 2798 99 20 neuen
2592 2789 93 30 tiefen
2723 2789 159 29 Intensität
2919 2789 107 28 erfüllt.

2131 2840 86 29 Auch
2235 2841 44 28 sie
2298 2840 122 29 möchte
2439 2841 49 28 bei
2506 2840 58 29 den
2582 2839 117 33 großen
2719 2839 155 35 Arbeiten,
2893 2840 49 28 die
2962 2839 65 30 sich

2131 2892 75 28 über
2246 2892 57 27 den
2342 2890 273 29 wirtschaftlichen
2654 2890 139 33 Rahmen
2831 2891 108 28 hinaus
2980 2899 32 20 er-

2131 2942 108 34 heben,
2260 2950 70 20 zum
2349 2941 170 34 Ausdruck,
2540 2950 38 20 zu
2601 2942 81 28 einer
2704 2941 184 33 klingenden
2909 2941 99 33 Rhyth-

2131 2993 61 27 mik
2211 2993 61 27 und
2288 2992 154 32 Dynamik
2458 2993 153 27 kommen.
2648 2991 69 29 Und
2737 3001 33 21 es
2787 2994 38 27 ist
2844 2993 49 28 die
2910 2993 117 31 gleiche

2131 3043 146 28 Tendenz
2307 3043 162 29 derselben
2497 3043 168 34 Intensität,
2705 3043 47 29 die
2791 3043 64 30 sich
2885 3043 49 29 bei
2965 3044 47 27 ein-

2131 3093 110 29 fachen
2269 3093 233 30 wirtschaftlich
2530 3094 189 32 begrenzten
2749 3093 120 30 Bauten
2897 3094 30 28 in
2957 3094 70 28 dem

2135 3143 132 30 Streben
2296 3144 79 29 nach
2406 3145 54 28 der
2492 3144 138 30 denkbar
2669 3144 128 33 größten
2827 3144 200 29 Schlichtheit

2131 3195 61 28 und
2224 3195 69 29 dem
2324 3194 141 30 Erheben
2505 3195 54 30 der
2599 3196 204 31 primitivsten
2833 3194 91 30 Form
2956 3203 71 20 zum

2131 3245 129 33 Symbol
2283 3246 116 29 äußert.
2441 3246 85 29 Auch
2549 3247 96 28 hierin
2665 3246 122 28 besteht
2811 3247 66 27 eine
2901 3245 126 29 Sinnes-

2130 3295 273 31 Verwandtschaft
2425 3299 54 27 mit
2501 3297 54 29 der
2580 3297 100 33 Gotik,
2704 3297 48 28 die
2774 3297 30 27 in
2828 3295 59 29 den
2910 3295 117 33 großen

2131 3346 138 30 Werken
2297 3349 66 28 eine
2390 3356 54 20 zur
2472 3347 218 29 Leidenschaft
2728 3346 188 33 gesteigerte
2945 3346 62 32 Kon-

2131 3398 152 29 struktion
2312 3398 60 29 und
2399 3398 51 29 auf
2478 3398 54 29 der
2561 3398 116 29 andern
2705 3396 84 31 Seite
2818 3397 55 29 das
2903 3396 124 30 Suchen

2132 3448 79 28 nach
2240 3448 69 29 dem
2340 3449 157 31 praktisch
2528 3449 61 28 und
2617 3447 232 30 wirtschaftlich
2879 3447 136 30 Allerein-

2130 3497 141 31 fachsten
2300 3499 60 28 und
2389 3498 389 30 Allerausdrucksvollsten
2817 3499 124 29 enthält.
2987 3498 40 29 Es

2131 3549 73 32 liegt
2229 3551 31 27 in
2287 3550 100 29 dieser
2414 3549 147 30 Tendenz
2588 3551 48 28 ein
2663 3549 84 28 Grad
2773 3556 63 21 von
2862 3549 147 30 konstruk-

2131 3600 80 29 tiver
2250 3600 168 34 Intensität,
2457 3600 53 29 der
2539 3600 74 29 weit
2642 3600 183 31 hinausgeht
2864 3600 76 29 über
2970 3600 58 29 das

2131 3650 287 33 selbstgenügsame
2448 3650 168 30 klassische
2646 3649 83 30 Ideal
2769 3650 53 30 der
2850 3650 175 30 Harmonie.

2133 3700 82 35 Glas,
2242 3700 91 30 Eisen
2359 3701 61 28 und
2448 3700 99 30 Beton
2575 3701 66 28 sind
2670 3700 49 30 die
2747 3700 202 35 Materialien,
2977 3701 48 29 die

2133 3751 69 29 dem
2224 3760 99 21 neuen
2346 3751 198 29 Architekten
2568 3751 55 30 das
2646 3750 99 31 Mittel
2767 3751 48 30 für
2840 3752 84 29 diese
2946 3751 64 30 Stei-

2131 3809 118 25 gerung
2277 3802 154 29 bedeuten
2460 3801 61 29 und
2548 3802 51 28 ihn
2625 3802 76 29 über
2738 3803 56 29 das
2833 3802 109 29 Gebiet
2971 3802 54 29 der

2131 3851 110 30 bloßen
2281 3851 156 31 Material-
2467 3852 61 28 und
2559 3850 304 32 Zweckarchitektur
2902 3852 106 29 hinaus-

2131 3901 117 30 führen.

2187 3960 41 30 Es
2244 3961 74 32 liegt
2335 3962 65 28 eine
2417 3959 251 36 Notwendigkeit
2683 3963 29 28 in
2730 3962 54 29 der
2801 3969 101 22 neuen
2918 3960 112 35 Künste

2132 4010 58 29 daß
2211 4010 64 30 sich
2298 4011 100 29 dieser
2421 4010 291 32 Zusammenschluß
2735 4019 62 21 von
2820 4010 211 36 Architektur,,
