2237 3830
704 220 50 25 LA
789 219 169 28 SONATE
993 223 57 25 DE
1082 224 46 25 M.
1166 225 136 27 HENRI
1338 219 189 36 FÉVRIER

2048 234 75 38 549

160 381 81 42 La
278 386 204 41 sonate
515 396 71 31 en
626 386 55 42 la
714 388 249 50 mineur,
991 402 148 41 pour
1158 393 195 43 violon
1386 396 56 41 et
1462 395 188 50 piano,
1687 396 67 44 de
1787 398 71 40 M.
1887 399 181 42 Henri

948 460 238 43 Février

162 573 63 41 Al.
254 574 138 41 Henri
435 576 195 49 Février,
671 593 86 37 que
791 593 114 28 nous
928 587 268 46 présentons
1216 599 114 37 pour
1353 586 39 40 la
1423 590 218 49 première
1665 588 85 42 fois
1772 594 21 36 à
1819 604 81 27 nos
1919 591 205 43 lecteurs,

106 655 65 31 est
192 661 59 25 un
274 647 134 53 jeune
436 659 6 28 :
465 648 26 39 il
517 658 65 30 est
604 653 21 35 à
650 651 130 50 peine
807 654 82 46 âgé
908 650 53 40 de
977 652 246 49 vingt-huit
1248 668 96 26 ans.
1369 654 32 40 Il
1422 654 48 41 fit
1488 669 69 27 ses
1579 660 244 48 premières
1846 660 155 41 études
2028 676 66 25 mu-

106 715 159 40 sicales
284 729 55 26 au
364 714 366 49 Conservatoire,
764 719 114 39 dans
903 719 39 39 la
966 719 141 40 classe
1146 720 283 43 d'harmonie
1456 724 55 40 de
1552 724 61 42 M.
1657 726 179 50 Pugno,
1879 730 99 50 puis
2014 730 113 39 dans

106 783 109 41 celle
230 783 54 41 de
301 783 61 40 M.
383 784 162 41 Xavier
564 783 193 48 Leroux,
785 788 75 50 qui
886 788 187 39 succéda
1100 792 22 35 à
1143 802 47 26 ce
1211 790 192 40 dernier.
1427 790 61 42 M.
1523 792 180 41 Février
1727 797 203 39 travailla
1943 797 37 39 la
2004 811 92 27 com-

106 854 197 51 position
327 867 105 26 avec
447 852 63 41 M.
539 852 185 42 Gabriel
747 854 160 49 Fauré,
927 864 41 31 et
992 854 89 42 Ton
1102 866 104 42 peut
1229 858 95 39 dire
1346 859 105 51 qu'il
1471 870 118 40 reçut
1602 861 54 40 de
1679 875 47 26 ce
1750 868 157 36 maître
1922 880 86 25 une
2024 867 78 40 heu-

108 934 129 28 reuse
259 922 221 40 influence
497 924 231 39 musicale.
757 922 68 41 En
849 923 117 50 effet,
988 924 39 40 la
1051 934 158 30 nature
1231 926 187 40 délicate
1448 937 41 30 et
1528 932 256 48 expressive
1825 932 54 39 de
1918 947 47 26 ce
1997 935 131 50 jeune

108 992 305 50 compositeur
431 1005 54 26 ne
506 993 183 50 pouvait
710 1006 86 37 que
820 992 258 52 s'épanouir
1100 1008 55 25 au
1176 1003 172 32 contact
1373 995 53 40 de
1445 996 10 39 1
1476 1005 66 31 art
1566 999 35 37 si
1623 1000 239 49 personnel
1884 1009 40 31 et
1949 1002 34 38 si
2007 1002 121 40 élevé

106 1059 55 39 de
186 1058 60 38 M.
284 1057 183 43 Gabriel
494 1060 159 40 Fauré.
679 1060 55 41 Et
753 1060 60 40 M.
839 1061 194 43 Février,
1054 1072 124 30 outre
1204 1063 38 39 la
1269 1065 172 39 science
1465 1065 53 40 de
1538 1065 41 40 la
1620 1067 238 52 technique
1895 1070 230 48 musicale,

108 1125 106 55 qu'il
238 1128 205 52 -possède
484 1131 403 50 supérieurement,
912 1135 206 47 présente
1153 1131 77 40 des
1268 1133 192 50 qualités
1496 1133 307 54 d'expression
1828 1143 88 34 très
1939 1152 162 38 person-

106 1196 156 41 nelles.
284 1195 96 56 J'en
402 1197 158 53 profite
601 1213 114 38 pour
739 1209 234 43 rapporter
1014 1202 53 38 ici
1093 1215 85 26 une
1209 1203 202 50 opinion,
1441 1205 74 50 qui
1540 1213 65 31 est
1627 1205 52 39 de
1703 1204 78 51 lui,
1808 1215 40 31 et
1867 1208 75 50 qui
1967 1209 138 38 contri-

109 1264 137 41 buera
269 1270 21 35 à
315 1265 162 42 définir
497 1281 70 26 ses
589 1268 241 40 tendances
854 1268 240 41 musicales
1131 1275 161 47 auprès
1315 1270 54 40 de
1392 1285 82 27 nos
1498 1272 190 41 lecteurs
1724 1285 6 27 :
1778 1286 19 26 «
1830 1274 82 54 J'ai
1940 1275 188 41 horreur

108 1334 78 39 des
211 1335 342 52 complications
578 1337 181 40 inutiles
779 1346 41 31 et
834 1338 53 39 de
917 1338 40 40 la
981 1340 209 50 musique
1210 1340 77 39 des
1320 1339 363 42 mathématiciens
1719 1357 10 24 :
1753 1343 40 40 la
1818 1346 208 49 musique
2064 1354 65 31 est

110 1417 57 25 un
192 1412 67 30 art
282 1403 26 40 d
315 1403 274 55 'expression,
612 1415 40 31 et
677 1420 106 26 ceux
807 1408 76 50 qui
905 1407 177 41 veulent
1105 1421 54 26 en
1179 1406 109 42 faire
1312 1423 59 26 un
1392 1418 66 31 art
1497 1409 53 40 de
1580 1410 146 40 raison
1750 1420 40 31 et
1823 1411 40 41 d'
1869 1413 261 54 explication

111 1481 100 31 sont
232 1472 78 40 des
331 1474 243 40 musiciens
603 1475 257 50 ingénieux,
886 1477 113 39 mais
1035 1476 256 52 dépourvus
1331 1477 244 42 d'émotion
1611 1488 41 31 et
1691 1480 54 40 de
1778 1480 264 42 sensibilité.
2086 1482 42 52 Je

110 1539 170 53 préfère
303 1540 39 40 le
362 1542 101 52 plus
484 1543 123 51 léger
630 1543 165 40 frisson
820 1548 20 35 à
859 1544 78 40 des
964 1558 140 38 pages
1126 1544 165 41 froides
1314 1556 41 30 et
1385 1547 202 41 voulues.
1626 1560 22 27 »

164 1608 65 40 Al.
265 1609 180 41 Février
475 1621 66 30 est
578 1611 191 41 l'auteur
809 1613 53 39 de
887 1612 296 41 nombreuses
1223 1615 233 50 mélodies,
1500 1625 188 32 souvent
1721 1617 210 41 chantées
1973 1632 9 34 ;
2023 1618 105 41 d'un

110 1677 155 40 chœur
286 1692 104 26 avec
425 1689 431 43 accompagnement
877 1681 287 48 d'orchestre,
1187 1688 179 35 exécuté
1388 1684 329 42 dernièrement
1740 1701 54 25 au
1813 1695 176 32 concert
2012 1687 53 40 de
2089 1688 39 39 la

112 1743 175 43 Société
306 1747 302 51 nationalefV,
629 1762 106 27 sous
761 1749 39 40 la
823 1750 218 40 direction
1071 1750 53 40 de
1145 1750 61 40 Al.
1233 1750 172 42 Cortot.
1432 1752 63 40 De
1535 1754 115 51 plus,
1677 1768 115 26 nous
1833 1757 297 39 connaissons

110 1814 54 39 de
184 1814 61 40 lui
266 1830 59 25 un
350 1817 82 39 trio
459 1822 87 34 très
569 1818 286 44 intéressant,
897 1832 152 26 œuvre
1074 1817 132 42 d'une
1244 1820 135 40 haute
1417 1821 155 41 valeur
1603 1823 228 40 musicale.
1866 1823 31 40 Il
1921 1832 66 31 est
2011 1826 120 39 aussi

111 1882 188 42 l'auteur
314 1884 105 40 d'un
440 1898 200 38 ouvrage
675 1900 55 26 en
762 1886 115 40 deux
915 1896 134 39 actes,
1089 1901 100 37 reçu
1213 1893 272 37 récemment
1529 1895 20 34 à
1577 1889 427 55 l'Opéra-Comique
2043 1904 7 25 :
2096 1893 36 39 le

110 1950 87 40 Roi
216 1951 212 55 Aveugle,
456 1954 188 50 légende
668 1956 287 46 Scandinave,
993 1969 55 27 en
1087 1956 326 41 collaboration
1451 1972 105 26 avec
1579 1958 60 40 Al.
1680 1959 187 51 Hugues
1889 1959 60 41 Le
1986 1960 144 41 Roux.

110 2018 151 52 Enfin,
287 2030 112 32 —et
422 2021 104 42 c'est
550 2037 46 26 ce
620 2025 74 50 qui
726 2037 116 27 nous
867 2037 167 39 occupe
1068 2026 70 46 ici,
1183 2026 116 39 —il
1337 2037 65 28 est
1429 2025 189 42 l'auteur
1637 2028 133 40 d'une
1807 2037 156 32 sonate
1996 2043 54 26 en
2092 2029 39 40 la

114 2090 191 40 mineur.

165 2156 128 41 Cette
324 2168 157 31 sonate
517 2169 66 31 est
620 2163 245 38 construite
889 2162 351 52 classiquement
1261 2176 8 28 ;
1291 2164 84 39 elle
1398 2164 165 47 dérive,
1600 2179 79 38 par
1698 2165 38 39 la
1763 2164 156 48 forme,
1945 2166 78 40 des
2053 2180 48 27 so-

110 2235 126 31 nates
256 2227 54 40 de
330 2226 274 50 Beethoven,
625 2239 40 30 et
686 2243 46 26 se
755 2230 141 40 divise
919 2244 54 26 en
995 2241 157 42 quatre
1176 2234 167 50 parties
1372 2244 6 27 :

174 2300 38 34 i°
232 2295 186 55 Allegro
439 2297 179 40 risoluto
658 2313 11 30 ;

168 2370 41 33 2°
230 2363 205 41 Andante
453 2366 211 39 cantabile
684 2398 11 19 ,

170 2439 40 43 3°
231 2431 241 55 Allegretto
512 2435 210 39 moderato
743 2446 16 39 ;

167 2507 45 43 4°
230 2500 224 41 Animato.

167 2567 64 41 Le
256 2571 195 50 premier
492 2580 304 42 mouvement,
823 2572 24 40 Y
858 2572 182 53 Allegro
1079 2572 198 46 risoluto,
1302 2583 66 31 est
1402 2575 108 39 d'un
1551 2580 222 35 caractère
1816 2578 245 51 énergique
2093 2587 40 31 et

116 2639 250 48 vigoureux
392 2653 7 25 :

168 3013 143 52 Après
349 3014 39 40 la
427 3015 220 51 complète
682 3016 252 51 exposition
958 3016 54 39 de
1051 3025 110 31 cette
1184 3016 112 42 idée,
1339 3030 113 26 nous
1496 3018 203 40 arrivons
1735 3022 20 35 à
1783 3033 57 25 un
1864 3032 207 26 nouveau
2094 3027 40 31 et

111 3084 209 49 gracieux
342 3082 132 41 motif
494 3083 53 40 de
567 3084 225 51 plusieurs
818 3098 199 26 mesures
1039 3087 74 49 qui
1136 3094 88 31 sert
1256 3086 53 39 de
1330 3087 239 39 transition
1621 3093 122 47 pont)
1788 3091 21 35 à
1854 3087 38 39 la
1936 3087 193 40 seconde

115 3151 98 39 idée
238 3162 7 25 :

154 3503 9 45 i
173 3503 9 45 1
192 3503 9 45 )
222 3503 94 33 Chez
337 3503 110 31 Henri
473 3503 140 43 Gregh,
634 3515 213 22 successeur
867 3507 43 31 de
934 3505 186 42 Quinzard
1142 3515 34 25 et
1201 3507 26 33 C
1232 3508 20 20 ie
1259 3532 7 12 ,
1285 3507 33 32 8.
1340 3507 183 41 faubourg
1548 3507 254 31 Montmartre.

155 3551 46 41 (2)
236 3553 47 32 M.
305 3553 148 33 Février
476 3565 18 21 a
514 3555 54 32 été
592 3556 143 31 nommé
770 3556 140 32 l'année
933 3557 164 33 dernière
1122 3558 158 32 membre
1306 3557 45 31 du
1376 3556 132 33 comité
1528 3556 43 32 de
1593 3564 94 25 cette
1711 3555 158 34 Société.

1220 460 73 55 (l).
