2237 3830
633 238 49 24 LA
717 237 20 24 2
744 230 12 14 e
792 234 257 27 SYMPHONIE
1083 234 56 24 DE
1173 233 45 24 M.
1255 230 195 26 VINCENT
1487 230 25 24 D
1536 227 102 27 INDY

128 239 73 38 552

128 413 76 40 La
219 411 34 41 2
257 416 14 18 e
290 406 348 56 Symphonie
663 406 68 41 de
750 404 72 42 M.
842 403 247 41 Vincent
1102 399 201 53 d'Indy
1327 411 117 30 aux
1463 397 268 42 concerts
1756 395 374 40 Lamoureux

180 534 68 40 Au
273 541 175 33 concert
483 532 58 39 du
569 545 41 36 31
663 527 198 45 octobre,
905 526 60 40 M.
1004 525 259 41 Chevillard
1306 540 21 26 a
1370 525 198 40 redonné
1602 536 46 27 ce
1693 523 229 39 troisième
1960 529 93 31 acte
2087 520 58 40 du

127 602 254 54 Crépuscule
403 602 72 38 des
497 599 143 40 Dieux
663 611 85 39 que
771 610 115 27 nous
910 608 165 29 savons
1109 596 281 38 maintenant
1414 608 78 38 par
1517 607 137 28 cœur,
1682 593 114 39 mais
1821 589 136 53 qu'on
1981 590 165 40 entend

124 672 201 50 toujours
355 683 102 27 avec
482 669 168 51 plaisir.
677 665 60 41 Le
763 665 239 41 dimanche
1040 664 237 52 précédent
1319 664 165 51 (même
1527 662 240 45 audition),
1810 661 39 51 je
1889 660 171 40 n'avais
2092 672 51 27 eu

125 739 163 53 qu'une
313 743 174 36 réserve
511 741 21 36 à
552 736 109 40 faire
685 750 54 26 au
765 735 113 52 sujet
903 734 77 40 des
1001 735 173 39 cuivres
1193 735 92 50 qui,
1312 734 85 39 soit
1421 746 113 39 pour
1564 729 231 53 l'attaque,
1835 731 86 38 soit
1954 742 116 39 pour
2103 729 39 39 la

122 810 201 51 justesse,
348 808 175 39 avaient
541 820 52 26 eu
617 805 218 52 quelques
856 804 173 50 légères
1062 801 310 42 défaillances.
1405 800 62 40 Le
1485 802 241 38 sentiment
1751 799 52 40 de
1828 800 192 39 sécurité
2040 800 106 38 était

122 878 272 51 compromis
411 876 103 39 chez
539 875 252 40 l'auditeur.
817 873 69 40 Au
910 881 176 32 concert
1104 873 194 48 suivant,
1321 880 111 31 cette
1456 870 271 52 impression
1762 882 18 26 s
1800 877 66 31 est
1885 867 258 44 améliorée,

123 948 113 37 mais
260 945 67 40 n'a
349 958 79 39 pas
464 954 95 31 tout
581 948 20 35 à
624 943 78 41 fait
725 943 200 52 disparu.
951 942 37 40 Y
1012 942 125 40 a-t-il
1181 941 113 40 donc
1338 940 194 53 quelque
1571 940 135 39 chose
1739 938 54 40 de
1816 938 177 49 changé
2032 936 114 40 dans

124 1024 111 31 cette
259 1016 155 49 région
435 1014 52 39 de
511 1013 244 40 l'excellent
783 1012 262 40 orchestre?
1075 1009 47 41 M
1127 1015 47 18 me
1191 1009 228 51 Litvinne,
1442 1010 110 39 dont
1576 1009 40 40 la
1636 1009 100 39 voix
1766 1016 41 31 et
1841 1007 38 40 le
1912 1006 114 53 style
2044 1015 101 31 sont

123 1082 202 54 parfaits,
346 1098 21 24 a
389 1096 54 26 eu
467 1082 38 39 le
528 1082 100 51 plus
651 1081 144 50 grand
817 1086 167 34 succès.
1025 1078 243 53 Qu'attend
1304 1077 60 41 M.
1407 1077 218 42 Gailhard
1664 1091 115 38 pour
1802 1090 202 37 engager
2033 1084 111 32 cette

124 1154 151 37 artiste
299 1155 21 35 à
347 1151 9 39 1
378 1149 146 52 Opéra
548 1154 15 34 ?
585 1148 156 40 Est-ce
764 1148 10 39 1
794 1147 367 41 encombrement
1183 1147 77 40 des
1276 1146 138 41 belles
1437 1148 99 38 voix
1562 1148 76 49 qui
1664 1145 86 40 l'en
1774 1145 215 52 empêche
2009 1148 69 36 ?...

178 1218 151 41 Moins
363 1217 220 41 familière
614 1221 21 35 à
676 1225 126 31 notre
848 1216 153 40 oreille
1041 1229 92 38 que
1183 1216 38 38 le
1282 1214 258 54 Crépuscule
1578 1223 66 30 est
1685 1214 39 39 la
1765 1212 284 54 Symphonie
2089 1214 54 39 de

121 1287 61 41 M.
209 1287 186 41 Vincent
415 1286 155 52 d'lndy
591 1287 75 51 qui
692 1283 180 53 figurait
894 1298 55 27 en
974 1288 84 36 tête
1082 1284 58 40 du
1171 1296 302 40 programme.
1504 1282 62 40 M.
1610 1282 142 53 Laloy
1774 1296 54 26 en
1865 1297 21 25 a
1920 1282 150 40 donné
2089 1284 54 38 ici

122 1361 145 35 même
291 1369 87 26 une
402 1355 182 52 analyse
608 1355 169 51 précise
800 1363 40 31 et
873 1354 324 40 enthousiaste.
1236 1351 47 41 Si
1315 1354 37 50 je
1376 1366 55 26 11e
1452 1354 98 38 vais
1571 1365 80 39 pas
1686 1354 120 38 aussi
1851 1352 91 40 loin
1968 1365 86 38 que
2080 1352 60 40 lui

121 1425 112 40 dans
259 1423 174 51 l'éloge,
459 1432 40 31 et
523 1424 35 39 si
583 1436 94 26 mes
701 1423 294 51 impressions
1016 1431 101 31 sont
1141 1437 58 25 un
1219 1435 85 39 peu
1322 1423 148 39 moins
1489 1430 158 36 nettes,
1674 1421 38 52 je
1736 1419 209 42 souhaite
1968 1421 54 40 de
2047 1430 95 32 tout

123 1508 120 26 cœur
261 1506 85 39 que
367 1506 47 26 ce
437 1493 85 39 soit
543 1493 88 38 moi
658 1493 74 50 qui
758 1505 70 26 me
851 1500 189 43 trompe,
1063 1500 41 31 et
1136 1504 90 27 non
1251 1504 79 38 pas
1355 1490 83 48 lui;
1465 1492 114 37 mais
1600 1499 228 31 comment
1851 1503 55 26 ne
1927 1503 81 39 pas
2045 1490 96 40 dire

123 1562 286 51 simplement
425 1574 47 27 ce
492 1560 136 53 qu'on
645 1575 21 25 a
690 1561 202 48 ressenti,
908 1559 151 52 quand
1077 1573 56 26 on
1151 1559 121 52 parle
1287 1559 25 40 d
1333 1574 60 25 un
1412 1563 157 36 maître
1590 1573 175 26 comme
1781 1557 63 42 M.
1869 1558 173 54 d'lndy,
2064 1561 76 51 qui

120 1639 66 31 est
203 1630 40 40 la
262 1630 204 40 sincérité
489 1633 144 36 même
652 1633 16 36 ?
690 1628 49 54 Je
759 1642 258 27 commence
1038 1643 80 38 par
1140 1629 94 39 dire
1256 1641 85 39 que
1363 1641 82 27 son
1476 1642 154 27 œuvre
1663 1642 21 25 a
1710 1633 68 36 été
1814 1630 226 39 vivement
2067 1643 50 38 ap-

120 1699 195 52 plaudie,
411 1698 100 52 plus
533 1698 239 52 applaudie
797 1711 85 38 que
896 1711 54 26 ne
974 1697 38 40 le
1030 1706 100 32 sont
1153 1696 262 41 d'habitude
1439 1697 64 40 les
1527 1698 326 52 compositions
1877 1698 54 39 de
1950 1696 191 42 l'auteur

120 1767 54 40 de
207 1766 182 40 Fervaal
412 1775 40 31 et
476 1766 53 40 de
560 1764 268 56 l'Etranger.
852 1765 63 41 Le
954 1765 151 53 public
1128 1780 22 26 a
1176 1770 68 36 été
1264 1765 285 41 visiblement
1575 1766 176 49 touché,
1779 1768 234 45 intéressé,
2039 1776 41 32 et
2117 1782 22 25 a

120 1849 52 26 eu
194 1836 299 52 l'impression
514 1835 25 39 d
560 1848 85 27 une
666 1835 134 40 chose
819 1835 54 39 de
887 1841 86 34 très
997 1835 172 51 grande
1187 1835 169 40 valeur.
1381 1834 113 41 Rien
1520 1834 111 42 n'est
1656 1836 100 52 plus
1774 1836 216 50 légitime.
2013 1835 128 42 Cette

122 1902 278 54 Symphonie
421 1912 66 31 est
503 1917 54 26 en
580 1903 163 40 dehors
765 1904 54 39 de
850 1912 145 31 toutes
1040 1904 61 39 les
1125 1903 223 40 banalités
1385 1903 53 40 de
1463 1904 9 39 1
1494 1914 65 30 art
1586 1905 188 39 musical
1793 1917 7 31 ;
1825 1905 84 40 elle
1934 1910 206 47 apparaît

119 1986 173 29 comme
314 1987 59 24 un
394 1972 162 40 monde
579 1973 54 38 de
652 1972 204 53 possibles
880 1979 56 34 où
951 1986 45 26 se
1011 1973 100 52 joue
1127 1986 87 27 une
1233 1972 157 41 liberté
1414 1973 171 40 adroite
1608 1982 41 31 et
1665 1983 200 31 savante.
1890 1973 63 41 Ce
1974 1975 163 51 qu'elle

120 2041 93 39 ade
236 2041 100 51 plus
359 2045 230 45 étonnant,
616 2041 103 40 c'est
743 2041 39 40 la
812 2041 183 40 couleur
1014 2042 54 39 de
1088 2042 273 46 l'orchestre,
1388 2044 75 50 qui
1497 2051 65 31 est
1609 2044 205 51 toujours
1842 2044 233 52 imprévue
2098 2054 41 30 et

121 2123 110 26 rare.
258 2108 62 41 Le
343 2111 280 50 contrepoint
646 2124 26 37 y
705 2108 79 41 fait
809 2110 226 40 merveille
1058 2125 8 33 ;
1090 2115 20 35 à
1134 2110 38 40 la
1200 2109 76 49 fin,
1305 2124 47 26 se
1384 2121 156 30 trouve
1569 2125 87 26 une
1688 2111 139 51 fugue
1862 2113 268 46 admirable,

120 2190 131 39 parce
272 2190 84 39 que
376 2183 87 34 très
484 2178 237 52 mélodique
737 2191 22 26 z
766 2187 11 31 t
801 2178 235 53 expressive
1046 2213 5 5 .
1072 2178 292 41 L'harmonie
1375 2193 55 26 en
1447 2189 66 31 est
1536 2179 167 41 subtile
1720 2190 40 31 et
1776 2182 208 40 nouvelle
1998 2194 8 38 ;
2023 2196 116 38 pour

120 2248 136 38 écrire
276 2259 80 27 son
377 2251 173 47 poème,
574 2244 60 41 M.
661 2246 24 39 d
708 2246 108 52 Indy
852 2246 170 41 semble
1056 2249 123 39 avoir
1203 2248 163 52 adopté
1390 2262 86 26 une
1508 2249 196 41 division
1726 2250 53 40 de
1813 2250 38 40 la
1877 2265 182 36 gamme
2083 2265 54 26 en

120 2334 62 38 six
200 2334 163 50 parties
380 2333 150 50 égales
551 2348 6 23 :

1322 2349 47 27 ce
1399 2338 75 50 qui
1501 2347 172 42 permet
1704 2337 62 40 les
1800 2337 339 43 combinaisons

118 2437 62 41 les
204 2438 100 52 plus
323 2440 302 48 ingénieuses,
651 2439 92 40 loin
766 2440 77 39 des
867 2442 187 39 sentiers
1078 2441 166 41 battus.
1266 2442 124 41 Voici
1416 2443 325 52 cependantles
1765 2446 150 51 points
1933 2446 54 39 de
2011 2448 108 38 résis-

120 2515 124 31 tance
268 2507 104 51 qu'il
392 2521 27 37 y
442 2521 21 24 a
489 2521 52 26 eu
566 2507 102 40 chez
694 2510 106 42 moi,
831 2522 54 26 en
910 2509 165 40 dehors
1106 2511 55 39 de
1182 2519 121 32 toute
1328 2514 185 49 opinion
1553 2518 249 46 préconçue
1840 2524 41 30 et
1915 2519 146 36 même
2084 2516 55 40 de

118 2575 355 40 considérations
497 2576 260 52 techniques
776 2587 165 31 venant
960 2582 139 47 gêner
1121 2579 253 41 l'auditeur.
1414 2579 204 43 L'œuvre
1652 2582 141 40 abuse
1821 2585 224 40 vraiment
2083 2585 53 40 de

117 2643 38 40 la
181 2644 281 49 dissonance,
489 2653 40 31 et
562 2645 107 49 cela,
692 2646 72 39 dès
781 2645 36 39 le
839 2646 137 40 début.
1003 2647 36 39 A
1058 2649 130 50 peine
1206 2648 62 40 les
1292 2651 218 49 premiers
1532 2660 118 31 mots
1675 2652 53 39 de
1754 2652 38 39 la
1820 2655 318 39 conversation

119 2712 157 39 ont-ils
300 2717 67 34 été
389 2717 214 46 engagés,
623 2722 40 31 et
687 2714 116 40 voilà
830 2728 82 27 nos
936 2729 113 37 gens
1066 2730 53 26 en
1139 2718 197 50 querelle
1351 2721 6 37 !
1379 2718 35 40 C
1434 2728 65 31 est
1523 2734 59 25 un
1607 2734 85 38 peu
1718 2730 98 43 trop
1837 2725 61 37 tôt
1917 2736 115 38 pour
2051 2737 87 26 une

118 2784 149 36 entrée
283 2780 53 40 de
356 2782 85 50 jeu.
461 2780 55 40 Et
539 2795 46 26 ce
605 2796 53 26 ne
677 2791 99 31 sont
800 2797 80 38 pas
904 2784 247 41 seulement
1190 2786 78 39 des
1305 2788 182 40 accords
1526 2788 228 42 différents
1779 2805 86 38 que
1890 2805 248 39 superpose

118 2861 85 27 une
226 2855 240 45 passagère
489 2859 230 31 rencontre
746 2866 7 33 ;
779 2865 47 26 ce
859 2862 101 30 sont
984 2853 63 40 les
1070 2856 166 49 parties
1254 2857 190 40 entières
1471 2859 75 50 qui
1590 2858 221 42 semblent
1850 2874 46 26 se
1930 2863 209 39 mouvoir

118 2930 104 26 avec
243 2930 85 26 une
353 2917 138 41 allure
515 2920 243 48 agressive,
779 2920 113 40 dans
915 2921 78 40 des
1017 2923 209 40 tonalités
1259 2924 275 42 différentes.
1562 2925 62 42 M.
1661 2926 159 55 d'lndy
1857 2944 21 24 a
1920 2932 105 38 écrit
2049 2944 88 27 une

117 2996 19 25 u
192 2982 279 54 Symphonie
517 2998 37 34 »,
704 3001 86 26 une
832 2989 332 52 indépendante
1212 3001 40 31 et
1306 2991 106 42 fière
1456 2993 296 54 Symphonie,
1799 3006 41 31 et
1884 2999 252 51 cependant

120 3065 45 26 sa
196 3054 209 50 musique
459 3067 70 26 me
586 3060 144 46 paraît
776 3060 90 37 être
921 3067 175 32 surtout
1148 3060 301 53 dramatique,
1489 3066 296 50 pittoresque,
1847 3066 287 54 descriptive,

117 3121 218 39 morcelée
371 3134 54 27 en
451 3124 158 49 petites
643 3123 150 40 taches
823 3125 52 39 de
919 3126 184 40 couleur
1127 3133 87 35 très
1238 3127 88 42 fine
1368 3139 41 31 et
1444 3137 87 34 très
1576 3135 277 49 suggestive,
1899 3137 237 50 soulignée

115 3188 25 39 cl
160 3191 281 50 oppositions
491 3193 91 49 qui,
640 3194 85 39 soit
787 3208 80 37 par
915 3194 38 40 le
997 3194 179 51 timbre,
1233 3200 86 38 soit
1358 3213 81 38 par
1479 3200 38 40 le
1559 3201 171 52 dessin,
1789 3208 227 49 évoquent
2057 3208 77 39 des

117 3258 238 39 situations
405 3259 54 39 de
505 3260 185 47 théâtre,
734 3261 55 41 de
843 3267 286 47 pénétrantes
1183 3267 210 53 analyses
1448 3269 54 40 de
1539 3273 243 40 sentiment
1851 3274 78 40 des
1978 3275 156 41 décors

117 3323 309 54 fantastiques,
469 3328 77 40 des
592 3330 172 50 images
806 3331 53 40 de
915 3332 176 41 ballade
1131 3335 269 42 allemande.
1430 3337 125 41 Voici
1581 3342 76 49 qui
1694 3351 66 31 est
1785 3347 224 47 peut-être
2033 3345 102 52 plus

116 3407 150 36 grave.
294 3393 61 41 La
387 3399 302 39 construction
710 3398 276 43 d'ensemble
1009 3411 65 32 est
1098 3416 84 38 peu
1212 3413 134 39 nette,
1364 3408 113 39 ainsi
1498 3422 85 37 que
1618 3409 38 39 le
1676 3410 373 54 développement
2074 3415 42 40 lo-

116 3475 136 38 gique
265 3462 76 40 des
365 3464 135 40 idées.
524 3464 35 40 L
579 3475 158 31 auteur
758 3473 143 45 paraît
925 3485 60 24 un
1006 3484 85 38 peu
1115 3473 175 40 esclave
1307 3474 53 40 de
1385 3488 70 27 ses
1478 3477 189 41 thèmes.
1686 3478 50 54 Je
1755 3479 380 45 m'abandoiînais

117 3530 343 52 complètement
484 3537 20 35 à
531 3534 59 39 lui
612 3544 40 30 et
676 3549 53 26 ne
762 3537 265 42 demandais
1048 3554 58 38 qu
1127 3545 21 35 à
1184 3555 70 27 me
1274 3542 159 42 laisser
1455 3546 214 41 conduire
1692 3562 81 38 par
1812 3549 58 40 lui
1896 3566 6 24 :
1929 3554 19 36 à
1975 3551 53 41 de
2046 3566 88 27 cer-
