<?xml version="1.0" encoding="UTF-8"?>
<alto xmlns:xsi="http://www.w3.org/2001/XMLSchema-instance" xmlns="http://www.loc.gov/standards/alto/ns-v2#" xsi:schemaLocation="http://www.loc.gov/standards/alto/ns-v2# http://www.loc.gov/standards/alto/alto-v2.0.xsd" xmlns:xlink="http://www.w3.org/1999/xlink">
	<Description>
		<MeasurementUnit>mm10</MeasurementUnit>
		<sourceImageInformation>
			<fileName>//fileserver7/IN2-2/Princeton/bmtnabj/1904/11/15_01/00000563.tif</fileName>
		</sourceImageInformation>
		<OCRProcessing ID="OCRPROCESSING_1">
			<preProcessingStep>
				<processingSoftware>
					<softwareCreator>CCS Content Conversion Specialists GmbH, Germany</softwareCreator>
					<softwareName>CCS docWorks</softwareName>
					<softwareVersion>6.7-1.20</softwareVersion>
				</processingSoftware>
			</preProcessingStep>
			<ocrProcessingStep>
				<processingSoftware>
					<softwareCreator>ABBYY (BIT Software), Russia</softwareCreator>
					<softwareName>FineReader</softwareName>
					<softwareVersion>10.0</softwareVersion>
				</processingSoftware>
			</ocrProcessingStep>
		</OCRProcessing>
	</Description>
	<Styles>
		<TextStyle ID="TXT_0" FONTSIZE="11" FONTFAMILY="Times New Roman"/>
		<TextStyle ID="TXT_1" FONTSIZE="17" FONTFAMILY="Times New Roman"/>
		<TextStyle ID="TXT_2" FONTSIZE="14" FONTFAMILY="Times New Roman"/>
		<TextStyle ID="TXT_3" FONTSIZE="14" FONTFAMILY="Times New Roman" FONTSTYLE="italics"/>
		<ParagraphStyle ID="PAR_CENTER" ALIGN="Center"/>
		<ParagraphStyle ID="PAR_RIGHT" ALIGN="Right"/>
		<ParagraphStyle ID="PAR_BLOCK" ALIGN="Block"/>
	</Styles>
	<Layout>
		<Page ID="P11" PHYSICAL_IMG_NR="11" HEIGHT="3830" WIDTH="2237" PRINTED_IMG_NR="547" PC="0.930">
			<TopMargin ID="P11_TM00001" HPOS="0" VPOS="0" WIDTH="2237" HEIGHT="274">
				<TextBlock ID="P11_TB00001" HPOS="782" VPOS="221" WIDTH="699" HEIGHT="35" STYLEREFS="TXT_0 PAR_CENTER">
					<TextLine ID="P11_TL00001" HPOS="782" VPOS="221" WIDTH="699" HEIGHT="35">
						<String ID="P11_ST00001" HPOS="782" VPOS="228" WIDTH="51" HEIGHT="24" CONTENT="LE" WC="0.79" CC="40"/>
						<SP ID="P11_SP00001" HPOS="833" VPOS="252" WIDTH="34"/>
						<String ID="P11_ST00002" HPOS="867" VPOS="228" WIDTH="146" HEIGHT="26" CONTENT="CHANT" WC="0.98" CC="16013"/>
						<SP ID="P11_SP00002" HPOS="1013" VPOS="254" WIDTH="33"/>
						<String ID="P11_ST00003" HPOS="1046" VPOS="229" WIDTH="53" HEIGHT="25" CONTENT="ET" WC="0.77" CC="04"/>
						<SP ID="P11_SP00003" HPOS="1099" VPOS="254" WIDTH="34"/>
						<String ID="P11_ST00004" HPOS="1133" VPOS="229" WIDTH="77" HEIGHT="26" CONTENT="LES" WC="1.00" CC="001"/>
						<SP ID="P11_SP00004" HPOS="1210" VPOS="255" WIDTH="33"/>
						<String ID="P11_ST00005" HPOS="1243" VPOS="221" WIDTH="238" HEIGHT="35" CONTENT="MÉTHODES" WC="0.99" CC="64050000"/>
						<SP ID="P11_SP00005" HPOS="1481" VPOS="256" WIDTH="0"/>
					</TextLine>
				</TextBlock>
				<TextBlock ID="P11_TB00002" HPOS="2065" VPOS="229" WIDTH="77" HEIGHT="42" STYLEREFS="TXT_1 PAR_RIGHT">
					<TextLine ID="P11_TL00002" HPOS="2065" VPOS="229" WIDTH="77" HEIGHT="42">
						<String ID="P11_ST00006" HPOS="2065" VPOS="229" WIDTH="77" HEIGHT="42" CONTENT="547" WC="1.00" CC="000"/>
					</TextLine>
				</TextBlock>
			</TopMargin>
			<LeftMargin ID="P11_LM00001" HPOS="0" VPOS="274" WIDTH="105" HEIGHT="3328"/>
			<RightMargin ID="P11_RM00001" HPOS="2144" VPOS="274" WIDTH="93" HEIGHT="3328"/>
			<BottomMargin ID="P11_BM00001" HPOS="0" VPOS="3602" WIDTH="2237" HEIGHT="228"/>
			<PrintSpace ID="P11_PS00001" HPOS="105" VPOS="274" WIDTH="2039" HEIGHT="3328">
				<TextBlock ID="P11_TB00003" HPOS="105" VPOS="315" WIDTH="2039" HEIGHT="3287" STYLEREFS="TXT_2 PAR_BLOCK">
					<TextLine ID="P11_TL00003" HPOS="120" VPOS="315" WIDTH="2019" HEIGHT="59">
						<String ID="P11_ST00007" HPOS="120" VPOS="316" WIDTH="152" HEIGHT="39" CONTENT="raison" WC="0.99" CC="030106"/>
						<SP ID="P11_SP00006" HPOS="272" VPOS="355" WIDTH="25"/>
						<String ID="P11_ST00008" HPOS="297" VPOS="329" WIDTH="85" HEIGHT="39" CONTENT="que" WC="1.00" CC="000"/>
						<SP ID="P11_SP00007" HPOS="382" VPOS="368" WIDTH="18"/>
						<String ID="P11_ST00009" HPOS="400" VPOS="316" WIDTH="39" HEIGHT="40" CONTENT="la" WC="0.42" CC="55"/>
						<SP ID="P11_SP00008" HPOS="439" VPOS="368" WIDTH="16"/>
						<String ID="P11_ST00010" HPOS="455" VPOS="315" WIDTH="192" HEIGHT="52" CONTENT="bouche," WC="1.00" CC="3000004"/>
						<SP ID="P11_SP00009" HPOS="647" VPOS="368" WIDTH="14"/>
						<String ID="P11_ST00011" HPOS="661" VPOS="326" WIDTH="97" HEIGHT="44" CONTENT="trop" WC="0.97" CC="2505"/>
						<SP ID="P11_SP00010" HPOS="758" VPOS="370" WIDTH="19"/>
						<String ID="P11_ST00012" HPOS="777" VPOS="320" WIDTH="135" HEIGHT="50" CONTENT="petite" WC="0.99" CC="003240"/>
						<SP ID="P11_SP00011" HPOS="912" VPOS="370" WIDTH="17"/>
						<String ID="P11_ST00013" HPOS="929" VPOS="332" WIDTH="56" HEIGHT="27" CONTENT="ou" WC="1.00" CC="00"/>
						<SP ID="P11_SP00012" HPOS="985" VPOS="370" WIDTH="17"/>
						<String ID="P11_ST00014" HPOS="1002" VPOS="328" WIDTH="96" HEIGHT="44" CONTENT="trop" WC="0.98" CC="6010"/>
						<SP ID="P11_SP00013" HPOS="1098" VPOS="372" WIDTH="19"/>
						<String ID="P11_ST00015" HPOS="1117" VPOS="320" WIDTH="152" HEIGHT="47" CONTENT="ronde," WC="0.99" CC="004004"/>
						<SP ID="P11_SP00014" HPOS="1269" VPOS="372" WIDTH="24"/>
						<String ID="P11_ST00016" HPOS="1293" VPOS="319" WIDTH="234" HEIGHT="42" CONTENT="contribue" WC="1.00" CC="000003050"/>
						<SP ID="P11_SP00015" HPOS="1527" VPOS="372" WIDTH="25"/>
						<String ID="P11_ST00017" HPOS="1552" VPOS="325" WIDTH="21" HEIGHT="35" CONTENT="à" WC="0.40" CC="5"/>
						<SP ID="P11_SP00016" HPOS="1573" VPOS="372" WIDTH="24"/>
						<String ID="P11_ST00018" HPOS="1597" VPOS="320" WIDTH="188" HEIGHT="41" CONTENT="étouffer" WC="1.00" CC="50000000"/>
						<SP ID="P11_SP00017" HPOS="1785" VPOS="372" WIDTH="19"/>
						<String ID="P11_ST00019" HPOS="1804" VPOS="320" WIDTH="63" HEIGHT="40" CONTENT="les" WC="0.99" CC="200"/>
						<SP ID="P11_SP00018" HPOS="1867" VPOS="372" WIDTH="18"/>
						<String ID="P11_ST00020" HPOS="1885" VPOS="334" WIDTH="106" HEIGHT="28" CONTENT="sons" WC="0.99" CC="0050"/>
						<SP ID="P11_SP00019" HPOS="1991" VPOS="372" WIDTH="17"/>
						<String ID="P11_ST00021" HPOS="2008" VPOS="336" WIDTH="9" HEIGHT="33" CONTENT=";" WC="0.42" CC="5"/>
						<SP ID="P11_SP00020" HPOS="2017" VPOS="372" WIDTH="22"/>
						<String ID="P11_ST00022" HPOS="2039" VPOS="336" WIDTH="100" HEIGHT="38" CONTENT="que," WC="0.98" CC="0403"/>
					</TextLine>
					<TextLine ID="P11_TL00004" HPOS="118" VPOS="386" WIDTH="2026" HEIGHT="56">
						<String ID="P11_ST00023" HPOS="118" VPOS="392" WIDTH="98" HEIGHT="44" CONTENT="trop" WC="1.00" CC="0000"/>
						<SP ID="P11_SP00021" HPOS="216" VPOS="436" WIDTH="23"/>
						<String ID="P11_ST00024" HPOS="239" VPOS="394" WIDTH="198" HEIGHT="40" CONTENT="ouverte," WC="1.00" CC="00400003"/>
						<SP ID="P11_SP00022" HPOS="437" VPOS="436" WIDTH="25"/>
						<String ID="P11_ST00025" HPOS="462" VPOS="386" WIDTH="84" HEIGHT="40" CONTENT="elle" WC="0.98" CC="0340"/>
						<SP ID="P11_SP00023" HPOS="546" VPOS="436" WIDTH="22"/>
						<String ID="P11_ST00026" HPOS="568" VPOS="389" WIDTH="116" HEIGHT="47" CONTENT="gêne" WC="0.96" CC="7530"/>
						<SP ID="P11_SP00024" HPOS="684" VPOS="436" WIDTH="20"/>
						<String ID="P11_ST00027" HPOS="704" VPOS="386" WIDTH="39" HEIGHT="40" CONTENT="la" WC="0.72" CC="50"/>
						<SP ID="P11_SP00025" HPOS="743" VPOS="436" WIDTH="21"/>
						<String ID="P11_ST00028" HPOS="764" VPOS="387" WIDTH="165" HEIGHT="50" CONTENT="glande" WC="0.99" CC="940000"/>
						<SP ID="P11_SP00026" HPOS="929" VPOS="437" WIDTH="14"/>
						<String ID="P11_ST00029" HPOS="943" VPOS="388" WIDTH="204" HEIGHT="52" CONTENT="thyroïde" WC="0.99" CC="43500040"/>
						<SP ID="P11_SP00027" HPOS="1147" VPOS="440" WIDTH="20"/>
						<String ID="P11_ST00030" HPOS="1167" VPOS="387" WIDTH="214" HEIGHT="55" CONTENT="(textuel)." WC="0.99" CC="6305670050"/>
						<SP ID="P11_SP00028" HPOS="1381" VPOS="442" WIDTH="26"/>
						<String ID="P11_ST00031" HPOS="1407" VPOS="389" WIDTH="69" HEIGHT="40" CONTENT="En" WC="0.65" CC="07"/>
						<SP ID="P11_SP00029" HPOS="1476" VPOS="442" WIDTH="24"/>
						<String ID="P11_ST00032" HPOS="1500" VPOS="391" WIDTH="187" HEIGHT="51" CONTENT="rejetant" WC="0.99" CC="00200064"/>
						<SP ID="P11_SP00030" HPOS="1687" VPOS="442" WIDTH="24"/>
						<String ID="P11_ST00033" HPOS="1711" VPOS="389" WIDTH="64" HEIGHT="40" CONTENT="les" WC="1.00" CC="100"/>
						<SP ID="P11_SP00031" HPOS="1775" VPOS="442" WIDTH="21"/>
						<String ID="P11_ST00034" HPOS="1796" VPOS="398" WIDTH="116" HEIGHT="31" CONTENT="mots" WC="0.99" CC="2010"/>
						<SP ID="P11_SP00032" HPOS="1912" VPOS="442" WIDTH="21"/>
						<String ID="P11_ST00035" HPOS="1933" VPOS="389" WIDTH="190" HEIGHT="42" CONTENT="scientifi" SUBS_TYPE="HypPart1" SUBS_CONTENT="scientifiquement" WC="0.99" CC="000002066"/>
						<HYP HPOS="2123" VPOS="389" WIDTH="21" CONTENT="-"/>
					</TextLine>
					<TextLine ID="P11_TL00005" HPOS="119" VPOS="453" WIDTH="2025" HEIGHT="58">
						<String ID="P11_ST00036" HPOS="119" VPOS="462" WIDTH="213" HEIGHT="43" CONTENT="quement" SUBS_TYPE="HypPart2" SUBS_CONTENT="scientifiquement" WC="0.99" CC="0600003"/>
						<SP ID="P11_SP00033" HPOS="332" VPOS="505" WIDTH="24"/>
						<String ID="P11_ST00037" HPOS="356" VPOS="453" WIDTH="121" HEIGHT="50" CONTENT="faux," WC="0.98" CC="00543"/>
						<SP ID="P11_SP00034" HPOS="477" VPOS="505" WIDTH="25"/>
						<String ID="P11_ST00038" HPOS="502" VPOS="468" WIDTH="57" HEIGHT="26" CONTENT="on" WC="0.69" CC="06"/>
						<SP ID="P11_SP00035" HPOS="559" VPOS="505" WIDTH="22"/>
						<String ID="P11_ST00039" HPOS="581" VPOS="457" WIDTH="243" HEIGHT="40" CONTENT="trouverait" WC="1.00" CC="0000500005"/>
						<SP ID="P11_SP00036" HPOS="824" VPOS="505" WIDTH="32"/>
						<String ID="P11_ST00040" HPOS="856" VPOS="461" WIDTH="219" HEIGHT="47" CONTENT="peut-être" WC="1.00" CC="000046000"/>
						<SP ID="P11_SP00037" HPOS="1075" VPOS="508" WIDTH="25"/>
						<String ID="P11_ST00041" HPOS="1100" VPOS="457" WIDTH="77" HEIGHT="40" CONTENT="des" WC="1.00" CC="000"/>
						<SP ID="P11_SP00038" HPOS="1177" VPOS="508" WIDTH="23"/>
						<String ID="P11_ST00042" HPOS="1200" VPOS="457" WIDTH="103" HEIGHT="41" CONTENT="faits" WC="0.99" CC="00340"/>
						<SP ID="P11_SP00039" HPOS="1303" VPOS="508" WIDTH="26"/>
						<String ID="P11_ST00043" HPOS="1329" VPOS="459" WIDTH="154" HEIGHT="52" CONTENT="justes," WC="1.00" CC="1000004"/>
						<SP ID="P11_SP00040" HPOS="1483" VPOS="511" WIDTH="34"/>
						<String ID="P11_ST00044" HPOS="1517" VPOS="460" WIDTH="112" HEIGHT="39" CONTENT="mais" WC="0.99" CC="0030"/>
						<SP ID="P11_SP00041" HPOS="1629" VPOS="511" WIDTH="34"/>
						<String ID="P11_ST00045" HPOS="1663" VPOS="459" WIDTH="87" HEIGHT="39" CONTENT="mal" WC="1.00" CC="000"/>
						<SP ID="P11_SP00042" HPOS="1750" VPOS="511" WIDTH="23"/>
						<String ID="P11_ST00046" HPOS="1773" VPOS="460" WIDTH="222" HEIGHT="50" CONTENT="exprimés" WC="1.00" CC="00000060"/>
						<SP ID="P11_SP00043" HPOS="1995" VPOS="511" WIDTH="36"/>
						<String ID="P11_ST00047" HPOS="2031" VPOS="459" WIDTH="113" HEIGHT="40" CONTENT="dans" WC="0.98" CC="0070"/>
					</TextLine>
					<TextLine ID="P11_TL00006" HPOS="118" VPOS="522" WIDTH="2026" HEIGHT="60">
						<String ID="P11_ST00048" HPOS="118" VPOS="530" WIDTH="110" HEIGHT="32" CONTENT="cette" WC="0.99" CC="00500"/>
						<SP ID="P11_SP00044" HPOS="228" VPOS="562" WIDTH="24"/>
						<String ID="P11_ST00049" HPOS="252" VPOS="522" WIDTH="187" HEIGHT="40" CONTENT="théorie." WC="1.00" CC="60000400"/>
						<SP ID="P11_SP00045" HPOS="439" VPOS="562" WIDTH="21"/>
						<String ID="P11_ST00050" HPOS="460" VPOS="522" WIDTH="127" HEIGHT="41" CONTENT="Cette" WC="0.99" CC="00250"/>
						<SP ID="P11_SP00046" HPOS="587" VPOS="563" WIDTH="23"/>
						<String ID="P11_ST00051" HPOS="610" VPOS="524" WIDTH="213" HEIGHT="39" CONTENT="méthode" WC="1.00" CC="0000000"/>
						<SP ID="P11_SP00047" HPOS="823" VPOS="563" WIDTH="21"/>
						<String ID="P11_ST00052" HPOS="844" VPOS="530" WIDTH="230" HEIGHT="35" CONTENT="reconnaît" WC="1.00" CC="000000010"/>
						<SP ID="P11_SP00048" HPOS="1074" VPOS="565" WIDTH="25"/>
						<String ID="P11_ST00053" HPOS="1099" VPOS="527" WIDTH="108" HEIGHT="39" CONTENT="trois" WC="0.99" CC="60030"/>
						<SP ID="P11_SP00049" HPOS="1207" VPOS="566" WIDTH="16"/>
						<String ID="P11_ST00054" HPOS="1223" VPOS="540" WIDTH="163" HEIGHT="37" CONTENT="genres" WC="0.99" CC="070000"/>
						<SP ID="P11_SP00050" HPOS="1386" VPOS="577" WIDTH="17"/>
						<String ID="P11_ST00055" HPOS="1403" VPOS="527" WIDTH="53" HEIGHT="40" CONTENT="de" WC="1.00" CC="00"/>
						<SP ID="P11_SP00051" HPOS="1456" VPOS="577" WIDTH="19"/>
						<String ID="P11_ST00056" HPOS="1475" VPOS="529" WIDTH="100" HEIGHT="38" CONTENT="voix" WC="0.99" CC="0030"/>
						<SP ID="P11_SP00052" HPOS="1575" VPOS="577" WIDTH="18"/>
						<String ID="P11_ST00057" HPOS="1593" VPOS="542" WIDTH="80" HEIGHT="37" CONTENT="par" WC="1.00" CC="000"/>
						<SP ID="P11_SP00053" HPOS="1673" VPOS="579" WIDTH="18"/>
						<String ID="P11_ST00058" HPOS="1691" VPOS="535" WIDTH="214" HEIGHT="47" CONTENT="personne" WC="0.98" CC="52462415" STYLEREFS="TXT_3"/>
						<SP ID="P11_SP00054" HPOS="1905" VPOS="582" WIDTH="23"/>
						<String ID="P11_ST00059" HPOS="1928" VPOS="528" WIDTH="189" HEIGHT="49" CONTENT="(évidem" SUBS_TYPE="HypPart1" SUBS_CONTENT="(évidemmant" WC="0.86" CC="0007000"/>
						<HYP HPOS="2117" VPOS="528" WIDTH="27" CONTENT="-"/>
					</TextLine>
					<TextLine ID="P11_TL00007" HPOS="117" VPOS="593" WIDTH="2025" HEIGHT="56">
						<String ID="P11_ST00060" HPOS="117" VPOS="598" WIDTH="124" HEIGHT="31" CONTENT="mant" SUBS_TYPE="HypPart2" SUBS_CONTENT="(évidemmant" WC="0.86" CC="0005"/>
						<SP ID="P11_SP00055" HPOS="241" VPOS="629" WIDTH="29"/>
						<String ID="P11_ST00061" HPOS="270" VPOS="596" WIDTH="107" HEIGHT="33" CONTENT="trois" WC="0.98" CC="31033" STYLEREFS="TXT_3"/>
						<SP ID="P11_SP00056" HPOS="377" VPOS="629" WIDTH="30"/>
						<String ID="P11_ST00062" HPOS="407" VPOS="597" WIDTH="232" HEIGHT="46" CONTENT="registres:" WC="0.99" CC="5864030056" STYLEREFS="TXT_3"/>
						<SP ID="P11_SP00057" HPOS="639" VPOS="643" WIDTH="38"/>
						<String ID="P11_ST00063" HPOS="677" VPOS="594" WIDTH="210" HEIGHT="49" CONTENT="poitrine," WC="0.99" CC="004504004"/>
						<SP ID="P11_SP00058" HPOS="887" VPOS="643" WIDTH="38"/>
						<String ID="P11_ST00064" HPOS="925" VPOS="595" WIDTH="154" HEIGHT="48" CONTENT="gosier" WC="1.00" CC="000300"/>
						<SP ID="P11_SP00059" HPOS="1079" VPOS="643" WIDTH="33"/>
						<String ID="P11_ST00065" HPOS="1112" VPOS="603" WIDTH="42" HEIGHT="32" CONTENT="et" WC="0.84" CC="03"/>
						<SP ID="P11_SP00060" HPOS="1154" VPOS="643" WIDTH="33"/>
						<String ID="P11_ST00066" HPOS="1187" VPOS="593" WIDTH="130" HEIGHT="54" CONTENT="tête);" WC="0.99" CC="453000"/>
						<SP ID="P11_SP00061" HPOS="1317" VPOS="647" WIDTH="28"/>
						<String ID="P11_ST00067" HPOS="1345" VPOS="605" WIDTH="41" HEIGHT="31" CONTENT="et" WC="1.00" CC="00"/>
						<SP ID="P11_SP00062" HPOS="1386" VPOS="647" WIDTH="32"/>
						<String ID="P11_ST00068" HPOS="1418" VPOS="609" WIDTH="130" HEIGHT="35" CONTENT="nous," WC="1.00" CC="00003"/>
						<SP ID="P11_SP00063" HPOS="1548" VPOS="647" WIDTH="49"/>
						<String ID="P11_ST00069" HPOS="1597" VPOS="596" WIDTH="63" HEIGHT="40" CONTENT="les" WC="0.99" CC="300"/>
						<SP ID="P11_SP00064" HPOS="1660" VPOS="647" WIDTH="29"/>
						<String ID="P11_ST00070" HPOS="1689" VPOS="597" WIDTH="254" HEIGHT="48" CONTENT="modernes," WC="1.00" CC="000001004"/>
						<SP ID="P11_SP00065" HPOS="1943" VPOS="647" WIDTH="39"/>
						<String ID="P11_ST00071" HPOS="1982" VPOS="598" WIDTH="74" HEIGHT="51" CONTENT="qui" WC="0.97" CC="025"/>
						<SP ID="P11_SP00066" HPOS="2056" VPOS="649" WIDTH="32"/>
						<String ID="P11_ST00072" HPOS="2088" VPOS="610" WIDTH="54" HEIGHT="26" CONTENT="ne" WC="0.72" CC="50"/>
					</TextLine>
					<TextLine ID="P11_TL00008" HPOS="118" VPOS="663" WIDTH="2024" HEIGHT="53">
						<String ID="P11_ST00073" HPOS="118" VPOS="671" WIDTH="197" HEIGHT="28" CONTENT="sommes" WC="1.00" CC="000000"/>
						<SP ID="P11_SP00067" HPOS="315" VPOS="699" WIDTH="40"/>
						<String ID="P11_ST00074" HPOS="355" VPOS="672" WIDTH="82" HEIGHT="38" CONTENT="pas" WC="1.00" CC="000"/>
						<SP ID="P11_SP00068" HPOS="437" VPOS="710" WIDTH="38"/>
						<String ID="P11_ST00075" HPOS="475" VPOS="668" WIDTH="207" HEIGHT="32" CONTENT="contents" WC="1.00" CC="00060020"/>
						<SP ID="P11_SP00069" HPOS="682" VPOS="710" WIDTH="33"/>
						<String ID="P11_ST00076" HPOS="715" VPOS="675" WIDTH="131" HEIGHT="37" CONTENT="parce" WC="1.00" CC="00000"/>
						<SP ID="P11_SP00070" HPOS="846" VPOS="712" WIDTH="24"/>
						<String ID="P11_ST00077" HPOS="870" VPOS="676" WIDTH="86" HEIGHT="37" CONTENT="que" WC="0.98" CC="050"/>
						<SP ID="P11_SP00071" HPOS="956" VPOS="713" WIDTH="36"/>
						<String ID="P11_ST00078" HPOS="992" VPOS="663" WIDTH="40" HEIGHT="40" CONTENT="la" WC="0.71" CC="50"/>
						<SP ID="P11_SP00072" HPOS="1032" VPOS="713" WIDTH="23"/>
						<String ID="P11_ST00079" HPOS="1055" VPOS="665" WIDTH="101" HEIGHT="38" CONTENT="voix" WC="1.00" CC="0000"/>
						<SP ID="P11_SP00073" HPOS="1156" VPOS="713" WIDTH="32"/>
						<String ID="P11_ST00080" HPOS="1188" VPOS="664" WIDTH="225" HEIGHT="52" CONTENT="glottique" WC="0.91" CC="040004000"/>
						<SP ID="P11_SP00074" HPOS="1413" VPOS="716" WIDTH="20"/>
						<String ID="P11_ST00081" HPOS="1433" VPOS="665" WIDTH="70" HEIGHT="39" CONTENT="n'a" WC="0.96" CC="540"/>
						<SP ID="P11_SP00075" HPOS="1503" VPOS="716" WIDTH="26"/>
						<String ID="P11_ST00082" HPOS="1529" VPOS="678" WIDTH="80" HEIGHT="38" CONTENT="pas" WC="1.00" CC="000"/>
						<SP ID="P11_SP00076" HPOS="1609" VPOS="716" WIDTH="21"/>
						<String ID="P11_ST00083" HPOS="1630" VPOS="665" WIDTH="62" HEIGHT="40" CONTENT="dit" WC="0.97" CC="035"/>
						<SP ID="P11_SP00077" HPOS="1692" VPOS="716" WIDTH="22"/>
						<String ID="P11_ST00084" HPOS="1714" VPOS="666" WIDTH="38" HEIGHT="39" CONTENT="le" WC="0.79" CC="40"/>
						<SP ID="P11_SP00078" HPOS="1752" VPOS="716" WIDTH="19"/>
						<String ID="P11_ST00085" HPOS="1771" VPOS="665" WIDTH="179" HEIGHT="41" CONTENT="dernier" WC="1.00" CC="0000400"/>
						<SP ID="P11_SP00079" HPOS="1950" VPOS="716" WIDTH="20"/>
						<String ID="P11_ST00086" HPOS="1970" VPOS="675" WIDTH="92" HEIGHT="31" CONTENT="mot" WC="1.00" CC="000"/>
						<SP ID="P11_SP00080" HPOS="2062" VPOS="716" WIDTH="24"/>
						<String ID="P11_ST00087" HPOS="2086" VPOS="666" WIDTH="56" HEIGHT="39" CONTENT="du" WC="0.85" CC="02" STYLEREFS="TXT_3"/>
					</TextLine>
					<TextLine ID="P11_TL00009" HPOS="110" VPOS="728" WIDTH="202" HEIGHT="53">
						<String ID="P11_ST00088" HPOS="110" VPOS="728" WIDTH="167" HEIGHT="53" CONTENT="fausset" WC="0.99" CC="4760000" STYLEREFS="TXT_3"/>
						<SP ID="P11_SP00081" HPOS="277" VPOS="781" WIDTH="29"/>
						<String ID="P11_ST00089" HPOS="306" VPOS="729" WIDTH="6" HEIGHT="36" CONTENT="!" WC="0.64" CC="3" STYLEREFS="TXT_3"/>
					</TextLine>
					<TextLine ID="P11_TL00010" HPOS="170" VPOS="795" WIDTH="1971" HEIGHT="55">
						<String ID="P11_ST00090" HPOS="170" VPOS="795" WIDTH="187" HEIGHT="42" CONTENT="Aucune" WC="0.99" CC="030400"/>
						<SP ID="P11_SP00082" HPOS="357" VPOS="837" WIDTH="22"/>
						<String ID="P11_ST00091" HPOS="379" VPOS="796" WIDTH="247" HEIGHT="40" CONTENT="indication" WC="1.00" CC="4003005300"/>
						<SP ID="P11_SP00083" HPOS="626" VPOS="837" WIDTH="26"/>
						<String ID="P11_ST00092" HPOS="652" VPOS="801" WIDTH="20" HEIGHT="35" CONTENT="à" WC="0.35" CC="6"/>
						<SP ID="P11_SP00084" HPOS="672" VPOS="837" WIDTH="23"/>
						<String ID="P11_ST00093" HPOS="695" VPOS="810" WIDTH="167" HEIGHT="39" CONTENT="propos" WC="1.00" CC="000000"/>
						<SP ID="P11_SP00085" HPOS="862" VPOS="849" WIDTH="24"/>
						<String ID="P11_ST00094" HPOS="886" VPOS="798" WIDTH="54" HEIGHT="38" CONTENT="de" WC="1.00" CC="00"/>
						<SP ID="P11_SP00086" HPOS="940" VPOS="849" WIDTH="22"/>
						<String ID="P11_ST00095" HPOS="962" VPOS="798" WIDTH="39" HEIGHT="39" CONTENT="la" WC="0.72" CC="23"/>
						<SP ID="P11_SP00087" HPOS="1001" VPOS="849" WIDTH="22"/>
						<String ID="P11_ST00096" HPOS="1023" VPOS="800" WIDTH="285" HEIGHT="50" CONTENT="respiration," WC="1.00" CC="000000064003"/>
						<SP ID="P11_SP00088" HPOS="1308" VPOS="850" WIDTH="27"/>
						<String ID="P11_ST00097" HPOS="1335" VPOS="802" WIDTH="113" HEIGHT="38" CONTENT="mais" WC="0.99" CC="0020"/>
						<SP ID="P11_SP00089" HPOS="1448" VPOS="850" WIDTH="34"/>
						<String ID="P11_ST00098" HPOS="1482" VPOS="802" WIDTH="39" HEIGHT="39" CONTENT="le" WC="0.67" CC="60"/>
						<SP ID="P11_SP00090" HPOS="1521" VPOS="850" WIDTH="36"/>
						<String ID="P11_ST00099" HPOS="1557" VPOS="802" WIDTH="169" HEIGHT="40" CONTENT="conseil" WC="1.00" CC="0000030"/>
						<SP ID="P11_SP00091" HPOS="1726" VPOS="850" WIDTH="43"/>
						<String ID="P11_ST00100" HPOS="1769" VPOS="807" WIDTH="87" HEIGHT="35" CONTENT="très" WC="0.98" CC="2080"/>
						<SP ID="P11_SP00092" HPOS="1856" VPOS="850" WIDTH="25"/>
						<String ID="P11_ST00101" HPOS="1881" VPOS="810" WIDTH="73" HEIGHT="33" CONTENT="net" WC="1.00" CC="001"/>
						<SP ID="P11_SP00093" HPOS="1954" VPOS="850" WIDTH="22"/>
						<String ID="P11_ST00102" HPOS="1976" VPOS="803" WIDTH="54" HEIGHT="40" CONTENT="de" WC="1.00" CC="00"/>
						<SP ID="P11_SP00094" HPOS="2030" VPOS="850" WIDTH="21"/>
						<String ID="P11_ST00103" HPOS="2051" VPOS="816" WIDTH="68" HEIGHT="27" CONTENT="res" SUBS_TYPE="HypPart1" SUBS_CONTENT="respirer" WC="0.98" CC="004"/>
						<HYP HPOS="2119" VPOS="816" WIDTH="22" CONTENT="-"/>
					</TextLine>
					<TextLine ID="P11_TL00011" HPOS="115" VPOS="866" WIDTH="2022" HEIGHT="57">
						<String ID="P11_ST00104" HPOS="115" VPOS="868" WIDTH="119" HEIGHT="50" CONTENT="pirer" SUBS_TYPE="HypPart2" SUBS_CONTENT="respirer" WC="1.00" CC="00000"/>
						<SP ID="P11_SP00095" HPOS="234" VPOS="918" WIDTH="22"/>
						<String ID="P11_ST00105" HPOS="256" VPOS="874" WIDTH="334" HEIGHT="44" CONTENT="promptement" WC="0.91" CC="00000400005"/>
						<SP ID="P11_SP00096" HPOS="590" VPOS="918" WIDTH="24"/>
						<String ID="P11_ST00106" HPOS="614" VPOS="878" WIDTH="105" HEIGHT="27" CONTENT="sans" WC="1.00" CC="0001"/>
						<SP ID="P11_SP00097" HPOS="719" VPOS="918" WIDTH="22"/>
						<String ID="P11_ST00107" HPOS="741" VPOS="866" WIDTH="91" HEIGHT="38" CONTENT="râle" WC="0.97" CC="4700" STYLEREFS="TXT_3"/>
						<SP ID="P11_SP00098" HPOS="832" VPOS="918" WIDTH="15"/>
						<String ID="P11_ST00108" HPOS="847" VPOS="875" WIDTH="40" HEIGHT="31" CONTENT="et" WC="0.14" CC="88" STYLEREFS="TXT_3"/>
						<SP ID="P11_SP00099" HPOS="887" VPOS="918" WIDTH="24"/>
						<String ID="P11_ST00109" HPOS="911" VPOS="866" WIDTH="53" HEIGHT="40" CONTENT="de" WC="1.00" CC="00"/>
						<SP ID="P11_SP00100" HPOS="964" VPOS="918" WIDTH="24"/>
						<String ID="P11_ST00110" HPOS="988" VPOS="871" WIDTH="216" HEIGHT="46" CONTENT="ménager" WC="1.00" CC="0700000"/>
						<SP ID="P11_SP00101" HPOS="1204" VPOS="918" WIDTH="32"/>
						<String ID="P11_ST00111" HPOS="1236" VPOS="868" WIDTH="39" HEIGHT="40" CONTENT="le" WC="0.80" CC="30"/>
						<SP ID="P11_SP00102" HPOS="1275" VPOS="918" WIDTH="43"/>
						<String ID="P11_ST00112" HPOS="1318" VPOS="868" WIDTH="172" HEIGHT="48" CONTENT="souffle," WC="0.99" CC="00306600"/>
						<SP ID="P11_SP00103" HPOS="1490" VPOS="918" WIDTH="40"/>
						<String ID="P11_ST00113" HPOS="1530" VPOS="870" WIDTH="54" HEIGHT="39" CONTENT="de" WC="1.00" CC="00"/>
						<SP ID="P11_SP00104" HPOS="1584" VPOS="918" WIDTH="39"/>
						<String ID="P11_ST00114" HPOS="1623" VPOS="883" WIDTH="54" HEIGHT="26" CONTENT="ne" WC="0.94" CC="10"/>
						<SP ID="P11_SP00105" HPOS="1677" VPOS="918" WIDTH="21"/>
						<String ID="P11_ST00115" HPOS="1698" VPOS="872" WIDTH="192" HEIGHT="50" CONTENT="respirer" WC="1.00" CC="20002000"/>
						<SP ID="P11_SP00106" HPOS="1890" VPOS="922" WIDTH="38"/>
						<String ID="P11_ST00116" HPOS="1928" VPOS="871" WIDTH="209" HEIGHT="52" CONTENT="qu'après" WC="0.99" CC="04100080"/>
					</TextLine>
					<TextLine ID="P11_TL00012" HPOS="113" VPOS="933" WIDTH="2020" HEIGHT="55">
						<String ID="P11_ST00117" HPOS="113" VPOS="934" WIDTH="25" HEIGHT="40" CONTENT="Y" WC="0.16" CC="8" STYLEREFS="TXT_3"/>
						<SP ID="P11_SP00107" HPOS="138" VPOS="974" WIDTH="6"/>
						<String ID="P11_ST00118" HPOS="144" VPOS="935" WIDTH="323" HEIGHT="40" CONTENT="enchaînement" WC="0.99" CC="056095100014" STYLEREFS="TXT_3"/>
						<SP ID="P11_SP00108" HPOS="467" VPOS="975" WIDTH="16"/>
						<String ID="P11_ST00119" HPOS="483" VPOS="933" WIDTH="284" HEIGHT="55" CONTENT="harmonique" WC="1.00" CC="0902030100" STYLEREFS="TXT_3"/>
						<SP ID="P11_SP00109" HPOS="767" VPOS="988" WIDTH="40"/>
						<String ID="P11_ST00120" HPOS="807" VPOS="943" WIDTH="133" HEIGHT="31" CONTENT="avant" WC="0.99" CC="00040"/>
						<SP ID="P11_SP00110" HPOS="940" VPOS="988" WIDTH="24"/>
						<String ID="P11_ST00121" HPOS="964" VPOS="949" WIDTH="85" HEIGHT="26" CONTENT="une" WC="0.98" CC="040"/>
						<SP ID="P11_SP00111" HPOS="1049" VPOS="988" WIDTH="32"/>
						<String ID="P11_ST00122" HPOS="1081" VPOS="936" WIDTH="166" HEIGHT="50" CONTENT="longue" WC="0.99" CC="300050"/>
						<SP ID="P11_SP00112" HPOS="1247" VPOS="988" WIDTH="25"/>
						<String ID="P11_ST00123" HPOS="1272" VPOS="950" WIDTH="56" HEIGHT="26" CONTENT="ou" WC="0.63" CC="07"/>
						<SP ID="P11_SP00113" HPOS="1328" VPOS="988" WIDTH="28"/>
						<String ID="P11_ST00124" HPOS="1356" VPOS="951" WIDTH="60" HEIGHT="26" CONTENT="un" WC="1.00" CC="00"/>
						<SP ID="P11_SP00114" HPOS="1416" VPOS="988" WIDTH="37"/>
						<String ID="P11_ST00125" HPOS="1453" VPOS="939" WIDTH="118" HEIGHT="46" CONTENT="trait," WC="0.99" CC="000153"/>
						<SP ID="P11_SP00115" HPOS="1571" VPOS="988" WIDTH="39"/>
						<String ID="P11_ST00126" HPOS="1610" VPOS="943" WIDTH="130" HEIGHT="45" CONTENT="après" WC="0.98" CC="00781"/>
						<SP ID="P11_SP00116" HPOS="1740" VPOS="988" WIDTH="38"/>
						<String ID="P11_ST00127" HPOS="1778" VPOS="938" WIDTH="62" HEIGHT="39" CONTENT="les" WC="0.98" CC="500"/>
						<SP ID="P11_SP00117" HPOS="1840" VPOS="988" WIDTH="34"/>
						<String ID="P11_ST00128" HPOS="1874" VPOS="939" WIDTH="259" HEIGHT="40" CONTENT="intervalles" WC="1.00" CC="10000000300"/>
					</TextLine>
					<TextLine ID="P11_TL00013" HPOS="114" VPOS="1003" WIDTH="1397" HEIGHT="53">
						<String ID="P11_ST00129" HPOS="114" VPOS="1013" WIDTH="274" HEIGHT="32" CONTENT="consonants" WC="0.99" CC="0000000000"/>
						<SP ID="P11_SP00118" HPOS="388" VPOS="1045" WIDTH="38"/>
						<String ID="P11_ST00130" HPOS="426" VPOS="1016" WIDTH="57" HEIGHT="28" CONTENT="ou" WC="0.67" CC="06"/>
						<SP ID="P11_SP00119" HPOS="483" VPOS="1045" WIDTH="38"/>
						<String ID="P11_ST00131" HPOS="521" VPOS="1003" WIDTH="39" HEIGHT="40" CONTENT="le" WC="0.72" CC="50"/>
						<SP ID="P11_SP00120" HPOS="560" VPOS="1045" WIDTH="21"/>
						<String ID="P11_ST00132" HPOS="581" VPOS="1005" WIDTH="170" HEIGHT="50" CONTENT="soupir," WC="1.00" CC="0000004"/>
						<SP ID="P11_SP00121" HPOS="751" VPOS="1055" WIDTH="27"/>
						<String ID="P11_ST00133" HPOS="778" VPOS="1012" WIDTH="41" HEIGHT="31" CONTENT="et" WC="0.71" CC="05"/>
						<SP ID="P11_SP00122" HPOS="819" VPOS="1055" WIDTH="24"/>
						<String ID="P11_ST00134" HPOS="843" VPOS="1004" WIDTH="159" HEIGHT="52" CONTENT="jamais" WC="1.00" CC="000040"/>
						<SP ID="P11_SP00123" HPOS="1002" VPOS="1056" WIDTH="23"/>
						<String ID="P11_ST00135" HPOS="1025" VPOS="1019" WIDTH="54" HEIGHT="25" CONTENT="au" WC="1.00" CC="00"/>
						<SP ID="P11_SP00124" HPOS="1079" VPOS="1056" WIDTH="22"/>
						<String ID="P11_ST00136" HPOS="1101" VPOS="1005" WIDTH="152" HEIGHT="40" CONTENT="milieu" WC="0.99" CC="033100"/>
						<SP ID="P11_SP00125" HPOS="1253" VPOS="1056" WIDTH="23"/>
						<String ID="P11_ST00137" HPOS="1276" VPOS="1004" WIDTH="106" HEIGHT="41" CONTENT="d'un" WC="0.98" CC="0403"/>
						<SP ID="P11_SP00126" HPOS="1382" VPOS="1056" WIDTH="20"/>
						<String ID="P11_ST00138" HPOS="1402" VPOS="1014" WIDTH="109" HEIGHT="31" CONTENT="mot." WC="0.98" CC="0053"/>
					</TextLine>
					<TextLine ID="P11_TL00014" HPOS="170" VPOS="1071" WIDTH="1963" HEIGHT="56">
						<String ID="P11_ST00139" HPOS="170" VPOS="1071" WIDTH="71" HEIGHT="42" CONTENT="On" WC="1.00" CC="00"/>
						<SP ID="P11_SP00127" HPOS="241" VPOS="1113" WIDTH="24"/>
						<String ID="P11_ST00140" HPOS="265" VPOS="1072" WIDTH="107" HEIGHT="53" CONTENT="perd" WC="1.00" CC="0000"/>
						<SP ID="P11_SP00128" HPOS="372" VPOS="1125" WIDTH="34"/>
						<String ID="P11_ST00141" HPOS="406" VPOS="1072" WIDTH="40" HEIGHT="40" CONTENT="la" WC="0.92" CC="10"/>
						<SP ID="P11_SP00129" HPOS="446" VPOS="1125" WIDTH="33"/>
						<String ID="P11_ST00142" HPOS="479" VPOS="1074" WIDTH="116" HEIGHT="48" CONTENT="voix," WC="0.99" CC="01204"/>
						<SP ID="P11_SP00130" HPOS="595" VPOS="1125" WIDTH="36"/>
						<String ID="P11_ST00143" HPOS="631" VPOS="1072" WIDTH="62" HEIGHT="40" CONTENT="dit" WC="0.98" CC="040"/>
						<SP ID="P11_SP00131" HPOS="693" VPOS="1125" WIDTH="24"/>
						<String ID="P11_ST00144" HPOS="717" VPOS="1072" WIDTH="204" HEIGHT="50" CONTENT="l'auteur," WC="0.99" CC="340600504"/>
						<SP ID="P11_SP00132" HPOS="921" VPOS="1125" WIDTH="26"/>
						<String ID="P11_ST00145" HPOS="947" VPOS="1087" WIDTH="55" HEIGHT="26" CONTENT="en" WC="0.67" CC="06"/>
						<SP ID="P11_SP00133" HPOS="1002" VPOS="1125" WIDTH="23"/>
						<String ID="P11_ST00146" HPOS="1025" VPOS="1073" WIDTH="214" HEIGHT="40" CONTENT="chantant" WC="1.00" CC="00006003"/>
						<SP ID="P11_SP00134" HPOS="1239" VPOS="1125" WIDTH="24"/>
						<String ID="P11_ST00147" HPOS="1263" VPOS="1082" WIDTH="97" HEIGHT="44" CONTENT="trop" WC="1.00" CC="0000"/>
						<SP ID="P11_SP00135" HPOS="1360" VPOS="1126" WIDTH="28"/>
						<String ID="P11_ST00148" HPOS="1388" VPOS="1075" WIDTH="108" HEIGHT="47" CONTENT="vite," WC="0.99" CC="00403"/>
						<SP ID="P11_SP00136" HPOS="1496" VPOS="1126" WIDTH="25"/>
						<String ID="P11_ST00149" HPOS="1521" VPOS="1083" WIDTH="96" HEIGHT="44" CONTENT="trop" WC="0.99" CC="6000"/>
						<SP ID="P11_SP00137" HPOS="1617" VPOS="1127" WIDTH="22"/>
						<String ID="P11_ST00150" HPOS="1639" VPOS="1075" WIDTH="125" HEIGHT="50" CONTENT="haut," WC="0.98" CC="00754"/>
						<SP ID="P11_SP00138" HPOS="1764" VPOS="1127" WIDTH="23"/>
						<String ID="P11_ST00151" HPOS="1787" VPOS="1083" WIDTH="97" HEIGHT="44" CONTENT="trop" WC="1.00" CC="0000"/>
						<SP ID="P11_SP00139" HPOS="1884" VPOS="1127" WIDTH="23"/>
						<String ID="P11_ST00152" HPOS="1907" VPOS="1074" WIDTH="99" HEIGHT="48" CONTENT="fort," WC="0.98" CC="90060"/>
						<SP ID="P11_SP00140" HPOS="2006" VPOS="1127" WIDTH="28"/>
						<String ID="P11_ST00153" HPOS="2034" VPOS="1084" WIDTH="99" HEIGHT="43" CONTENT="trop" WC="0.99" CC="5000"/>
					</TextLine>
					<TextLine ID="P11_TL00015" HPOS="112" VPOS="1141" WIDTH="2025" HEIGHT="54">
						<String ID="P11_ST00154" HPOS="112" VPOS="1143" WIDTH="273" HEIGHT="51" CONTENT="longtemps." WC="1.00" CC="0050010003"/>
						<SP ID="P11_SP00141" HPOS="385" VPOS="1194" WIDTH="24"/>
						<String ID="P11_ST00155" HPOS="409" VPOS="1141" WIDTH="289" HEIGHT="41" CONTENT="Décidément" WC="0.99" CC="0702070004"/>
						<SP ID="P11_SP00142" HPOS="698" VPOS="1194" WIDTH="29"/>
						<String ID="P11_ST00156" HPOS="727" VPOS="1142" WIDTH="40" HEIGHT="39" CONTENT="la" WC="1.00" CC="00"/>
						<SP ID="P11_SP00143" HPOS="767" VPOS="1194" WIDTH="35"/>
						<String ID="P11_ST00157" HPOS="802" VPOS="1143" WIDTH="219" HEIGHT="51" CONTENT="première" WC="1.00" CC="00000700"/>
						<SP ID="P11_SP00144" HPOS="1021" VPOS="1194" WIDTH="32"/>
						<String ID="P11_ST00158" HPOS="1053" VPOS="1142" WIDTH="287" HEIGHT="53" CONTENT="République" WC="1.00" CC="2605001000"/>
						<SP ID="P11_SP00145" HPOS="1340" VPOS="1195" WIDTH="27"/>
						<String ID="P11_ST00159" HPOS="1367" VPOS="1144" WIDTH="118" HEIGHT="39" CONTENT="avait" WC="0.99" CC="00034"/>
						<SP ID="P11_SP00146" HPOS="1485" VPOS="1195" WIDTH="30"/>
						<String ID="P11_ST00160" HPOS="1515" VPOS="1157" WIDTH="54" HEIGHT="27" CONTENT="eu" WC="1.00" CC="00"/>
						<SP ID="P11_SP00147" HPOS="1569" VPOS="1195" WIDTH="37"/>
						<String ID="P11_ST00161" HPOS="1606" VPOS="1144" WIDTH="40" HEIGHT="39" CONTENT="la" WC="0.81" CC="30"/>
						<SP ID="P11_SP00148" HPOS="1646" VPOS="1195" WIDTH="33"/>
						<String ID="P11_ST00162" HPOS="1679" VPOS="1145" WIDTH="122" HEIGHT="39" CONTENT="main" WC="0.98" CC="0036"/>
						<SP ID="P11_SP00149" HPOS="1801" VPOS="1195" WIDTH="35"/>
						<String ID="P11_ST00163" HPOS="1836" VPOS="1144" WIDTH="220" HEIGHT="40" CONTENT="heureuse" WC="0.99" CC="00700400"/>
						<SP ID="P11_SP00150" HPOS="2056" VPOS="1195" WIDTH="27"/>
						<String ID="P11_ST00164" HPOS="2083" VPOS="1158" WIDTH="54" HEIGHT="26" CONTENT="en" WC="0.69" CC="06"/>
					</TextLine>
					<TextLine ID="P11_TL00016" HPOS="111" VPOS="1210" WIDTH="2021" HEIGHT="55">
						<String ID="P11_ST00165" HPOS="111" VPOS="1220" WIDTH="235" HEIGHT="31" CONTENT="nommant" WC="1.00" CC="0000004"/>
						<SP ID="P11_SP00151" HPOS="346" VPOS="1251" WIDTH="23"/>
						<String ID="P11_ST00166" HPOS="369" VPOS="1212" WIDTH="255" HEIGHT="51" CONTENT="inspecteur" WC="1.00" CC="3000000060"/>
						<SP ID="P11_SP00152" HPOS="624" VPOS="1263" WIDTH="22"/>
						<String ID="P11_ST00167" HPOS="646" VPOS="1211" WIDTH="59" HEIGHT="40" CONTENT="du" WC="1.00" CC="00"/>
						<SP ID="P11_SP00153" HPOS="705" VPOS="1263" WIDTH="21"/>
						<String ID="P11_ST00168" HPOS="726" VPOS="1210" WIDTH="349" HEIGHT="42" CONTENT="Conservatoire" WC="1.00" CC="2060060000300"/>
						<SP ID="P11_SP00154" HPOS="1075" VPOS="1263" WIDTH="19"/>
						<String ID="P11_ST00169" HPOS="1094" VPOS="1226" WIDTH="47" HEIGHT="26" CONTENT="ce" WC="1.00" CC="00"/>
						<SP ID="P11_SP00155" HPOS="1141" VPOS="1263" WIDTH="23"/>
						<String ID="P11_ST00170" HPOS="1164" VPOS="1211" WIDTH="259" HEIGHT="53" CONTENT="professeur" WC="1.00" CC="0000000040"/>
						<SP ID="P11_SP00156" HPOS="1423" VPOS="1264" WIDTH="26"/>
						<String ID="P11_ST00171" HPOS="1449" VPOS="1223" WIDTH="8" HEIGHT="36" CONTENT=";" WC="1.00" CC="0"/>
						<SP ID="P11_SP00157" HPOS="1457" VPOS="1264" WIDTH="24"/>
						<String ID="P11_ST00172" HPOS="1481" VPOS="1214" WIDTH="152" HEIGHT="39" CONTENT="oiseau" WC="1.00" CC="000000"/>
						<SP ID="P11_SP00158" HPOS="1633" VPOS="1264" WIDTH="27"/>
						<String ID="P11_ST00173" HPOS="1660" VPOS="1226" WIDTH="97" HEIGHT="26" CONTENT="rare" WC="1.00" CC="0000"/>
						<SP ID="P11_SP00159" HPOS="1757" VPOS="1264" WIDTH="24"/>
						<String ID="P11_ST00174" HPOS="1781" VPOS="1214" WIDTH="75" HEIGHT="51" CONTENT="qui" WC="0.99" CC="003"/>
						<SP ID="P11_SP00160" HPOS="1856" VPOS="1265" WIDTH="25"/>
						<String ID="P11_ST00175" HPOS="1881" VPOS="1227" WIDTH="54" HEIGHT="26" CONTENT="ne" WC="1.00" CC="00"/>
						<SP ID="P11_SP00161" HPOS="1935" VPOS="1265" WIDTH="23"/>
						<String ID="P11_ST00176" HPOS="1958" VPOS="1213" WIDTH="174" HEIGHT="40" CONTENT="voulait" WC="0.99" CC="0042320"/>
					</TextLine>
					<TextLine ID="P11_TL00017" HPOS="111" VPOS="1279" WIDTH="2018" HEIGHT="55">
						<String ID="P11_ST00177" HPOS="111" VPOS="1294" WIDTH="81" HEIGHT="38" CONTENT="pas" WC="1.00" CC="000"/>
						<SP ID="P11_SP00162" HPOS="192" VPOS="1332" WIDTH="23"/>
						<String ID="P11_ST00178" HPOS="215" VPOS="1294" WIDTH="149" HEIGHT="26" CONTENT="casser" WC="1.00" CC="000040"/>
						<SP ID="P11_SP00163" HPOS="364" VPOS="1332" WIDTH="19"/>
						<String ID="P11_ST00179" HPOS="383" VPOS="1280" WIDTH="63" HEIGHT="40" CONTENT="les" WC="0.98" CC="330"/>
						<SP ID="P11_SP00164" HPOS="446" VPOS="1332" WIDTH="22"/>
						<String ID="P11_ST00180" HPOS="468" VPOS="1283" WIDTH="101" HEIGHT="37" CONTENT="voix" WC="0.99" CC="0060"/>
						<SP ID="P11_SP00165" HPOS="569" VPOS="1332" WIDTH="24"/>
						<String ID="P11_ST00181" HPOS="593" VPOS="1280" WIDTH="77" HEIGHT="41" CONTENT="des" WC="1.00" CC="000"/>
						<SP ID="P11_SP00166" HPOS="670" VPOS="1332" WIDTH="21"/>
						<String ID="P11_ST00182" HPOS="691" VPOS="1282" WIDTH="155" HEIGHT="52" CONTENT="jeunes" WC="0.99" CC="000600"/>
						<SP ID="P11_SP00167" HPOS="846" VPOS="1334" WIDTH="17"/>
						<String ID="P11_ST00183" HPOS="863" VPOS="1280" WIDTH="146" HEIGHT="40" CONTENT="élèves" WC="0.99" CC="067000"/>
						<SP ID="P11_SP00168" HPOS="1009" VPOS="1334" WIDTH="18"/>
						<String ID="P11_ST00184" HPOS="1027" VPOS="1280" WIDTH="5" HEIGHT="37" CONTENT="!" WC="0.21" CC="7"/>
						<SP ID="P11_SP00169" HPOS="1032" VPOS="1334" WIDTH="24"/>
						<String ID="P11_ST00185" HPOS="1056" VPOS="1279" WIDTH="125" HEIGHT="43" CONTENT="Nous" WC="0.96" CC="4750"/>
						<SP ID="P11_SP00170" HPOS="1181" VPOS="1334" WIDTH="21"/>
						<String ID="P11_ST00186" HPOS="1202" VPOS="1289" WIDTH="214" HEIGHT="32" CONTENT="trouvons" WC="1.00" CC="00000060"/>
						<SP ID="P11_SP00171" HPOS="1416" VPOS="1334" WIDTH="23"/>
						<String ID="P11_ST00187" HPOS="1439" VPOS="1285" WIDTH="21" HEIGHT="36" CONTENT="à" WC="0.38" CC="6"/>
						<SP ID="P11_SP00172" HPOS="1460" VPOS="1334" WIDTH="21"/>
						<String ID="P11_ST00188" HPOS="1481" VPOS="1285" WIDTH="97" HEIGHT="37" CONTENT="côté" WC="0.98" CC="0306"/>
						<SP ID="P11_SP00173" HPOS="1578" VPOS="1334" WIDTH="23"/>
						<String ID="P11_ST00189" HPOS="1601" VPOS="1282" WIDTH="54" HEIGHT="40" CONTENT="de" WC="1.00" CC="00"/>
						<SP ID="P11_SP00174" HPOS="1655" VPOS="1334" WIDTH="22"/>
						<String ID="P11_ST00190" HPOS="1677" VPOS="1295" WIDTH="72" HEIGHT="27" CONTENT="ces" WC="1.00" CC="000"/>
						<SP ID="P11_SP00175" HPOS="1749" VPOS="1334" WIDTH="29"/>
						<String ID="P11_ST00191" HPOS="1778" VPOS="1282" WIDTH="239" HEIGHT="40" CONTENT="excellents" WC="1.00" CC="0000210000"/>
						<SP ID="P11_SP00176" HPOS="2017" VPOS="1334" WIDTH="15"/>
						<String ID="P11_ST00192" HPOS="2032" VPOS="1286" WIDTH="73" HEIGHT="48" CONTENT="pré" SUBS_TYPE="HypPart1" SUBS_CONTENT="préceptes" WC="1.00" CC="000"/>
						<HYP HPOS="2105" VPOS="1286" WIDTH="24" CONTENT="-"/>
					</TextLine>
					<TextLine ID="P11_TL00018" HPOS="113" VPOS="1348" WIDTH="2019" HEIGHT="55">
						<String ID="P11_ST00193" HPOS="113" VPOS="1358" WIDTH="148" HEIGHT="43" CONTENT="ceptes" SUBS_TYPE="HypPart2" SUBS_CONTENT="préceptes" WC="1.00" CC="000500"/>
						<SP ID="P11_SP00177" HPOS="261" VPOS="1401" WIDTH="23"/>
						<String ID="P11_ST00194" HPOS="284" VPOS="1349" WIDTH="78" HEIGHT="41" CONTENT="des" WC="1.00" CC="000"/>
						<SP ID="P11_SP00178" HPOS="362" VPOS="1401" WIDTH="23"/>
						<String ID="P11_ST00195" HPOS="385" VPOS="1348" WIDTH="318" HEIGHT="52" CONTENT="enfantillages" WC="1.00" CC="0000050054000"/>
						<SP ID="P11_SP00179" HPOS="703" VPOS="1401" WIDTH="23"/>
						<String ID="P11_ST00196" HPOS="726" VPOS="1348" WIDTH="307" HEIGHT="54" CONTENT="scientifiques" WC="1.00" CC="0030056220700"/>
						<SP ID="P11_SP00180" HPOS="1033" VPOS="1402" WIDTH="21"/>
						<String ID="P11_ST00197" HPOS="1054" VPOS="1365" WIDTH="7" HEIGHT="25" CONTENT=":" WC="1.00" CC="0"/>
						<SP ID="P11_SP00181" HPOS="1061" VPOS="1402" WIDTH="24"/>
						<String ID="P11_ST00198" HPOS="1085" VPOS="1362" WIDTH="20" HEIGHT="26" CONTENT="((" WC="0.33" CC="76"/>
						<SP ID="P11_SP00182" HPOS="1105" VPOS="1402" WIDTH="24"/>
						<String ID="P11_ST00199" HPOS="1129" VPOS="1348" WIDTH="62" HEIGHT="42" CONTENT="Le" WC="0.70" CC="50"/>
						<SP ID="P11_SP00183" HPOS="1191" VPOS="1402" WIDTH="24"/>
						<String ID="P11_ST00200" HPOS="1215" VPOS="1350" WIDTH="217" HEIGHT="40" CONTENT="chanteur" WC="1.00" CC="00070000"/>
						<SP ID="P11_SP00184" HPOS="1432" VPOS="1402" WIDTH="31"/>
						<String ID="P11_ST00201" HPOS="1463" VPOS="1350" WIDTH="93" HEIGHT="41" CONTENT="doit" WC="1.00" CC="0000"/>
						<SP ID="P11_SP00185" HPOS="1556" VPOS="1402" WIDTH="19"/>
						<String ID="P11_ST00202" HPOS="1575" VPOS="1351" WIDTH="203" HEIGHT="40" CONTENT="craindre" WC="1.00" CC="00016000"/>
						<SP ID="P11_SP00186" HPOS="1778" VPOS="1402" WIDTH="30"/>
						<String ID="P11_ST00203" HPOS="1808" VPOS="1351" WIDTH="39" HEIGHT="39" CONTENT="la" WC="0.81" CC="30"/>
						<SP ID="P11_SP00187" HPOS="1847" VPOS="1402" WIDTH="26"/>
						<String ID="P11_ST00204" HPOS="1873" VPOS="1351" WIDTH="232" HEIGHT="52" CONTENT="pulmonie" WC="0.80" CC="06203030"/>
						<SP ID="P11_SP00188" HPOS="2105" VPOS="1403" WIDTH="20"/>
						<String ID="P11_ST00205" HPOS="2125" VPOS="1366" WIDTH="7" HEIGHT="32" CONTENT=";" WC="0.30" CC="6"/>
					</TextLine>
					<TextLine ID="P11_TL00019" HPOS="110" VPOS="1418" WIDTH="2018" HEIGHT="54">
						<String ID="P11_ST00206" HPOS="110" VPOS="1418" WIDTH="151" HEIGHT="52" CONTENT="quand" WC="0.99" CC="06000"/>
						<SP ID="P11_SP00189" HPOS="261" VPOS="1470" WIDTH="30"/>
						<String ID="P11_ST00207" HPOS="291" VPOS="1418" WIDTH="63" HEIGHT="40" CONTENT="les" WC="0.99" CC="100"/>
						<SP ID="P11_SP00190" HPOS="354" VPOS="1470" WIDTH="22"/>
						<String ID="P11_ST00208" HPOS="376" VPOS="1420" WIDTH="155" HEIGHT="38" CONTENT="veines" WC="1.00" CC="000001"/>
						<SP ID="P11_SP00191" HPOS="531" VPOS="1470" WIDTH="28"/>
						<String ID="P11_ST00209" HPOS="559" VPOS="1418" WIDTH="60" HEIGHT="41" CONTENT="du" WC="0.63" CC="07"/>
						<SP ID="P11_SP00192" HPOS="619" VPOS="1470" WIDTH="18"/>
						<String ID="P11_ST00210" HPOS="637" VPOS="1432" WIDTH="82" HEIGHT="27" CONTENT="cou" WC="0.97" CC="006"/>
						<SP ID="P11_SP00193" HPOS="719" VPOS="1470" WIDTH="24"/>
						<String ID="P11_ST00211" HPOS="743" VPOS="1428" WIDTH="40" HEIGHT="31" CONTENT="et" WC="0.86" CC="20"/>
						<SP ID="P11_SP00194" HPOS="783" VPOS="1470" WIDTH="33"/>
						<String ID="P11_ST00212" HPOS="816" VPOS="1419" WIDTH="63" HEIGHT="40" CONTENT="les" WC="0.98" CC="401"/>
						<SP ID="P11_SP00195" HPOS="879" VPOS="1470" WIDTH="26"/>
						<String ID="P11_ST00213" HPOS="905" VPOS="1419" WIDTH="116" HEIGHT="51" CONTENT="nerfs" WC="0.99" CC="00040" STYLEREFS="TXT_3"/>
						<SP ID="P11_SP00196" HPOS="1021" VPOS="1470" WIDTH="27"/>
						<String ID="P11_ST00214" HPOS="1048" VPOS="1433" WIDTH="19" HEIGHT="25" CONTENT="s" WC="1.00" CC="0" STYLEREFS="TXT_3"/>
						<SP ID="P11_SP00197" HPOS="1067" VPOS="1470" WIDTH="18"/>
						<String ID="P11_ST00215" HPOS="1085" VPOS="1419" WIDTH="173" HEIGHT="52" CONTENT="enflent," WC="0.99" CC="02040742" STYLEREFS="TXT_3"/>
						<SP ID="P11_SP00198" HPOS="1258" VPOS="1471" WIDTH="31"/>
						<String ID="P11_ST00216" HPOS="1289" VPOS="1433" WIDTH="20" HEIGHT="26" CONTENT="s" WC="0.84" CC="1" STYLEREFS="TXT_3"/>
						<SP ID="P11_SP00199" HPOS="1309" VPOS="1471" WIDTH="18"/>
						<String ID="P11_ST00217" HPOS="1327" VPOS="1422" WIDTH="159" HEIGHT="37" CONTENT="arrêter" WC="0.99" CC="0007500" STYLEREFS="TXT_3"/>
						<SP ID="P11_SP00200" HPOS="1486" VPOS="1471" WIDTH="23"/>
						<String ID="P11_ST00218" HPOS="1509" VPOS="1431" WIDTH="38" HEIGHT="28" CONTENT="»." WC="0.65" CC="60"/>
						<SP ID="P11_SP00201" HPOS="1547" VPOS="1471" WIDTH="28"/>
						<String ID="P11_ST00219" HPOS="1575" VPOS="1418" WIDTH="72" HEIGHT="42" CONTENT="On" WC="0.67" CC="06"/>
						<SP ID="P11_SP00202" HPOS="1647" VPOS="1471" WIDTH="18"/>
						<String ID="P11_ST00220" HPOS="1665" VPOS="1428" WIDTH="104" HEIGHT="44" CONTENT="peut" WC="1.00" CC="0000"/>
						<SP ID="P11_SP00203" HPOS="1769" VPOS="1472" WIDTH="25"/>
						<String ID="P11_ST00221" HPOS="1794" VPOS="1433" WIDTH="45" HEIGHT="26" CONTENT="se" WC="1.00" CC="00"/>
						<SP ID="P11_SP00204" HPOS="1839" VPOS="1472" WIDTH="20"/>
						<String ID="P11_ST00222" HPOS="1859" VPOS="1420" WIDTH="159" HEIGHT="40" CONTENT="douter" WC="1.00" CC="000000"/>
						<SP ID="P11_SP00205" HPOS="2018" VPOS="1472" WIDTH="24"/>
						<String ID="P11_ST00223" HPOS="2042" VPOS="1433" WIDTH="86" HEIGHT="38" CONTENT="que" WC="1.00" CC="000"/>
					</TextLine>
					<TextLine ID="P11_TL00020" HPOS="112" VPOS="1487" WIDTH="2021" HEIGHT="51">
						<String ID="P11_ST00224" HPOS="112" VPOS="1487" WIDTH="189" HEIGHT="40" CONTENT="l'auteur" WC="1.00" CC="43000000"/>
						<SP ID="P11_SP00206" HPOS="301" VPOS="1527" WIDTH="13"/>
						<String ID="P11_ST00225" HPOS="314" VPOS="1501" WIDTH="177" HEIGHT="37" CONTENT="engage" WC="0.99" CC="070000"/>
						<SP ID="P11_SP00207" HPOS="491" VPOS="1538" WIDTH="17"/>
						<String ID="P11_ST00226" HPOS="508" VPOS="1487" WIDTH="154" HEIGHT="40" CONTENT="l'élève" WC="0.99" CC="1305700"/>
						<SP ID="P11_SP00208" HPOS="662" VPOS="1538" WIDTH="25"/>
						<String ID="P11_ST00227" HPOS="687" VPOS="1492" WIDTH="21" HEIGHT="35" CONTENT="à" WC="0.32" CC="6"/>
						<SP ID="P11_SP00209" HPOS="708" VPOS="1538" WIDTH="25"/>
						<String ID="P11_ST00228" HPOS="733" VPOS="1489" WIDTH="139" HEIGHT="39" CONTENT="éviter" WC="0.99" CC="600600"/>
						<SP ID="P11_SP00210" HPOS="872" VPOS="1538" WIDTH="17"/>
						<String ID="P11_ST00229" HPOS="889" VPOS="1487" WIDTH="63" HEIGHT="40" CONTENT="les" WC="0.99" CC="100"/>
						<SP ID="P11_SP00211" HPOS="952" VPOS="1538" WIDTH="24"/>
						<String ID="P11_ST00230" HPOS="976" VPOS="1487" WIDTH="199" HEIGHT="41" CONTENT="troubles" WC="0.99" CC="00060500"/>
						<SP ID="P11_SP00212" HPOS="1175" VPOS="1538" WIDTH="20"/>
						<String ID="P11_ST00231" HPOS="1195" VPOS="1488" WIDTH="305" HEIGHT="41" CONTENT="circulatoires" WC="1.00" CC="0000040000000"/>
						<SP ID="P11_SP00213" HPOS="1500" VPOS="1538" WIDTH="20"/>
						<String ID="P11_ST00232" HPOS="1520" VPOS="1503" WIDTH="8" HEIGHT="33" CONTENT=";" WC="1.00" CC="0"/>
						<SP ID="P11_SP00214" HPOS="1528" VPOS="1538" WIDTH="25"/>
						<String ID="P11_ST00233" HPOS="1553" VPOS="1490" WIDTH="113" HEIGHT="39" CONTENT="mais" WC="0.99" CC="0030"/>
						<SP ID="P11_SP00215" HPOS="1666" VPOS="1538" WIDTH="24"/>
						<String ID="P11_ST00234" HPOS="1690" VPOS="1489" WIDTH="29" HEIGHT="39" CONTENT="il" WC="0.72" CC="32"/>
						<SP ID="P11_SP00216" HPOS="1719" VPOS="1538" WIDTH="22"/>
						<String ID="P11_ST00235" HPOS="1741" VPOS="1489" WIDTH="39" HEIGHT="40" CONTENT="le" WC="0.74" CC="50"/>
						<SP ID="P11_SP00217" HPOS="1780" VPOS="1538" WIDTH="23"/>
						<String ID="P11_ST00236" HPOS="1803" VPOS="1487" WIDTH="79" HEIGHT="41" CONTENT="fait" WC="0.98" CC="0036"/>
						<SP ID="P11_SP00218" HPOS="1882" VPOS="1538" WIDTH="37"/>
						<String ID="P11_ST00237" HPOS="1919" VPOS="1488" WIDTH="112" HEIGHT="40" CONTENT="dans" WC="0.99" CC="0030"/>
						<SP ID="P11_SP00219" HPOS="2031" VPOS="1538" WIDTH="24"/>
						<String ID="P11_ST00238" HPOS="2055" VPOS="1488" WIDTH="78" HEIGHT="39" CONTENT="des" WC="1.00" CC="000"/>
					</TextLine>
					<TextLine ID="P11_TL00021" HPOS="115" VPOS="1555" WIDTH="731" HEIGHT="53">
						<String ID="P11_ST00239" HPOS="115" VPOS="1565" WIDTH="162" HEIGHT="31" CONTENT="termes" WC="1.00" CC="000000"/>
						<SP ID="P11_SP00220" HPOS="277" VPOS="1596" WIDTH="24"/>
						<String ID="P11_ST00240" HPOS="301" VPOS="1570" WIDTH="87" HEIGHT="38" CONTENT="peu" WC="0.98" CC="023"/>
						<SP ID="P11_SP00221" HPOS="388" VPOS="1608" WIDTH="25"/>
						<String ID="P11_ST00241" HPOS="413" VPOS="1555" WIDTH="433" HEIGHT="53" CONTENT="compréhensibles." WC="1.00" CC="0000001030405003"/>
					</TextLine>
					<TextLine ID="P11_TL00022" HPOS="169" VPOS="1624" WIDTH="1968" HEIGHT="54">
						<String ID="P11_ST00242" HPOS="169" VPOS="1624" WIDTH="115" HEIGHT="42" CONTENT="Rien" WC="0.98" CC="6400"/>
						<SP ID="P11_SP00222" HPOS="284" VPOS="1666" WIDTH="31"/>
						<String ID="P11_ST00243" HPOS="315" VPOS="1625" WIDTH="54" HEIGHT="40" CONTENT="de" WC="1.00" CC="00"/>
						<SP ID="P11_SP00223" HPOS="369" VPOS="1666" WIDTH="36"/>
						<String ID="P11_ST00244" HPOS="405" VPOS="1625" WIDTH="103" HEIGHT="40" CONTENT="bien" WC="1.00" CC="0200"/>
						<SP ID="P11_SP00224" HPOS="508" VPOS="1666" WIDTH="36"/>
						<String ID="P11_ST00245" HPOS="544" VPOS="1633" WIDTH="72" HEIGHT="32" CONTENT="net" WC="1.00" CC="000"/>
						<SP ID="P11_SP00225" HPOS="616" VPOS="1666" WIDTH="31"/>
						<String ID="P11_ST00246" HPOS="647" VPOS="1639" WIDTH="76" HEIGHT="26" CONTENT="sur" WC="0.97" CC="070"/>
						<SP ID="P11_SP00226" HPOS="723" VPOS="1666" WIDTH="30"/>
						<String ID="P11_ST00247" HPOS="753" VPOS="1625" WIDTH="39" HEIGHT="40" CONTENT="le" WC="0.61" CC="34"/>
						<SP ID="P11_SP00227" HPOS="792" VPOS="1666" WIDTH="37"/>
						<String ID="P11_ST00248" HPOS="829" VPOS="1625" WIDTH="116" HEIGHT="40" CONTENT="trille" WC="0.98" CC="503440"/>
						<SP ID="P11_SP00228" HPOS="945" VPOS="1666" WIDTH="21"/>
						<String ID="P11_ST00249" HPOS="966" VPOS="1637" WIDTH="8" HEIGHT="37" CONTENT=";" WC="0.13" CC="8"/>
						<SP ID="P11_SP00229" HPOS="974" VPOS="1674" WIDTH="28"/>
						<String ID="P11_ST00250" HPOS="1002" VPOS="1625" WIDTH="38" HEIGHT="40" CONTENT="le" WC="0.89" CC="20"/>
						<SP ID="P11_SP00230" HPOS="1040" VPOS="1674" WIDTH="27"/>
						<String ID="P11_ST00251" HPOS="1067" VPOS="1625" WIDTH="167" HEIGHT="40" CONTENT="conseil" WC="0.99" CC="0350000"/>
						<SP ID="P11_SP00231" HPOS="1234" VPOS="1674" WIDTH="30"/>
						<String ID="P11_ST00252" HPOS="1264" VPOS="1626" WIDTH="215" HEIGHT="40" CONTENT="excellent" WC="1.00" CC="000050005"/>
						<SP ID="P11_SP00232" HPOS="1479" VPOS="1674" WIDTH="30"/>
						<String ID="P11_ST00253" HPOS="1509" VPOS="1626" WIDTH="53" HEIGHT="40" CONTENT="de" WC="1.00" CC="00"/>
						<SP ID="P11_SP00233" HPOS="1562" VPOS="1674" WIDTH="30"/>
						<String ID="P11_ST00254" HPOS="1592" VPOS="1625" WIDTH="110" HEIGHT="41" CONTENT="faire" WC="1.00" CC="00400"/>
						<SP ID="P11_SP00234" HPOS="1702" VPOS="1674" WIDTH="25"/>
						<String ID="P11_ST00255" HPOS="1727" VPOS="1626" WIDTH="323" HEIGHT="52" CONTENT="correspondre" WC="1.00" CC="000000000000"/>
						<SP ID="P11_SP00235" HPOS="2050" VPOS="1678" WIDTH="24"/>
						<String ID="P11_ST00256" HPOS="2074" VPOS="1626" WIDTH="63" HEIGHT="39" CONTENT="les" WC="0.98" CC="240"/>
					</TextLine>
					<TextLine ID="P11_TL00023" HPOS="109" VPOS="1693" WIDTH="2018" HEIGHT="53">
						<String ID="P11_ST00257" HPOS="109" VPOS="1696" WIDTH="244" HEIGHT="50" CONTENT="agréments" WC="1.00" CC="000600000" STYLEREFS="TXT_3"/>
						<SP ID="P11_SP00236" HPOS="353" VPOS="1746" WIDTH="19"/>
						<String ID="P11_ST00258" HPOS="372" VPOS="1693" WIDTH="53" HEIGHT="40" CONTENT="de" WC="1.00" CC="00"/>
						<SP ID="P11_SP00237" HPOS="425" VPOS="1746" WIDTH="18"/>
						<String ID="P11_ST00259" HPOS="443" VPOS="1693" WIDTH="39" HEIGHT="40" CONTENT="la" WC="0.95" CC="00"/>
						<SP ID="P11_SP00238" HPOS="482" VPOS="1746" WIDTH="25"/>
						<String ID="P11_ST00260" HPOS="507" VPOS="1693" WIDTH="192" HEIGHT="40" CONTENT="mélodie" WC="0.99" CC="0050060"/>
						<SP ID="P11_SP00239" HPOS="699" VPOS="1746" WIDTH="24"/>
						<String ID="P11_ST00261" HPOS="723" VPOS="1698" WIDTH="22" HEIGHT="34" CONTENT="à" WC="1.00" CC="0"/>
						<SP ID="P11_SP00240" HPOS="745" VPOS="1746" WIDTH="19"/>
						<String ID="P11_ST00262" HPOS="764" VPOS="1693" WIDTH="282" HEIGHT="50" CONTENT="l'harmonie," WC="1.00" CC="40400000303"/>
						<SP ID="P11_SP00241" HPOS="1046" VPOS="1746" WIDTH="35"/>
						<String ID="P11_ST00263" HPOS="1081" VPOS="1707" WIDTH="113" HEIGHT="38" CONTENT="pour" WC="0.99" CC="0040"/>
						<SP ID="P11_SP00242" HPOS="1194" VPOS="1746" WIDTH="24"/>
						<String ID="P11_ST00264" HPOS="1218" VPOS="1708" WIDTH="85" HEIGHT="38" CONTENT="que" WC="1.00" CC="000"/>
						<SP ID="P11_SP00243" HPOS="1303" VPOS="1746" WIDTH="18"/>
						<String ID="P11_ST00265" HPOS="1321" VPOS="1708" WIDTH="70" HEIGHT="26" CONTENT="ces" WC="1.00" CC="001"/>
						<SP ID="P11_SP00244" HPOS="1391" VPOS="1746" WIDTH="35"/>
						<String ID="P11_ST00266" HPOS="1426" VPOS="1699" WIDTH="255" HEIGHT="46" CONTENT="agréments" WC="1.00" CC="000000601"/>
						<SP ID="P11_SP00245" HPOS="1681" VPOS="1746" WIDTH="24"/>
						<String ID="P11_ST00267" HPOS="1705" VPOS="1708" WIDTH="54" HEIGHT="26" CONTENT="ne" WC="1.00" CC="00"/>
						<SP ID="P11_SP00246" HPOS="1759" VPOS="1746" WIDTH="21"/>
						<String ID="P11_ST00268" HPOS="1780" VPOS="1694" WIDTH="203" HEIGHT="41" CONTENT="tombent" WC="0.99" CC="5300002"/>
						<SP ID="P11_SP00247" HPOS="1983" VPOS="1746" WIDTH="18"/>
						<String ID="P11_ST00269" HPOS="2001" VPOS="1696" WIDTH="126" HEIGHT="50" CONTENT="point" WC="0.99" CC="00306"/>
					</TextLine>
					<TextLine ID="P11_TL00024" HPOS="109" VPOS="1760" WIDTH="2015" HEIGHT="54">
						<String ID="P11_ST00270" HPOS="109" VPOS="1766" WIDTH="22" HEIGHT="35" CONTENT="à" WC="0.19" CC="8"/>
						<SP ID="P11_SP00248" HPOS="131" VPOS="1801" WIDTH="23"/>
						<String ID="P11_ST00271" HPOS="154" VPOS="1760" WIDTH="119" HEIGHT="42" CONTENT="faux." WC="0.98" CC="00790"/>
						<SP ID="P11_SP00249" HPOS="273" VPOS="1802" WIDTH="26"/>
						<String ID="P11_ST00272" HPOS="299" VPOS="1761" WIDTH="123" HEIGHT="41" CONTENT="Pour" WC="0.99" CC="3000"/>
						<SP ID="P11_SP00250" HPOS="422" VPOS="1802" WIDTH="22"/>
						<String ID="P11_ST00273" HPOS="444" VPOS="1761" WIDTH="39" HEIGHT="40" CONTENT="le" WC="0.77" CC="40"/>
						<SP ID="P11_SP00251" HPOS="483" VPOS="1802" WIDTH="20"/>
						<String ID="P11_ST00274" HPOS="503" VPOS="1771" WIDTH="100" HEIGHT="43" CONTENT="port" WC="1.00" CC="0200"/>
						<SP ID="P11_SP00252" HPOS="603" VPOS="1814" WIDTH="20"/>
						<String ID="P11_ST00275" HPOS="623" VPOS="1762" WIDTH="54" HEIGHT="39" CONTENT="de" WC="1.00" CC="00"/>
						<SP ID="P11_SP00253" HPOS="677" VPOS="1814" WIDTH="19"/>
						<String ID="P11_ST00276" HPOS="696" VPOS="1764" WIDTH="116" HEIGHT="47" CONTENT="voix," WC="0.99" CC="00203"/>
						<SP ID="P11_SP00254" HPOS="812" VPOS="1814" WIDTH="21"/>
						<String ID="P11_ST00277" HPOS="833" VPOS="1776" WIDTH="200" HEIGHT="38" CONTENT="appuyer" WC="1.00" CC="0000600"/>
						<SP ID="P11_SP00255" HPOS="1033" VPOS="1814" WIDTH="18"/>
						<String ID="P11_ST00278" HPOS="1051" VPOS="1776" WIDTH="75" HEIGHT="26" CONTENT="sur" WC="1.00" CC="000"/>
						<SP ID="P11_SP00256" HPOS="1126" VPOS="1814" WIDTH="20"/>
						<String ID="P11_ST00279" HPOS="1146" VPOS="1762" WIDTH="39" HEIGHT="40" CONTENT="la" WC="0.73" CC="50"/>
						<SP ID="P11_SP00257" HPOS="1185" VPOS="1814" WIDTH="23"/>
						<String ID="P11_ST00280" HPOS="1208" VPOS="1765" WIDTH="219" HEIGHT="49" CONTENT="première" WC="0.99" CC="00007700"/>
						<SP ID="P11_SP00258" HPOS="1427" VPOS="1814" WIDTH="16"/>
						<String ID="P11_ST00281" HPOS="1443" VPOS="1762" WIDTH="204" HEIGHT="41" CONTENT="noteafin" WC="0.74" CC="70000336"/>
						<SP ID="P11_SP00259" HPOS="1647" VPOS="1814" WIDTH="16"/>
						<String ID="P11_ST00282" HPOS="1663" VPOS="1763" WIDTH="267" HEIGHT="41" CONTENT="d'atteindre" WC="0.99" CC="03060047000"/>
						<SP ID="P11_SP00260" HPOS="1930" VPOS="1814" WIDTH="20"/>
						<String ID="P11_ST00283" HPOS="1950" VPOS="1764" WIDTH="174" HEIGHT="39" CONTENT="l'autre." WC="0.99" CC="12034003"/>
					</TextLine>
					<TextLine ID="P11_TL00025" HPOS="105" VPOS="1829" WIDTH="2026" HEIGHT="55">
						<String ID="P11_ST00284" HPOS="105" VPOS="1829" WIDTH="38" HEIGHT="40" CONTENT="L" WC="0.28" CC="7"/>
						<String ID="P11_ST00285" HPOS="148" VPOS="1830" WIDTH="254" HEIGHT="39" CONTENT='"indication' WC="0.99" CC="70700503000" STYLEREFS="TXT_3"/>
						<SP ID="P11_SP00261" HPOS="402" VPOS="1869" WIDTH="19"/>
						<String ID="P11_ST00286" HPOS="421" VPOS="1830" WIDTH="78" HEIGHT="40" CONTENT="des" WC="1.00" CC="000"/>
						<SP ID="P11_SP00262" HPOS="499" VPOS="1870" WIDTH="24"/>
						<String ID="P11_ST00287" HPOS="523" VPOS="1839" WIDTH="127" HEIGHT="31" CONTENT="notes" WC="0.99" CC="50000"/>
						<SP ID="P11_SP00263" HPOS="650" VPOS="1870" WIDTH="22"/>
						<String ID="P11_ST00288" HPOS="672" VPOS="1839" WIDTH="155" HEIGHT="31" CONTENT="tenues" WC="0.99" CC="000600"/>
						<SP ID="P11_SP00264" HPOS="827" VPOS="1870" WIDTH="21"/>
						<String ID="P11_ST00289" HPOS="848" VPOS="1844" WIDTH="57" HEIGHT="26" CONTENT="ou" WC="1.00" CC="00"/>
						<SP ID="P11_SP00265" HPOS="905" VPOS="1870" WIDTH="24"/>
						<String ID="P11_ST00290" HPOS="929" VPOS="1831" WIDTH="78" HEIGHT="39" CONTENT="des" WC="1.00" CC="000"/>
						<SP ID="P11_SP00266" HPOS="1007" VPOS="1870" WIDTH="23"/>
						<String ID="P11_ST00291" HPOS="1030" VPOS="1832" WIDTH="258" HEIGHT="39" CONTENT="intervalles" WC="1.00" CC="06000003008"/>
						<SP ID="P11_SP00267" HPOS="1288" VPOS="1871" WIDTH="19"/>
						<String ID="P11_ST00292" HPOS="1307" VPOS="1846" WIDTH="80" HEIGHT="37" CONTENT="par" WC="0.96" CC="090"/>
						<SP ID="P11_SP00268" HPOS="1387" VPOS="1883" WIDTH="19"/>
						<String ID="P11_ST00293" HPOS="1406" VPOS="1832" WIDTH="161" HEIGHT="50" CONTENT="degrés" WC="0.99" CC="000060"/>
						<SP ID="P11_SP00269" HPOS="1567" VPOS="1883" WIDTH="25"/>
						<String ID="P11_ST00294" HPOS="1592" VPOS="1833" WIDTH="224" HEIGHT="51" CONTENT="conjoints" WC="0.99" CC="010207032"/>
						<SP ID="P11_SP00270" HPOS="1816" VPOS="1884" WIDTH="23"/>
						<String ID="P11_ST00295" HPOS="1839" VPOS="1840" WIDTH="41" HEIGHT="32" CONTENT="et" WC="1.00" CC="00"/>
						<SP ID="P11_SP00271" HPOS="1880" VPOS="1884" WIDTH="14"/>
						<String ID="P11_ST00296" HPOS="1894" VPOS="1832" WIDTH="209" HEIGHT="52" CONTENT="disjoints" WC="1.00" CC="040002000"/>
						<SP ID="P11_SP00272" HPOS="2103" VPOS="1884" WIDTH="19"/>
						<String ID="P11_ST00297" HPOS="2122" VPOS="1846" WIDTH="9" HEIGHT="33" CONTENT=";" WC="0.34" CC="6"/>
					</TextLine>
					<TextLine ID="P11_TL00026" HPOS="108" VPOS="1899" WIDTH="2027" HEIGHT="55">
						<String ID="P11_ST00298" HPOS="108" VPOS="1899" WIDTH="77" HEIGHT="40" CONTENT="des" WC="1.00" CC="000"/>
						<SP ID="P11_SP00273" HPOS="185" VPOS="1939" WIDTH="33"/>
						<String ID="P11_ST00299" HPOS="218" VPOS="1908" WIDTH="127" HEIGHT="31" CONTENT="notes" WC="0.99" CC="00400"/>
						<SP ID="P11_SP00274" HPOS="345" VPOS="1939" WIDTH="15"/>
						<String ID="P11_ST00300" HPOS="360" VPOS="1899" WIDTH="106" HEIGHT="40" CONTENT="liées" WC="0.99" CC="43000"/>
						<SP ID="P11_SP00275" HPOS="466" VPOS="1939" WIDTH="21"/>
						<String ID="P11_ST00301" HPOS="487" VPOS="1908" WIDTH="41" HEIGHT="31" CONTENT="et" WC="1.00" CC="00"/>
						<SP ID="P11_SP00276" HPOS="528" VPOS="1939" WIDTH="20"/>
						<String ID="P11_ST00302" HPOS="548" VPOS="1899" WIDTH="77" HEIGHT="40" CONTENT="des" WC="0.98" CC="040"/>
						<SP ID="P11_SP00277" HPOS="625" VPOS="1939" WIDTH="25"/>
						<String ID="P11_ST00303" HPOS="650" VPOS="1908" WIDTH="128" HEIGHT="31" CONTENT="notes" WC="1.00" CC="00100"/>
						<SP ID="P11_SP00278" HPOS="778" VPOS="1939" WIDTH="18"/>
						<String ID="P11_ST00304" HPOS="796" VPOS="1901" WIDTH="203" HEIGHT="51" CONTENT="piquées," WC="0.99" CC="04040004"/>
						<SP ID="P11_SP00279" HPOS="999" VPOS="1952" WIDTH="25"/>
						<String ID="P11_ST00305" HPOS="1024" VPOS="1899" WIDTH="145" HEIGHT="52" CONTENT="plutôt" WC="0.99" CC="027040"/>
						<SP ID="P11_SP00280" HPOS="1169" VPOS="1952" WIDTH="36"/>
						<String ID="P11_ST00306" HPOS="1205" VPOS="1913" WIDTH="87" HEIGHT="39" CONTENT="que" WC="1.00" CC="000"/>
						<SP ID="P11_SP00281" HPOS="1292" VPOS="1952" WIDTH="36"/>
						<String ID="P11_ST00307" HPOS="1328" VPOS="1900" WIDTH="24" HEIGHT="39" CONTENT="Y" WC="0.27" CC="7" STYLEREFS="TXT_3"/>
						<SP ID="P11_SP00282" HPOS="1352" VPOS="1952" WIDTH="7"/>
						<String ID="P11_ST00308" HPOS="1359" VPOS="1900" WIDTH="263" HEIGHT="54" CONTENT="explication" WC="1.00" CC="05010601000" STYLEREFS="TXT_3"/>
						<SP ID="P11_SP00283" HPOS="1622" VPOS="1954" WIDTH="30"/>
						<String ID="P11_ST00309" HPOS="1652" VPOS="1901" WIDTH="78" HEIGHT="40" CONTENT="des" WC="1.00" CC="000"/>
						<SP ID="P11_SP00284" HPOS="1730" VPOS="1954" WIDTH="38"/>
						<String ID="P11_ST00310" HPOS="1768" VPOS="1913" WIDTH="186" HEIGHT="39" CONTENT="moyens" WC="0.99" CC="000054"/>
						<SP ID="P11_SP00285" HPOS="1954" VPOS="1954" WIDTH="26"/>
						<String ID="P11_ST00311" HPOS="1980" VPOS="1905" WIDTH="21" HEIGHT="34" CONTENT="à" WC="0.74" CC="2"/>
						<SP ID="P11_SP00286" HPOS="2001" VPOS="1954" WIDTH="37"/>
						<String ID="P11_ST00312" HPOS="2038" VPOS="1913" WIDTH="65" HEIGHT="26" CONTENT="em" SUBS_TYPE="HypPart1" SUBS_CONTENT="employer" WC="0.96" CC="05"/>
						<HYP HPOS="2103" VPOS="1913" WIDTH="32" CONTENT="-"/>
					</TextLine>
					<TextLine ID="P11_TL00027" HPOS="111" VPOS="1967" WIDTH="787" HEIGHT="53">
						<String ID="P11_ST00313" HPOS="111" VPOS="1967" WIDTH="155" HEIGHT="53" CONTENT="ployer" SUBS_TYPE="HypPart2" SUBS_CONTENT="employer" WC="1.00" CC="050000"/>
						<SP ID="P11_SP00287" HPOS="266" VPOS="2020" WIDTH="21"/>
						<String ID="P11_ST00314" HPOS="287" VPOS="1981" WIDTH="115" HEIGHT="39" CONTENT="pour" WC="0.99" CC="0030"/>
						<SP ID="P11_SP00288" HPOS="402" VPOS="2020" WIDTH="20"/>
						<String ID="P11_ST00315" HPOS="422" VPOS="1970" WIDTH="168" HEIGHT="38" CONTENT="arriver" WC="1.00" CC="0000000"/>
						<SP ID="P11_SP00289" HPOS="590" VPOS="2020" WIDTH="24"/>
						<String ID="P11_ST00316" HPOS="614" VPOS="1982" WIDTH="55" HEIGHT="25" CONTENT="au" WC="1.00" CC="00"/>
						<SP ID="P11_SP00290" HPOS="669" VPOS="2020" WIDTH="27"/>
						<String ID="P11_ST00317" HPOS="696" VPOS="1968" WIDTH="202" HEIGHT="40" CONTENT="résultat." WC="0.99" CC="000068034"/>
					</TextLine>
					<TextLine ID="P11_TL00028" HPOS="169" VPOS="2035" WIDTH="1959" HEIGHT="54">
						<String ID="P11_ST00318" HPOS="169" VPOS="2036" WIDTH="123" HEIGHT="41" CONTENT="Dans" WC="0.98" CC="3050"/>
						<SP ID="P11_SP00291" HPOS="292" VPOS="2077" WIDTH="41"/>
						<String ID="P11_ST00319" HPOS="333" VPOS="2052" WIDTH="60" HEIGHT="25" CONTENT="un" WC="0.77" CC="40"/>
						<SP ID="P11_SP00292" HPOS="393" VPOS="2077" WIDTH="36"/>
						<String ID="P11_ST00320" HPOS="429" VPOS="2035" WIDTH="70" HEIGHT="42" CONTENT="bel" WC="1.00" CC="000"/>
						<SP ID="P11_SP00293" HPOS="499" VPOS="2077" WIDTH="30"/>
						<String ID="P11_ST00321" HPOS="529" VPOS="2050" WIDTH="186" HEIGHT="37" CONTENT="organe," WC="1.00" CC="0000004"/>
						<SP ID="P11_SP00294" HPOS="715" VPOS="2087" WIDTH="35"/>
						<String ID="P11_ST00322" HPOS="750" VPOS="2037" WIDTH="63" HEIGHT="40" CONTENT="dit" WC="1.00" CC="000"/>
						<SP ID="P11_SP00295" HPOS="813" VPOS="2087" WIDTH="36"/>
						<String ID="P11_ST00323" HPOS="849" VPOS="2050" WIDTH="159" HEIGHT="27" CONTENT="encore" WC="1.00" CC="000000"/>
						<SP ID="P11_SP00296" HPOS="1008" VPOS="2087" WIDTH="29"/>
						<String ID="P11_ST00324" HPOS="1037" VPOS="2035" WIDTH="205" HEIGHT="50" CONTENT="l'auteur," WC="0.99" CC="020260604"/>
						<SP ID="P11_SP00297" HPOS="1242" VPOS="2087" WIDTH="37"/>
						<String ID="P11_ST00325" HPOS="1279" VPOS="2037" WIDTH="39" HEIGHT="40" CONTENT="la" WC="0.88" CC="20"/>
						<SP ID="P11_SP00298" HPOS="1318" VPOS="2087" WIDTH="25"/>
						<String ID="P11_ST00326" HPOS="1343" VPOS="2039" WIDTH="100" HEIGHT="38" CONTENT="voix" WC="0.98" CC="0019"/>
						<SP ID="P11_SP00299" HPOS="1443" VPOS="2087" WIDTH="36"/>
						<String ID="P11_ST00327" HPOS="1479" VPOS="2051" WIDTH="55" HEIGHT="26" CONTENT="ne" WC="0.89" CC="20"/>
						<SP ID="P11_SP00300" HPOS="1534" VPOS="2087" WIDTH="36"/>
						<String ID="P11_ST00328" HPOS="1570" VPOS="2038" WIDTH="93" HEIGHT="40" CONTENT="doit" WC="0.99" CC="0240"/>
						<SP ID="P11_SP00301" HPOS="1663" VPOS="2087" WIDTH="39"/>
						<String ID="P11_ST00329" HPOS="1702" VPOS="2051" WIDTH="79" HEIGHT="38" CONTENT="pas" WC="0.98" CC="004"/>
						<SP ID="P11_SP00302" HPOS="1781" VPOS="2089" WIDTH="41"/>
						<String ID="P11_ST00330" HPOS="1822" VPOS="2041" WIDTH="92" HEIGHT="36" CONTENT="être" WC="0.99" CC="6000"/>
						<SP ID="P11_SP00303" HPOS="1914" VPOS="2089" WIDTH="36"/>
						<String ID="P11_ST00331" HPOS="1950" VPOS="2039" WIDTH="178" HEIGHT="48" CONTENT="éteinte," WC="0.99" CC="60040004"/>
					</TextLine>
					<TextLine ID="P11_TL00029" HPOS="112" VPOS="2105" WIDTH="2025" HEIGHT="54">
						<String ID="P11_ST00332" HPOS="112" VPOS="2105" WIDTH="128" HEIGHT="49" CONTENT="fêlée," WC="0.99" CC="063004"/>
						<SP ID="P11_SP00304" HPOS="240" VPOS="2154" WIDTH="25"/>
						<String ID="P11_ST00333" HPOS="265" VPOS="2119" WIDTH="187" HEIGHT="38" CONTENT="rauque," WC="0.80" CC="0040504"/>
						<SP ID="P11_SP00305" HPOS="452" VPOS="2157" WIDTH="18"/>
						<String ID="P11_ST00334" HPOS="470" VPOS="2106" WIDTH="297" HEIGHT="51" CONTENT="glapissante," WC="1.00" CC="050010000404"/>
						<SP ID="P11_SP00306" HPOS="767" VPOS="2157" WIDTH="28"/>
						<String ID="P11_ST00335" HPOS="795" VPOS="2106" WIDTH="188" HEIGHT="49" CONTENT="criarde," WC="1.00" CC="00400004"/>
						<SP ID="P11_SP00307" HPOS="983" VPOS="2157" WIDTH="28"/>
						<String ID="P11_ST00336" HPOS="1011" VPOS="2105" WIDTH="256" HEIGHT="41" CONTENT="laborieuse" WC="1.00" CC="4000020300"/>
						<SP ID="P11_SP00308" HPOS="1267" VPOS="2157" WIDTH="21"/>
						<String ID="P11_ST00337" HPOS="1288" VPOS="2117" WIDTH="8" HEIGHT="37" CONTENT=";" WC="0.33" CC="6"/>
						<SP ID="P11_SP00309" HPOS="1296" VPOS="2157" WIDTH="26"/>
						<String ID="P11_ST00338" HPOS="1322" VPOS="2120" WIDTH="82" HEIGHT="38" CONTENT="pas" WC="1.00" CC="000"/>
						<SP ID="P11_SP00310" HPOS="1404" VPOS="2158" WIDTH="19"/>
						<String ID="P11_ST00339" HPOS="1423" VPOS="2106" WIDTH="52" HEIGHT="40" CONTENT="de" WC="1.00" CC="00"/>
						<SP ID="P11_SP00311" HPOS="1475" VPOS="2158" WIDTH="22"/>
						<String ID="P11_ST00340" HPOS="1497" VPOS="2106" WIDTH="212" HEIGHT="53" CONTENT="hoquets," WC="1.00" CC="30000004"/>
						<SP ID="P11_SP00312" HPOS="1709" VPOS="2159" WIDTH="25"/>
						<String ID="P11_ST00341" HPOS="1734" VPOS="2107" WIDTH="53" HEIGHT="40" CONTENT="de" WC="1.00" CC="00"/>
						<SP ID="P11_SP00313" HPOS="1787" VPOS="2159" WIDTH="21"/>
						<String ID="P11_ST00342" HPOS="1808" VPOS="2106" WIDTH="240" HEIGHT="51" CONTENT="glissades," WC="1.00" CC="0130000014"/>
						<SP ID="P11_SP00314" HPOS="2048" VPOS="2159" WIDTH="36"/>
						<String ID="P11_ST00343" HPOS="2084" VPOS="2106" WIDTH="53" HEIGHT="40" CONTENT="de" WC="1.00" CC="00"/>
					</TextLine>
					<TextLine ID="P11_TL00030" HPOS="113" VPOS="2174" WIDTH="1614" HEIGHT="53">
						<String ID="P11_ST00344" HPOS="113" VPOS="2179" WIDTH="210" HEIGHT="44" CONTENT="traînées," WC="0.99" CC="400050004"/>
						<SP ID="P11_SP00315" HPOS="323" VPOS="2223" WIDTH="25"/>
						<String ID="P11_ST00345" HPOS="348" VPOS="2174" WIDTH="54" HEIGHT="41" CONTENT="de" WC="1.00" CC="00"/>
						<SP ID="P11_SP00316" HPOS="402" VPOS="2223" WIDTH="24"/>
						<String ID="P11_ST00346" HPOS="426" VPOS="2174" WIDTH="369" HEIGHT="48" CONTENT="chevrottement," WC="0.92" CC="00000050000014"/>
						<SP ID="P11_SP00317" HPOS="795" VPOS="2223" WIDTH="32"/>
						<String ID="P11_ST00347" HPOS="827" VPOS="2175" WIDTH="55" HEIGHT="39" CONTENT="de" WC="1.00" CC="00"/>
						<SP ID="P11_SP00318" HPOS="882" VPOS="2223" WIDTH="26"/>
						<String ID="P11_ST00348" HPOS="908" VPOS="2175" WIDTH="139" HEIGHT="40" CONTENT="trilles" WC="0.99" CC="6033400"/>
						<SP ID="P11_SP00319" HPOS="1047" VPOS="2223" WIDTH="25"/>
						<String ID="P11_ST00349" HPOS="1072" VPOS="2179" WIDTH="22" HEIGHT="35" CONTENT="à" WC="0.70" CC="2"/>
						<SP ID="P11_SP00320" HPOS="1094" VPOS="2223" WIDTH="35"/>
						<String ID="P11_ST00350" HPOS="1129" VPOS="2175" WIDTH="38" HEIGHT="39" CONTENT="la" WC="0.89" CC="20"/>
						<SP ID="P11_SP00321" HPOS="1167" VPOS="2223" WIDTH="28"/>
						<String ID="P11_ST00351" HPOS="1195" VPOS="2176" WIDTH="133" HEIGHT="39" CONTENT="tierce" WC="1.00" CC="000000"/>
						<SP ID="P11_SP00322" HPOS="1328" VPOS="2223" WIDTH="26"/>
						<String ID="P11_ST00352" HPOS="1354" VPOS="2188" WIDTH="57" HEIGHT="27" CONTENT="ou" WC="0.63" CC="07"/>
						<SP ID="P11_SP00323" HPOS="1411" VPOS="2223" WIDTH="32"/>
						<String ID="P11_ST00353" HPOS="1443" VPOS="2179" WIDTH="22" HEIGHT="35" CONTENT="à" WC="0.52" CC="4"/>
						<SP ID="P11_SP00324" HPOS="1465" VPOS="2223" WIDTH="23"/>
						<String ID="P11_ST00354" HPOS="1488" VPOS="2175" WIDTH="38" HEIGHT="39" CONTENT="la" WC="0.80" CC="30"/>
						<SP ID="P11_SP00325" HPOS="1526" VPOS="2223" WIDTH="28"/>
						<String ID="P11_ST00355" HPOS="1554" VPOS="2184" WIDTH="173" HEIGHT="43" CONTENT="quarte." WC="1.00" CC="0000003"/>
					</TextLine>
					<TextLine ID="P11_TL00031" HPOS="167" VPOS="2242" WIDTH="1968" HEIGHT="53">
						<String ID="P11_ST00356" HPOS="167" VPOS="2242" WIDTH="63" HEIGHT="41" CONTENT="La" WC="0.80" CC="40"/>
						<SP ID="P11_SP00326" HPOS="230" VPOS="2283" WIDTH="25"/>
						<String ID="P11_ST00357" HPOS="255" VPOS="2244" WIDTH="222" HEIGHT="51" CONTENT="précision" WC="1.00" CC="000000005"/>
						<SP ID="P11_SP00327" HPOS="477" VPOS="2295" WIDTH="38"/>
						<String ID="P11_ST00358" HPOS="515" VPOS="2244" WIDTH="114" HEIGHT="39" CONTENT="dans" WC="1.00" CC="0000"/>
						<SP ID="P11_SP00328" HPOS="629" VPOS="2295" WIDTH="32"/>
						<String ID="P11_ST00359" HPOS="661" VPOS="2243" WIDTH="40" HEIGHT="40" CONTENT="la" WC="0.72" CC="50"/>
						<SP ID="P11_SP00329" HPOS="701" VPOS="2295" WIDTH="26"/>
						<String ID="P11_ST00360" HPOS="727" VPOS="2257" WIDTH="193" HEIGHT="35" CONTENT="mesure," WC="0.99" CC="0205004"/>
						<SP ID="P11_SP00330" HPOS="920" VPOS="2295" WIDTH="31"/>
						<String ID="P11_ST00361" HPOS="951" VPOS="2243" WIDTH="39" HEIGHT="40" CONTENT="la" WC="0.77" CC="40"/>
						<SP ID="P11_SP00331" HPOS="990" VPOS="2295" WIDTH="26"/>
						<String ID="P11_ST00362" HPOS="1016" VPOS="2247" WIDTH="167" HEIGHT="37" CONTENT="netteté" WC="1.00" CC="4000000"/>
						<SP ID="P11_SP00332" HPOS="1183" VPOS="2295" WIDTH="28"/>
						<String ID="P11_ST00363" HPOS="1211" VPOS="2243" WIDTH="78" HEIGHT="41" CONTENT="des" WC="1.00" CC="000"/>
						<SP ID="P11_SP00333" HPOS="1289" VPOS="2295" WIDTH="41"/>
						<String ID="P11_ST00364" HPOS="1330" VPOS="2245" WIDTH="142" HEIGHT="48" CONTENT="traits," WC="0.99" CC="6003004"/>
						<SP ID="P11_SP00334" HPOS="1472" VPOS="2295" WIDTH="42"/>
						<String ID="P11_ST00365" HPOS="1514" VPOS="2244" WIDTH="64" HEIGHT="40" CONTENT="les" WC="0.98" CC="004"/>
						<SP ID="P11_SP00335" HPOS="1578" VPOS="2295" WIDTH="44"/>
						<String ID="P11_ST00366" HPOS="1622" VPOS="2244" WIDTH="139" HEIGHT="40" CONTENT="trilles" WC="0.99" CC="3004300"/>
						<SP ID="P11_SP00336" HPOS="1761" VPOS="2295" WIDTH="24"/>
						<String ID="P11_ST00367" HPOS="1785" VPOS="2244" WIDTH="103" HEIGHT="40" CONTENT="bien" WC="1.00" CC="0000"/>
						<SP ID="P11_SP00337" HPOS="1888" VPOS="2295" WIDTH="35"/>
						<String ID="P11_ST00368" HPOS="1923" VPOS="2246" WIDTH="212" HEIGHT="39" CONTENT="terminés" WC="0.99" CC="50004600"/>
					</TextLine>
					<TextLine ID="P11_TL00032" HPOS="113" VPOS="2310" WIDTH="2018" HEIGHT="55">
						<String ID="P11_ST00369" HPOS="113" VPOS="2320" WIDTH="40" HEIGHT="32" CONTENT="et" WC="0.67" CC="06"/>
						<SP ID="P11_SP00338" HPOS="153" VPOS="2352" WIDTH="23"/>
						<String ID="P11_ST00370" HPOS="176" VPOS="2310" WIDTH="120" HEIGHT="42" CONTENT="enfin" WC="0.99" CC="00330"/>
						<SP ID="P11_SP00339" HPOS="296" VPOS="2352" WIDTH="24"/>
						<String ID="P11_ST00371" HPOS="320" VPOS="2312" WIDTH="40" HEIGHT="40" CONTENT="la" WC="0.75" CC="40"/>
						<SP ID="P11_SP00340" HPOS="360" VPOS="2352" WIDTH="33"/>
						<String ID="P11_ST00372" HPOS="393" VPOS="2312" WIDTH="171" HEIGHT="50" CONTENT="grande" WC="1.00" CC="000000"/>
						<SP ID="P11_SP00341" HPOS="564" VPOS="2362" WIDTH="21"/>
						<String ID="P11_ST00373" HPOS="585" VPOS="2312" WIDTH="229" HEIGHT="51" CONTENT="simplicité" WC="1.00" CC="0004000032" STYLEREFS="TXT_3"/>
						<SP ID="P11_SP00342" HPOS="814" VPOS="2363" WIDTH="20"/>
						<String ID="P11_ST00374" HPOS="834" VPOS="2314" WIDTH="76" HEIGHT="50" CONTENT="qui" WC="0.97" CC="053"/>
						<SP ID="P11_SP00343" HPOS="910" VPOS="2364" WIDTH="24"/>
						<String ID="P11_ST00375" HPOS="934" VPOS="2320" WIDTH="65" HEIGHT="32" CONTENT="est" WC="0.97" CC="025"/>
						<SP ID="P11_SP00344" HPOS="999" VPOS="2364" WIDTH="28"/>
						<String ID="P11_ST00376" HPOS="1027" VPOS="2312" WIDTH="40" HEIGHT="40" CONTENT="la" WC="0.84" CC="30"/>
						<SP ID="P11_SP00345" HPOS="1067" VPOS="2364" WIDTH="22"/>
						<String ID="P11_ST00377" HPOS="1089" VPOS="2311" WIDTH="247" HEIGHT="53" CONTENT="perfection" WC="1.00" CC="0000020436"/>
						<SP ID="P11_SP00346" HPOS="1336" VPOS="2364" WIDTH="20"/>
						<String ID="P11_ST00378" HPOS="1356" VPOS="2313" WIDTH="112" HEIGHT="39" CONTENT="dans" WC="1.00" CC="0000"/>
						<SP ID="P11_SP00347" HPOS="1468" VPOS="2364" WIDTH="25"/>
						<String ID="P11_ST00379" HPOS="1493" VPOS="2321" WIDTH="99" HEIGHT="32" CONTENT="tous" WC="0.99" CC="0050"/>
						<SP ID="P11_SP00348" HPOS="1592" VPOS="2364" WIDTH="22"/>
						<String ID="P11_ST00380" HPOS="1614" VPOS="2313" WIDTH="62" HEIGHT="39" CONTENT="les" WC="0.98" CC="500"/>
						<SP ID="P11_SP00349" HPOS="1676" VPOS="2364" WIDTH="24"/>
						<String ID="P11_ST00381" HPOS="1700" VPOS="2322" WIDTH="107" HEIGHT="37" CONTENT="arts," WC="1.00" CC="00003"/>
						<SP ID="P11_SP00350" HPOS="1807" VPOS="2364" WIDTH="25"/>
						<String ID="P11_ST00382" HPOS="1832" VPOS="2313" WIDTH="117" HEIGHT="40" CONTENT="voilà" WC="0.98" CC="00444"/>
						<SP ID="P11_SP00351" HPOS="1949" VPOS="2364" WIDTH="25"/>
						<String ID="P11_ST00383" HPOS="1974" VPOS="2326" WIDTH="47" HEIGHT="27" CONTENT="ce" WC="1.00" CC="00"/>
						<SP ID="P11_SP00352" HPOS="2021" VPOS="2364" WIDTH="37"/>
						<String ID="P11_ST00384" HPOS="2058" VPOS="2314" WIDTH="73" HEIGHT="51" CONTENT="qui" WC="0.99" CC="003"/>
					</TextLine>
					<TextLine ID="P11_TL00033" HPOS="113" VPOS="2380" WIDTH="2024" HEIGHT="55">
						<String ID="P11_ST00385" HPOS="113" VPOS="2383" WIDTH="262" HEIGHT="38" CONTENT="caractérise" WC="1.00" CC="00000000400"/>
						<SP ID="P11_SP00353" HPOS="375" VPOS="2421" WIDTH="23"/>
						<String ID="P11_ST00386" HPOS="398" VPOS="2396" WIDTH="60" HEIGHT="26" CONTENT="un" WC="0.66" CC="06"/>
						<SP ID="P11_SP00354" HPOS="458" VPOS="2422" WIDTH="24"/>
						<String ID="P11_ST00387" HPOS="482" VPOS="2380" WIDTH="91" HEIGHT="41" CONTENT="bon" WC="1.00" CC="000"/>
						<SP ID="P11_SP00355" HPOS="573" VPOS="2422" WIDTH="24"/>
						<String ID="P11_ST00388" HPOS="597" VPOS="2381" WIDTH="230" HEIGHT="40" CONTENT="chanteur." WC="1.00" CC="020000601"/>
						<SP ID="P11_SP00356" HPOS="827" VPOS="2422" WIDTH="20"/>
						<String ID="P11_ST00389" HPOS="847" VPOS="2381" WIDTH="51" HEIGHT="54" CONTENT="Je" WC="1.00" CC="00"/>
						<SP ID="P11_SP00357" HPOS="898" VPOS="2435" WIDTH="24"/>
						<String ID="P11_ST00390" HPOS="922" VPOS="2383" WIDTH="116" HEIGHT="38" CONTENT="crois" WC="0.99" CC="00040"/>
						<SP ID="P11_SP00358" HPOS="1038" VPOS="2435" WIDTH="32"/>
						<String ID="P11_ST00391" HPOS="1070" VPOS="2395" WIDTH="86" HEIGHT="37" CONTENT="que" WC="1.00" CC="000"/>
						<SP ID="P11_SP00359" HPOS="1156" VPOS="2435" WIDTH="24"/>
						<String ID="P11_ST00392" HPOS="1180" VPOS="2381" WIDTH="63" HEIGHT="40" CONTENT="les" WC="0.98" CC="400"/>
						<SP ID="P11_SP00360" HPOS="1243" VPOS="2435" WIDTH="25"/>
						<String ID="P11_ST00393" HPOS="1268" VPOS="2381" WIDTH="252" HEIGHT="40" CONTENT="desiderata" WC="1.00" CC="0002000040"/>
						<SP ID="P11_SP00361" HPOS="1520" VPOS="2435" WIDTH="23"/>
						<String ID="P11_ST00394" HPOS="1543" VPOS="2382" WIDTH="54" HEIGHT="39" CONTENT="de" WC="1.00" CC="00"/>
						<SP ID="P11_SP00362" HPOS="1597" VPOS="2435" WIDTH="19"/>
						<String ID="P11_ST00395" HPOS="1616" VPOS="2380" WIDTH="184" HEIGHT="41" CONTENT="Martini" WC="0.99" CC="0006042"/>
						<SP ID="P11_SP00363" HPOS="1800" VPOS="2435" WIDTH="35"/>
						<String ID="P11_ST00396" HPOS="1835" VPOS="2383" WIDTH="260" HEIGHT="51" CONTENT="pourraient" WC="1.00" CC="0053003000"/>
						<SP ID="P11_SP00364" HPOS="2095" VPOS="2435" WIDTH="21"/>
						<String ID="P11_ST00397" HPOS="2116" VPOS="2386" WIDTH="21" HEIGHT="35" CONTENT="à" WC="0.57" CC="4"/>
					</TextLine>
					<TextLine ID="P11_TL00034" HPOS="110" VPOS="2448" WIDTH="2020" HEIGHT="54">
						<String ID="P11_ST00398" HPOS="110" VPOS="2464" WIDTH="86" HEIGHT="38" CONTENT="peu" WC="0.98" CC="005"/>
						<SP ID="P11_SP00365" HPOS="196" VPOS="2502" WIDTH="21"/>
						<String ID="P11_ST00399" HPOS="217" VPOS="2451" WIDTH="52" HEIGHT="39" CONTENT="de" WC="1.00" CC="00"/>
						<SP ID="P11_SP00366" HPOS="269" VPOS="2502" WIDTH="25"/>
						<String ID="P11_ST00400" HPOS="294" VPOS="2451" WIDTH="134" HEIGHT="39" CONTENT="chose" WC="0.99" CC="00040"/>
						<SP ID="P11_SP00367" HPOS="428" VPOS="2502" WIDTH="23"/>
						<String ID="P11_ST00401" HPOS="451" VPOS="2456" WIDTH="99" HEIGHT="45" CONTENT="près" WC="0.98" CC="0070"/>
						<SP ID="P11_SP00368" HPOS="550" VPOS="2502" WIDTH="24"/>
						<String ID="P11_ST00402" HPOS="574" VPOS="2454" WIDTH="91" HEIGHT="35" CONTENT="être" WC="0.98" CC="7000"/>
						<SP ID="P11_SP00369" HPOS="665" VPOS="2502" WIDTH="22"/>
						<String ID="P11_ST00403" HPOS="687" VPOS="2463" WIDTH="162" HEIGHT="26" CONTENT="encore" WC="0.99" CC="070000"/>
						<SP ID="P11_SP00370" HPOS="849" VPOS="2502" WIDTH="20"/>
						<String ID="P11_ST00404" HPOS="869" VPOS="2449" WIDTH="63" HEIGHT="40" CONTENT="les" WC="0.98" CC="600"/>
						<SP ID="P11_SP00371" HPOS="932" VPOS="2502" WIDTH="24"/>
						<String ID="P11_ST00405" HPOS="956" VPOS="2453" WIDTH="166" HEIGHT="36" CONTENT="nôtres." WC="0.99" CC="0500004"/>
						<SP ID="P11_SP00372" HPOS="1122" VPOS="2502" WIDTH="27"/>
						<String ID="P11_ST00406" HPOS="1149" VPOS="2448" WIDTH="154" HEIGHT="52" CONTENT="Quant" WC="0.99" CC="07000"/>
						<SP ID="P11_SP00373" HPOS="1303" VPOS="2502" WIDTH="29"/>
						<String ID="P11_ST00407" HPOS="1332" VPOS="2453" WIDTH="22" HEIGHT="35" CONTENT="à" WC="0.10" CC="8"/>
						<SP ID="P11_SP00374" HPOS="1354" VPOS="2502" WIDTH="26"/>
						<String ID="P11_ST00408" HPOS="1380" VPOS="2450" WIDTH="40" HEIGHT="39" CONTENT="la" WC="0.83" CC="30"/>
						<SP ID="P11_SP00375" HPOS="1420" VPOS="2502" WIDTH="23"/>
						<String ID="P11_ST00409" HPOS="1443" VPOS="2449" WIDTH="165" HEIGHT="40" CONTENT="science" WC="1.00" CC="0000000" STYLEREFS="TXT_3"/>
						<SP ID="P11_SP00376" HPOS="1608" VPOS="2502" WIDTH="21"/>
						<String ID="P11_ST00410" HPOS="1629" VPOS="2450" WIDTH="243" HEIGHT="51" CONTENT="appliquée" WC="0.99" CC="000520560"/>
						<SP ID="P11_SP00377" HPOS="1872" VPOS="2502" WIDTH="25"/>
						<String ID="P11_ST00411" HPOS="1897" VPOS="2465" WIDTH="55" HEIGHT="25" CONTENT="au" WC="1.00" CC="00"/>
						<SP ID="P11_SP00378" HPOS="1952" VPOS="2502" WIDTH="31"/>
						<String ID="P11_ST00412" HPOS="1983" VPOS="2450" WIDTH="147" HEIGHT="47" CONTENT="chant," WC="0.99" CC="000734"/>
					</TextLine>
					<TextLine ID="P11_TL00035" HPOS="114" VPOS="2517" WIDTH="2021" HEIGHT="53">
						<String ID="P11_ST00413" HPOS="114" VPOS="2532" WIDTH="115" HEIGHT="27" CONTENT="nous" WC="0.99" CC="0060"/>
						<SP ID="P11_SP00379" HPOS="229" VPOS="2559" WIDTH="36"/>
						<String ID="P11_ST00414" HPOS="265" VPOS="2532" WIDTH="54" HEIGHT="26" CONTENT="ne" WC="0.82" CC="30"/>
						<SP ID="P11_SP00380" HPOS="319" VPOS="2559" WIDTH="28"/>
						<String ID="P11_ST00415" HPOS="347" VPOS="2532" WIDTH="205" HEIGHT="38" CONTENT="pouvons" WC="0.99" CC="0355000"/>
						<SP ID="P11_SP00381" HPOS="552" VPOS="2570" WIDTH="36"/>
						<String ID="P11_ST00416" HPOS="588" VPOS="2531" WIDTH="54" HEIGHT="26" CONTENT="en" WC="1.00" CC="00"/>
						<SP ID="P11_SP00382" HPOS="642" VPOS="2570" WIDTH="24"/>
						<String ID="P11_ST00417" HPOS="666" VPOS="2518" WIDTH="147" HEIGHT="52" CONTENT="parler" WC="1.00" CC="000000"/>
						<SP ID="P11_SP00383" HPOS="813" VPOS="2570" WIDTH="23"/>
						<String ID="P11_ST00418" HPOS="836" VPOS="2522" WIDTH="22" HEIGHT="35" CONTENT="à" WC="1.00" CC="0"/>
						<SP ID="P11_SP00384" HPOS="858" VPOS="2570" WIDTH="24"/>
						<String ID="P11_ST00419" HPOS="882" VPOS="2531" WIDTH="167" HEIGHT="39" CONTENT="propos" WC="1.00" CC="000000"/>
						<SP ID="P11_SP00385" HPOS="1049" VPOS="2570" WIDTH="24"/>
						<String ID="P11_ST00420" HPOS="1073" VPOS="2518" WIDTH="53" HEIGHT="39" CONTENT="de" WC="1.00" CC="00"/>
						<SP ID="P11_SP00386" HPOS="1126" VPOS="2570" WIDTH="38"/>
						<String ID="P11_ST00421" HPOS="1164" VPOS="2526" WIDTH="111" HEIGHT="31" CONTENT="cette" WC="0.99" CC="00050"/>
						<SP ID="P11_SP00387" HPOS="1275" VPOS="2570" WIDTH="40"/>
						<String ID="P11_ST00422" HPOS="1315" VPOS="2518" WIDTH="210" HEIGHT="40" CONTENT="méthode" WC="1.00" CC="0050000"/>
						<SP ID="P11_SP00388" HPOS="1525" VPOS="2570" WIDTH="39"/>
						<String ID="P11_ST00423" HPOS="1564" VPOS="2518" WIDTH="101" HEIGHT="52" CONTENT="plus" WC="0.98" CC="0340"/>
						<SP ID="P11_SP00389" HPOS="1665" VPOS="2570" WIDTH="37"/>
						<String ID="P11_ST00424" HPOS="1702" VPOS="2532" WIDTH="86" HEIGHT="38" CONTENT="que" WC="1.00" CC="000"/>
						<SP ID="P11_SP00390" HPOS="1788" VPOS="2570" WIDTH="24"/>
						<String ID="P11_ST00425" HPOS="1812" VPOS="2517" WIDTH="189" HEIGHT="42" CONTENT="l'auteur" WC="1.00" CC="14000000"/>
						<SP ID="P11_SP00391" HPOS="2001" VPOS="2570" WIDTH="33"/>
						<String ID="P11_ST00426" HPOS="2034" VPOS="2518" WIDTH="101" HEIGHT="40" CONTENT="n'en" WC="0.97" CC="4407"/>
					</TextLine>
					<TextLine ID="P11_TL00036" HPOS="115" VPOS="2587" WIDTH="402" HEIGHT="52">
						<String ID="P11_ST00427" HPOS="115" VPOS="2587" WIDTH="124" HEIGHT="52" CONTENT="parle" WC="1.00" CC="00000"/>
						<SP ID="P11_SP00392" HPOS="239" VPOS="2639" WIDTH="24"/>
						<String ID="P11_ST00428" HPOS="263" VPOS="2587" WIDTH="254" HEIGHT="40" CONTENT="lui-même." WC="0.99" CC="033006004"/>
					</TextLine>
					<TextLine ID="P11_TL00037" HPOS="169" VPOS="2655" WIDTH="1962" HEIGHT="53">
						<String ID="P11_ST00429" HPOS="169" VPOS="2655" WIDTH="56" HEIGHT="40" CONTENT="Et" WC="1.00" CC="00"/>
						<SP ID="P11_SP00393" HPOS="225" VPOS="2695" WIDTH="41"/>
						<String ID="P11_ST00430" HPOS="266" VPOS="2657" WIDTH="280" HEIGHT="38" CONTENT="maintenant" WC="0.99" CC="0036007054"/>
						<SP ID="P11_SP00394" HPOS="546" VPOS="2695" WIDTH="20"/>
						<String ID="P11_ST00431" HPOS="566" VPOS="2670" WIDTH="60" HEIGHT="25" CONTENT="un" WC="0.70" CC="05"/>
						<SP ID="P11_SP00395" HPOS="626" VPOS="2695" WIDTH="35"/>
						<String ID="P11_ST00432" HPOS="661" VPOS="2663" WIDTH="93" HEIGHT="32" CONTENT="mot" WC="0.98" CC="005"/>
						<SP ID="P11_SP00396" HPOS="754" VPOS="2695" WIDTH="23"/>
						<String ID="P11_ST00433" HPOS="777" VPOS="2655" WIDTH="53" HEIGHT="40" CONTENT="de" WC="1.00" CC="00"/>
						<SP ID="P11_SP00397" HPOS="830" VPOS="2695" WIDTH="31"/>
						<String ID="P11_ST00434" HPOS="861" VPOS="2655" WIDTH="250" HEIGHT="50" CONTENT="Panseron," WC="0.96" CC="000000003"/>
						<SP ID="P11_SP00398" HPOS="1111" VPOS="2705" WIDTH="26"/>
						<String ID="P11_ST00435" HPOS="1137" VPOS="2655" WIDTH="258" HEIGHT="53" CONTENT="professeur" WC="1.00" CC="0000020020"/>
						<SP ID="P11_SP00399" HPOS="1395" VPOS="2708" WIDTH="16"/>
						<String ID="P11_ST00436" HPOS="1411" VPOS="2670" WIDTH="56" HEIGHT="26" CONTENT="au" WC="0.69" CC="06"/>
						<SP ID="P11_SP00400" HPOS="1467" VPOS="2708" WIDTH="34"/>
						<String ID="P11_ST00437" HPOS="1501" VPOS="2655" WIDTH="345" HEIGHT="41" CONTENT="Conservatoire" WC="1.00" CC="0060000054440"/>
						<SP ID="P11_SP00401" HPOS="1846" VPOS="2708" WIDTH="32"/>
						<String ID="P11_ST00438" HPOS="1878" VPOS="2669" WIDTH="55" HEIGHT="26" CONTENT="en" WC="1.00" CC="00"/>
						<SP ID="P11_SP00402" HPOS="1933" VPOS="2708" WIDTH="28"/>
						<String ID="P11_ST00439" HPOS="1961" VPOS="2656" WIDTH="170" HEIGHT="51" CONTENT="janvier" WC="1.00" CC="0000400"/>
					</TextLine>
					<TextLine ID="P11_TL00038" HPOS="121" VPOS="2722" WIDTH="2017" HEIGHT="54">
						<String ID="P11_ST00440" HPOS="121" VPOS="2728" WIDTH="118" HEIGHT="47" CONTENT="1836." WC="0.55" CC="34833"/>
						<SP ID="P11_SP00403" HPOS="239" VPOS="2775" WIDTH="22"/>
						<String ID="P11_ST00441" HPOS="261" VPOS="2723" WIDTH="60" HEIGHT="41" CONTENT="Sa" WC="1.00" CC="00"/>
						<SP ID="P11_SP00404" HPOS="321" VPOS="2775" WIDTH="21"/>
						<String ID="P11_ST00442" HPOS="342" VPOS="2724" WIDTH="210" HEIGHT="40" CONTENT="méthode" WC="0.99" CC="0700050"/>
						<SP ID="P11_SP00405" HPOS="552" VPOS="2775" WIDTH="24"/>
						<String ID="P11_ST00443" HPOS="576" VPOS="2738" WIDTH="21" HEIGHT="25" CONTENT="a" WC="1.00" CC="0"/>
						<SP ID="P11_SP00406" HPOS="597" VPOS="2775" WIDTH="23"/>
						<String ID="P11_ST00444" HPOS="620" VPOS="2724" WIDTH="39" HEIGHT="40" CONTENT="le" WC="0.85" CC="20"/>
						<SP ID="P11_SP00407" HPOS="659" VPOS="2775" WIDTH="21"/>
						<String ID="P11_ST00445" HPOS="680" VPOS="2726" WIDTH="157" HEIGHT="38" CONTENT="mérite" WC="1.00" CC="000100"/>
						<SP ID="P11_SP00408" HPOS="837" VPOS="2775" WIDTH="24"/>
						<String ID="P11_ST00446" HPOS="861" VPOS="2737" WIDTH="100" HEIGHT="27" CONTENT="rare" WC="1.00" CC="0000"/>
						<SP ID="P11_SP00409" HPOS="961" VPOS="2775" WIDTH="19"/>
						<String ID="P11_ST00447" HPOS="980" VPOS="2722" WIDTH="137" HEIGHT="42" CONTENT="d'oser" WC="0.99" CC="070000" STYLEREFS="TXT_3"/>
						<SP ID="P11_SP00410" HPOS="1117" VPOS="2775" WIDTH="19"/>
						<String ID="P11_ST00448" HPOS="1136" VPOS="2725" WIDTH="192" HEIGHT="51" CONTENT="prendre" WC="1.00" CC="0000000"/>
						<SP ID="P11_SP00411" HPOS="1328" VPOS="2776" WIDTH="24"/>
						<String ID="P11_ST00449" HPOS="1352" VPOS="2725" WIDTH="39" HEIGHT="39" CONTENT="la" WC="0.81" CC="30"/>
						<SP ID="P11_SP00412" HPOS="1391" VPOS="2776" WIDTH="29"/>
						<String ID="P11_ST00450" HPOS="1420" VPOS="2726" WIDTH="173" HEIGHT="38" CONTENT="science" WC="1.00" CC="0030000"/>
						<SP ID="P11_SP00413" HPOS="1593" VPOS="2776" WIDTH="23"/>
						<String ID="P11_ST00451" HPOS="1616" VPOS="2738" WIDTH="114" HEIGHT="38" CONTENT="pour" WC="0.99" CC="0050"/>
						<SP ID="P11_SP00414" HPOS="1730" VPOS="2776" WIDTH="25"/>
						<String ID="P11_ST00452" HPOS="1755" VPOS="2723" WIDTH="108" HEIGHT="41" CONTENT="base" WC="1.00" CC="0000"/>
						<SP ID="P11_SP00415" HPOS="1863" VPOS="2776" WIDTH="19"/>
						<String ID="P11_ST00453" HPOS="1882" VPOS="2736" WIDTH="8" HEIGHT="35" CONTENT=";" WC="1.00" CC="0"/>
						<SP ID="P11_SP00416" HPOS="1890" VPOS="2776" WIDTH="38"/>
						<String ID="P11_ST00454" HPOS="1928" VPOS="2724" WIDTH="180" HEIGHT="40" CONTENT="malheu" SUBS_TYPE="HypPart1" SUBS_CONTENT="malheureusement" WC="1.00" CC="000000"/>
						<HYP HPOS="2108" VPOS="2724" WIDTH="30" CONTENT="-"/>
					</TextLine>
					<TextLine ID="P11_TL00039" HPOS="117" VPOS="2792" WIDTH="2018" HEIGHT="53">
						<String ID="P11_ST00455" HPOS="117" VPOS="2802" WIDTH="254" HEIGHT="32" CONTENT="reusement" SUBS_TYPE="HypPart2" SUBS_CONTENT="malheureusement" WC="1.00" CC="000000050"/>
						<SP ID="P11_SP00417" HPOS="371" VPOS="2834" WIDTH="31"/>
						<String ID="P11_ST00456" HPOS="402" VPOS="2793" WIDTH="39" HEIGHT="40" CONTENT="le" WC="1.00" CC="00"/>
						<SP ID="P11_SP00418" HPOS="441" VPOS="2834" WIDTH="31"/>
						<String ID="P11_ST00457" HPOS="472" VPOS="2794" WIDTH="330" HEIGHT="51" CONTENT="laryngoscope" WC="1.00" CC="100000000000"/>
						<SP ID="P11_SP00419" HPOS="802" VPOS="2845" WIDTH="32"/>
						<String ID="P11_ST00458" HPOS="834" VPOS="2792" WIDTH="221" HEIGHT="41" CONTENT="n'existait" WC="1.00" CC="0400000040"/>
						<SP ID="P11_SP00420" HPOS="1055" VPOS="2845" WIDTH="24"/>
						<String ID="P11_ST00459" HPOS="1079" VPOS="2807" WIDTH="80" HEIGHT="38" CONTENT="pas" WC="1.00" CC="010"/>
						<SP ID="P11_SP00421" HPOS="1159" VPOS="2845" WIDTH="38"/>
						<String ID="P11_ST00460" HPOS="1197" VPOS="2794" WIDTH="118" HEIGHT="40" CONTENT="alors" WC="1.00" CC="02000"/>
						<SP ID="P11_SP00422" HPOS="1315" VPOS="2845" WIDTH="27"/>
						<String ID="P11_ST00461" HPOS="1342" VPOS="2805" WIDTH="8" HEIGHT="37" CONTENT=";" WC="1.00" CC="0"/>
						<SP ID="P11_SP00423" HPOS="1350" VPOS="2845" WIDTH="26"/>
						<String ID="P11_ST00462" HPOS="1376" VPOS="2802" WIDTH="41" HEIGHT="32" CONTENT="et" WC="0.81" CC="03"/>
						<SP ID="P11_SP00424" HPOS="1417" VPOS="2845" WIDTH="37"/>
						<String ID="P11_ST00463" HPOS="1454" VPOS="2794" WIDTH="63" HEIGHT="39" CONTENT="les" WC="1.00" CC="000"/>
						<SP ID="P11_SP00425" HPOS="1517" VPOS="2845" WIDTH="30"/>
						<String ID="P11_ST00464" HPOS="1547" VPOS="2793" WIDTH="199" HEIGHT="41" CONTENT="données" WC="1.00" CC="0000000"/>
						<SP ID="P11_SP00426" HPOS="1746" VPOS="2845" WIDTH="36"/>
						<String ID="P11_ST00465" HPOS="1782" VPOS="2797" WIDTH="215" HEIGHT="36" CONTENT="avancées" WC="1.00" CC="00001000"/>
						<SP ID="P11_SP00427" HPOS="1997" VPOS="2845" WIDTH="24"/>
						<String ID="P11_ST00466" HPOS="2021" VPOS="2793" WIDTH="114" HEIGHT="39" CONTENT="dans" WC="0.99" CC="0005"/>
					</TextLine>
					<TextLine ID="P11_TL00040" HPOS="115" VPOS="2862" WIDTH="2014" HEIGHT="52">
						<String ID="P11_ST00467" HPOS="115" VPOS="2872" WIDTH="111" HEIGHT="31" CONTENT="cette" WC="1.00" CC="00000"/>
						<SP ID="P11_SP00428" HPOS="226" VPOS="2903" WIDTH="14"/>
						<String ID="P11_ST00468" HPOS="240" VPOS="2862" WIDTH="226" HEIGHT="49" CONTENT="méthode," WC="1.00" CC="00000004"/>
						<SP ID="P11_SP00429" HPOS="466" VPOS="2911" WIDTH="18"/>
						<String ID="P11_ST00469" HPOS="484" VPOS="2862" WIDTH="199" HEIGHT="40" CONTENT="données" WC="1.00" CC="0200000"/>
						<SP ID="P11_SP00430" HPOS="683" VPOS="2911" WIDTH="24"/>
						<String ID="P11_ST00470" HPOS="707" VPOS="2867" WIDTH="285" HEIGHT="47" CONTENT="empruntées" WC="1.00" CC="0000400000"/>
						<SP ID="P11_SP00431" HPOS="992" VPOS="2914" WIDTH="14"/>
						<String ID="P11_ST00471" HPOS="1006" VPOS="2867" WIDTH="21" HEIGHT="35" CONTENT="à" WC="0.47" CC="5"/>
						<SP ID="P11_SP00432" HPOS="1027" VPOS="2914" WIDTH="13"/>
						<String ID="P11_ST00472" HPOS="1040" VPOS="2862" WIDTH="242" HEIGHT="41" CONTENT="Colombat" WC="0.87" CC="00400005"/>
						<SP ID="P11_SP00433" HPOS="1282" VPOS="2914" WIDTH="15"/>
						<String ID="P11_ST00473" HPOS="1297" VPOS="2872" WIDTH="40" HEIGHT="31" CONTENT="et" WC="1.00" CC="00"/>
						<SP ID="P11_SP00434" HPOS="1337" VPOS="2914" WIDTH="27"/>
						<String ID="P11_ST00474" HPOS="1364" VPOS="2867" WIDTH="21" HEIGHT="35" CONTENT="à" WC="0.80" CC="1"/>
						<SP ID="P11_SP00435" HPOS="1385" VPOS="2914" WIDTH="26"/>
						<String ID="P11_ST00475" HPOS="1411" VPOS="2863" WIDTH="195" HEIGHT="47" CONTENT="Benatti," WC="0.76" CC="50000633"/>
						<SP ID="P11_SP00436" HPOS="1606" VPOS="2914" WIDTH="18"/>
						<String ID="P11_ST00476" HPOS="1624" VPOS="2872" WIDTH="77" HEIGHT="31" CONTENT="ont" WC="0.96" CC="055"/>
						<SP ID="P11_SP00437" HPOS="1701" VPOS="2914" WIDTH="23"/>
						<String ID="P11_ST00477" HPOS="1724" VPOS="2867" WIDTH="68" HEIGHT="36" CONTENT="été" WC="0.98" CC="500"/>
						<SP ID="P11_SP00438" HPOS="1792" VPOS="2914" WIDTH="14"/>
						<String ID="P11_ST00478" HPOS="1806" VPOS="2862" WIDTH="323" HEIGHT="40" CONTENT="abandonnées" WC="1.00" CC="00000000004"/>
					</TextLine>
					<TextLine ID="P11_TL00041" HPOS="116" VPOS="2929" WIDTH="2017" HEIGHT="56">
						<String ID="P11_ST00479" HPOS="116" VPOS="2945" WIDTH="193" HEIGHT="38" CONTENT="presque" WC="1.00" CC="0000030"/>
						<SP ID="P11_SP00439" HPOS="309" VPOS="2983" WIDTH="22"/>
						<String ID="P11_ST00480" HPOS="331" VPOS="2931" WIDTH="352" HEIGHT="51" CONTENT="généralement." WC="1.00" CC="0050005000652"/>
						<SP ID="P11_SP00440" HPOS="683" VPOS="2983" WIDTH="25"/>
						<String ID="P11_ST00481" HPOS="708" VPOS="2931" WIDTH="126" HEIGHT="41" CONTENT="Voici" WC="1.00" CC="00100"/>
						<SP ID="P11_SP00441" HPOS="834" VPOS="2983" WIDTH="26"/>
						<String ID="P11_ST00482" HPOS="860" VPOS="2940" WIDTH="226" HEIGHT="31" CONTENT="comment" WC="1.00" CC="0000006"/>
						<SP ID="P11_SP00442" HPOS="1086" VPOS="2983" WIDTH="26"/>
						<String ID="P11_ST00483" HPOS="1112" VPOS="2931" WIDTH="235" HEIGHT="41" CONTENT="Panseron" WC="0.95" CC="30000000"/>
						<SP ID="P11_SP00443" HPOS="1347" VPOS="2983" WIDTH="24"/>
						<String ID="P11_ST00484" HPOS="1371" VPOS="2933" WIDTH="259" HEIGHT="51" CONTENT="s'exprime:" WC="1.00" CC="0200003004"/>
						<SP ID="P11_SP00444" HPOS="1630" VPOS="2984" WIDTH="23"/>
						<String ID="P11_ST00485" HPOS="1653" VPOS="2943" WIDTH="19" HEIGHT="28" CONTENT="((" WC="0.25" CC="77"/>
						<SP ID="P11_SP00445" HPOS="1672" VPOS="2984" WIDTH="30"/>
						<String ID="P11_ST00486" HPOS="1702" VPOS="2930" WIDTH="111" HEIGHT="42" CONTENT="Voix" WC="1.00" CC="0000" STYLEREFS="TXT_3"/>
						<SP ID="P11_SP00446" HPOS="1813" VPOS="2984" WIDTH="21"/>
						<String ID="P11_ST00487" HPOS="1834" VPOS="2929" WIDTH="299" HEIGHT="56" CONTENT="laryngienne." WC="1.00" CC="000040300004" STYLEREFS="TXT_3"/>
					</TextLine>
					<TextLine ID="P11_TL00042" HPOS="117" VPOS="3000" WIDTH="2020" HEIGHT="53">
						<String ID="P11_ST00488" HPOS="117" VPOS="3000" WIDTH="110" HEIGHT="40" CONTENT="Plus" WC="0.98" CC="0550"/>
						<SP ID="P11_SP00447" HPOS="227" VPOS="3040" WIDTH="22"/>
						<String ID="P11_ST00489" HPOS="249" VPOS="3001" WIDTH="37" HEIGHT="39" CONTENT="le" WC="1.00" CC="00"/>
						<SP ID="P11_SP00448" HPOS="286" VPOS="3040" WIDTH="24"/>
						<String ID="P11_ST00490" HPOS="310" VPOS="3001" WIDTH="157" HEIGHT="51" CONTENT="larynx" WC="0.99" CC="300020"/>
						<SP ID="P11_SP00449" HPOS="467" VPOS="3052" WIDTH="17"/>
						<String ID="P11_ST00491" HPOS="484" VPOS="3009" WIDTH="66" HEIGHT="32" CONTENT="est" WC="1.00" CC="000"/>
						<SP ID="P11_SP00450" HPOS="550" VPOS="3052" WIDTH="28"/>
						<String ID="P11_ST00492" HPOS="578" VPOS="3001" WIDTH="171" HEIGHT="46" CONTENT="rétréci," WC="0.99" CC="00600004"/>
						<SP ID="P11_SP00451" HPOS="749" VPOS="3052" WIDTH="21"/>
						<String ID="P11_ST00493" HPOS="770" VPOS="3009" WIDTH="40" HEIGHT="31" CONTENT="et" WC="0.71" CC="05"/>
						<SP ID="P11_SP00452" HPOS="810" VPOS="3052" WIDTH="20"/>
						<String ID="P11_ST00494" HPOS="830" VPOS="3000" WIDTH="102" HEIGHT="52" CONTENT="plus" WC="0.98" CC="0560"/>
						<SP ID="P11_SP00453" HPOS="932" VPOS="3052" WIDTH="20"/>
						<String ID="P11_ST00495" HPOS="952" VPOS="3000" WIDTH="64" HEIGHT="40" CONTENT="les" WC="0.99" CC="200"/>
						<SP ID="P11_SP00454" HPOS="1016" VPOS="3052" WIDTH="23"/>
						<String ID="P11_ST00496" HPOS="1039" VPOS="3001" WIDTH="157" HEIGHT="40" CONTENT="cordes" WC="1.00" CC="000000"/>
						<SP ID="P11_SP00455" HPOS="1196" VPOS="3052" WIDTH="22"/>
						<String ID="P11_ST00497" HPOS="1218" VPOS="3001" WIDTH="178" HEIGHT="41" CONTENT="vocales" WC="0.99" CC="0500400"/>
						<SP ID="P11_SP00456" HPOS="1396" VPOS="3052" WIDTH="24"/>
						<String ID="P11_ST00498" HPOS="1420" VPOS="3009" WIDTH="101" HEIGHT="32" CONTENT="sont" WC="0.99" CC="0050"/>
						<SP ID="P11_SP00457" HPOS="1521" VPOS="3052" WIDTH="24"/>
						<String ID="P11_ST00499" HPOS="1545" VPOS="3001" WIDTH="189" HEIGHT="40" CONTENT="tendues" WC="1.00" CC="5000200"/>
						<SP ID="P11_SP00458" HPOS="1734" VPOS="3052" WIDTH="18"/>
						<String ID="P11_ST00500" HPOS="1752" VPOS="3015" WIDTH="80" HEIGHT="38" CONTENT="par" WC="0.98" CC="006"/>
						<SP ID="P11_SP00459" HPOS="1832" VPOS="3053" WIDTH="21"/>
						<String ID="P11_ST00501" HPOS="1853" VPOS="3000" WIDTH="180" HEIGHT="40" CONTENT="l'action" WC="1.00" CC="22000005"/>
						<SP ID="P11_SP00460" HPOS="2033" VPOS="3053" WIDTH="24"/>
						<String ID="P11_ST00502" HPOS="2057" VPOS="3000" WIDTH="80" HEIGHT="39" CONTENT="des" WC="1.00" CC="000"/>
					</TextLine>
					<TextLine ID="P11_TL00043" HPOS="117" VPOS="3068" WIDTH="2021" HEIGHT="53">
						<String ID="P11_ST00503" HPOS="117" VPOS="3069" WIDTH="196" HEIGHT="40" CONTENT="muscles" WC="0.99" CC="0500400"/>
						<SP ID="P11_SP00461" HPOS="313" VPOS="3109" WIDTH="23"/>
						<String ID="P11_ST00504" HPOS="336" VPOS="3070" WIDTH="316" HEIGHT="39" CONTENT="constricteurs" WC="1.00" CC="0050000040000"/>
						<SP ID="P11_SP00462" HPOS="652" VPOS="3109" WIDTH="34"/>
						<String ID="P11_ST00505" HPOS="686" VPOS="3069" WIDTH="54" HEIGHT="40" CONTENT="de" WC="1.00" CC="00"/>
						<SP ID="P11_SP00463" HPOS="740" VPOS="3109" WIDTH="24"/>
						<String ID="P11_ST00506" HPOS="764" VPOS="3082" WIDTH="71" HEIGHT="27" CONTENT="ces" WC="1.00" CC="000"/>
						<SP ID="P11_SP00464" HPOS="835" VPOS="3109" WIDTH="21"/>
						<String ID="P11_ST00507" HPOS="856" VPOS="3071" WIDTH="181" HEIGHT="50" CONTENT="parties," WC="0.99" CC="00053004"/>
						<SP ID="P11_SP00465" HPOS="1037" VPOS="3121" WIDTH="23"/>
						<String ID="P11_ST00508" HPOS="1060" VPOS="3069" WIDTH="101" HEIGHT="52" CONTENT="plus" WC="0.99" CC="0300"/>
						<SP ID="P11_SP00466" HPOS="1161" VPOS="3121" WIDTH="23"/>
						<String ID="P11_ST00509" HPOS="1184" VPOS="3070" WIDTH="39" HEIGHT="40" CONTENT="le" WC="1.00" CC="00"/>
						<SP ID="P11_SP00467" HPOS="1223" VPOS="3121" WIDTH="25"/>
						<String ID="P11_ST00510" HPOS="1248" VPOS="3084" WIDTH="81" HEIGHT="26" CONTENT="son" WC="0.98" CC="005"/>
						<SP ID="P11_SP00468" HPOS="1329" VPOS="3121" WIDTH="25"/>
						<String ID="P11_ST00511" HPOS="1354" VPOS="3083" WIDTH="97" HEIGHT="27" CONTENT="sera" WC="1.00" CC="0000"/>
						<SP ID="P11_SP00469" HPOS="1451" VPOS="3121" WIDTH="26"/>
						<String ID="P11_ST00512" HPOS="1477" VPOS="3070" WIDTH="105" HEIGHT="50" CONTENT="aigu" WC="0.98" CC="0406"/>
						<SP ID="P11_SP00470" HPOS="1582" VPOS="3121" WIDTH="18"/>
						<String ID="P11_ST00513" HPOS="1600" VPOS="3079" WIDTH="8" HEIGHT="35" CONTENT=";" WC="1.00" CC="0"/>
						<SP ID="P11_SP00471" HPOS="1608" VPOS="3121" WIDTH="24"/>
						<String ID="P11_ST00514" HPOS="1632" VPOS="3069" WIDTH="101" HEIGHT="52" CONTENT="plus" WC="0.98" CC="0601"/>
						<SP ID="P11_SP00472" HPOS="1733" VPOS="3121" WIDTH="23"/>
						<String ID="P11_ST00515" HPOS="1756" VPOS="3069" WIDTH="40" HEIGHT="40" CONTENT="la" WC="0.75" CC="50"/>
						<SP ID="P11_SP00473" HPOS="1796" VPOS="3121" WIDTH="44"/>
						<String ID="P11_ST00516" HPOS="1840" VPOS="3068" WIDTH="189" HEIGHT="41" CONTENT="distance" WC="1.00" CC="00140000" STYLEREFS="TXT_3"/>
						<SP ID="P11_SP00474" HPOS="2029" VPOS="3121" WIDTH="34"/>
						<String ID="P11_ST00517" HPOS="2063" VPOS="3070" WIDTH="75" HEIGHT="49" CONTENT="qui" WC="0.98" CC="004"/>
					</TextLine>
					<TextLine ID="P11_TL00044" HPOS="114" VPOS="3136" WIDTH="2023" HEIGHT="56">
						<String ID="P11_ST00518" HPOS="114" VPOS="3140" WIDTH="149" HEIGHT="51" CONTENT="sépare" WC="1.00" CC="000000" STYLEREFS="TXT_3"/>
						<SP ID="P11_SP00475" HPOS="263" VPOS="3191" WIDTH="21"/>
						<String ID="P11_ST00519" HPOS="284" VPOS="3136" WIDTH="254" HEIGHT="42" CONTENT="Vouverture" WC="0.84" CC="8011004000" STYLEREFS="TXT_3"/>
						<SP ID="P11_SP00476" HPOS="538" VPOS="3191" WIDTH="22"/>
						<String ID="P11_ST00520" HPOS="560" VPOS="3138" WIDTH="232" HEIGHT="39" CONTENT="extérieure" WC="1.00" CC="0000000000" STYLEREFS="TXT_3"/>
						<SP ID="P11_SP00477" HPOS="792" VPOS="3191" WIDTH="21"/>
						<String ID="P11_ST00521" HPOS="813" VPOS="3138" WIDTH="55" HEIGHT="39" CONTENT="du" WC="1.00" CC="00" STYLEREFS="TXT_3"/>
						<SP ID="P11_SP00478" HPOS="868" VPOS="3191" WIDTH="36"/>
						<String ID="P11_ST00522" HPOS="904" VPOS="3145" WIDTH="128" HEIGHT="40" CONTENT="tuyau" WC="0.99" CC="00600" STYLEREFS="TXT_3"/>
						<SP ID="P11_SP00479" HPOS="1032" VPOS="3191" WIDTH="23"/>
						<String ID="P11_ST00523" HPOS="1055" VPOS="3138" WIDTH="135" HEIGHT="45" CONTENT="vocal," WC="1.00" CC="000003" STYLEREFS="TXT_3"/>
						<SP ID="P11_SP00480" HPOS="1190" VPOS="3191" WIDTH="26"/>
						<String ID="P11_ST00524" HPOS="1216" VPOS="3139" WIDTH="57" HEIGHT="39" CONTENT="du" WC="1.00" CC="00" STYLEREFS="TXT_3"/>
						<SP ID="P11_SP00481" HPOS="1273" VPOS="3191" WIDTH="20"/>
						<String ID="P11_ST00525" HPOS="1293" VPOS="3138" WIDTH="121" HEIGHT="54" CONTENT="point" WC="0.97" CC="90074" STYLEREFS="TXT_3"/>
						<SP ID="P11_SP00482" HPOS="1414" VPOS="3192" WIDTH="14"/>
						<String ID="P11_ST00526" HPOS="1428" VPOS="3153" WIDTH="54" HEIGHT="24" CONTENT="ou" WC="1.00" CC="00" STYLEREFS="TXT_3"/>
						<SP ID="P11_SP00483" HPOS="1482" VPOS="3192" WIDTH="18"/>
						<String ID="P11_ST00527" HPOS="1500" VPOS="3138" WIDTH="36" HEIGHT="38" CONTENT="le" WC="1.00" CC="00" STYLEREFS="TXT_3"/>
						<SP ID="P11_SP00484" HPOS="1536" VPOS="3192" WIDTH="21"/>
						<String ID="P11_ST00528" HPOS="1557" VPOS="3152" WIDTH="79" HEIGHT="25" CONTENT="son" WC="0.99" CC="003" STYLEREFS="TXT_3"/>
						<SP ID="P11_SP00485" HPOS="1636" VPOS="3192" WIDTH="15"/>
						<String ID="P11_ST00529" HPOS="1651" VPOS="3152" WIDTH="44" HEIGHT="24" CONTENT="se" WC="1.00" CC="00" STYLEREFS="TXT_3"/>
						<SP ID="P11_SP00486" HPOS="1695" VPOS="3192" WIDTH="19"/>
						<String ID="P11_ST00530" HPOS="1714" VPOS="3137" WIDTH="192" HEIGHT="54" CONTENT="produit," WC="1.00" CC="00004023" STYLEREFS="TXT_3"/>
						<SP ID="P11_SP00487" HPOS="1906" VPOS="3192" WIDTH="24"/>
						<String ID="P11_ST00531" HPOS="1930" VPOS="3143" WIDTH="58" HEIGHT="33" CONTENT="est" WC="0.95" CC="903" STYLEREFS="TXT_3"/>
						<SP ID="P11_SP00488" HPOS="1988" VPOS="3192" WIDTH="22"/>
						<String ID="P11_ST00532" HPOS="2010" VPOS="3137" WIDTH="102" HEIGHT="39" CONTENT="dimi" SUBS_TYPE="HypPart1" SUBS_CONTENT="diminuée" WC="0.99" CC="0400" STYLEREFS="TXT_3"/>
						<HYP HPOS="2112" VPOS="3137" WIDTH="25" CONTENT="-"/>
					</TextLine>
					<TextLine ID="P11_TL00045" HPOS="121" VPOS="3205" WIDTH="2013" HEIGHT="54">
						<String ID="P11_ST00533" HPOS="121" VPOS="3208" WIDTH="107" HEIGHT="36" CONTENT="nuée" SUBS_TYPE="HypPart2" SUBS_CONTENT="diminuée" WC="0.99" CC="2020" STYLEREFS="TXT_3"/>
						<SP ID="P11_SP00489" HPOS="228" VPOS="3244" WIDTH="23"/>
						<String ID="P11_ST00534" HPOS="251" VPOS="3220" WIDTH="81" HEIGHT="37" CONTENT="par" WC="0.98" CC="050"/>
						<SP ID="P11_SP00490" HPOS="332" VPOS="3257" WIDTH="20"/>
						<String ID="P11_ST00535" HPOS="352" VPOS="3206" WIDTH="177" HEIGHT="40" CONTENT="l'action" WC="0.99" CC="04006405"/>
						<SP ID="P11_SP00491" HPOS="529" VPOS="3257" WIDTH="37"/>
						<String ID="P11_ST00536" HPOS="566" VPOS="3206" WIDTH="78" HEIGHT="40" CONTENT="des" WC="1.00" CC="000"/>
						<SP ID="P11_SP00492" HPOS="644" VPOS="3257" WIDTH="39"/>
						<String ID="P11_ST00537" HPOS="683" VPOS="3206" WIDTH="197" HEIGHT="40" CONTENT="muscles" WC="0.99" CC="0400400"/>
						<SP ID="P11_SP00493" HPOS="880" VPOS="3257" WIDTH="23"/>
						<String ID="P11_ST00538" HPOS="903" VPOS="3207" WIDTH="250" HEIGHT="40" CONTENT="élévateurs" WC="1.00" CC="0300010000"/>
						<SP ID="P11_SP00494" HPOS="1153" VPOS="3257" WIDTH="23"/>
						<String ID="P11_ST00539" HPOS="1176" VPOS="3208" WIDTH="57" HEIGHT="39" CONTENT="du" WC="1.00" CC="00"/>
						<SP ID="P11_SP00495" HPOS="1233" VPOS="3257" WIDTH="24"/>
						<String ID="P11_ST00540" HPOS="1257" VPOS="3207" WIDTH="172" HEIGHT="52" CONTENT="larynx," WC="1.00" CC="0000204"/>
						<SP ID="P11_SP00496" HPOS="1429" VPOS="3259" WIDTH="97"/>
						<String ID="P11_ST00541" HPOS="1526" VPOS="3206" WIDTH="100" HEIGHT="52" CONTENT="plus" WC="0.97" CC="0444"/>
						<SP ID="P11_SP00497" HPOS="1626" VPOS="3259" WIDTH="30"/>
						<String ID="P11_ST00542" HPOS="1656" VPOS="3206" WIDTH="39" HEIGHT="39" CONTENT="le" WC="0.77" CC="40"/>
						<SP ID="P11_SP00498" HPOS="1695" VPOS="3259" WIDTH="36"/>
						<String ID="P11_ST00543" HPOS="1731" VPOS="3220" WIDTH="82" HEIGHT="26" CONTENT="son" WC="0.98" CC="005"/>
						<SP ID="P11_SP00499" HPOS="1813" VPOS="3259" WIDTH="38"/>
						<String ID="P11_ST00544" HPOS="1851" VPOS="3220" WIDTH="93" HEIGHT="25" CONTENT="sera" WC="1.00" CC="0000" STYLEREFS="TXT_3"/>
						<SP ID="P11_SP00500" HPOS="1944" VPOS="3259" WIDTH="24"/>
						<String ID="P11_ST00545" HPOS="1968" VPOS="3205" WIDTH="121" HEIGHT="53" CONTENT="aigu." WC="0.99" CC="00006" STYLEREFS="TXT_3"/>
						<SP ID="P11_SP00501" HPOS="2089" VPOS="3259" WIDTH="27"/>
						<String ID="P11_ST00546" HPOS="2116" VPOS="3219" WIDTH="18" HEIGHT="23" CONTENT="»" WC="0.66" CC="3" STYLEREFS="TXT_3"/>
					</TextLine>
					<TextLine ID="P11_TL00046" HPOS="118" VPOS="3272" WIDTH="2024" HEIGHT="55">
						<String ID="P11_ST00547" HPOS="118" VPOS="3274" WIDTH="331" HEIGHT="40" CONTENT="Actuellement" WC="1.00" CC="006303600000"/>
						<SP ID="P11_SP00502" HPOS="449" VPOS="3314" WIDTH="19"/>
						<String ID="P11_ST00548" HPOS="468" VPOS="3287" WIDTH="56" HEIGHT="27" CONTENT="on" WC="1.00" CC="00"/>
						<SP ID="P11_SP00503" HPOS="524" VPOS="3314" WIDTH="26"/>
						<String ID="P11_ST00549" HPOS="550" VPOS="3272" WIDTH="195" HEIGHT="42" CONTENT="n'admet" WC="1.00" CC="0000005"/>
						<SP ID="P11_SP00504" HPOS="745" VPOS="3314" WIDTH="19"/>
						<String ID="P11_ST00550" HPOS="764" VPOS="3289" WIDTH="81" HEIGHT="37" CONTENT="pas" WC="0.99" CC="002"/>
						<SP ID="P11_SP00505" HPOS="845" VPOS="3326" WIDTH="22"/>
						<String ID="P11_ST00551" HPOS="867" VPOS="3288" WIDTH="85" HEIGHT="38" CONTENT="que" WC="0.98" CC="040"/>
						<SP ID="P11_SP00506" HPOS="952" VPOS="3326" WIDTH="21"/>
						<String ID="P11_ST00552" HPOS="973" VPOS="3275" WIDTH="39" HEIGHT="40" CONTENT="le" WC="0.81" CC="30"/>
						<SP ID="P11_SP00507" HPOS="1012" VPOS="3326" WIDTH="17"/>
						<String ID="P11_ST00553" HPOS="1029" VPOS="3277" WIDTH="100" HEIGHT="50" CONTENT="plus" WC="0.98" CC="0700"/>
						<SP ID="P11_SP00508" HPOS="1129" VPOS="3327" WIDTH="24"/>
						<String ID="P11_ST00554" HPOS="1153" VPOS="3289" WIDTH="56" HEIGHT="27" CONTENT="ou" WC="1.00" CC="00"/>
						<SP ID="P11_SP00509" HPOS="1209" VPOS="3327" WIDTH="26"/>
						<String ID="P11_ST00555" HPOS="1235" VPOS="3277" WIDTH="146" HEIGHT="39" CONTENT="moins" WC="0.99" CC="00250"/>
						<SP ID="P11_SP00510" HPOS="1381" VPOS="3327" WIDTH="20"/>
						<String ID="P11_ST00556" HPOS="1401" VPOS="3275" WIDTH="54" HEIGHT="39" CONTENT="de" WC="1.00" CC="00"/>
						<SP ID="P11_SP00511" HPOS="1455" VPOS="3327" WIDTH="17"/>
						<String ID="P11_ST00557" HPOS="1472" VPOS="3275" WIDTH="191" HEIGHT="39" CONTENT="hauteur" WC="1.00" CC="0000000"/>
						<SP ID="P11_SP00512" HPOS="1663" VPOS="3327" WIDTH="35"/>
						<String ID="P11_ST00558" HPOS="1698" VPOS="3288" WIDTH="56" HEIGHT="26" CONTENT="ou" WC="1.00" CC="00"/>
						<SP ID="P11_SP00513" HPOS="1754" VPOS="3327" WIDTH="22"/>
						<String ID="P11_ST00559" HPOS="1776" VPOS="3275" WIDTH="54" HEIGHT="39" CONTENT="de" WC="1.00" CC="00"/>
						<SP ID="P11_SP00514" HPOS="1830" VPOS="3327" WIDTH="36"/>
						<String ID="P11_ST00560" HPOS="1866" VPOS="3273" WIDTH="276" HEIGHT="52" CONTENT="profondeur" WC="1.00" CC="0000070000"/>
					</TextLine>
					<TextLine ID="P11_TL00047" HPOS="121" VPOS="3342" WIDTH="1802" HEIGHT="53">
						<String ID="P11_ST00561" HPOS="121" VPOS="3343" WIDTH="58" HEIGHT="40" CONTENT="du" WC="1.00" CC="00"/>
						<SP ID="P11_SP00515" HPOS="179" VPOS="3383" WIDTH="27"/>
						<String ID="P11_ST00562" HPOS="206" VPOS="3351" WIDTH="136" HEIGHT="44" CONTENT="tuyau" WC="1.00" CC="30000"/>
						<SP ID="P11_SP00516" HPOS="342" VPOS="3395" WIDTH="25"/>
						<String ID="P11_ST00563" HPOS="367" VPOS="3342" WIDTH="126" HEIGHT="40" CONTENT="vocal" WC="0.99" CC="00005"/>
						<SP ID="P11_SP00517" HPOS="493" VPOS="3395" WIDTH="25"/>
						<String ID="P11_ST00564" HPOS="518" VPOS="3344" WIDTH="150" HEIGHT="48" CONTENT="agisse" WC="1.00" CC="202000"/>
						<SP ID="P11_SP00518" HPOS="668" VPOS="3395" WIDTH="22"/>
						<String ID="P11_ST00565" HPOS="690" VPOS="3356" WIDTH="76" HEIGHT="27" CONTENT="sur" WC="1.00" CC="000"/>
						<SP ID="P11_SP00519" HPOS="766" VPOS="3395" WIDTH="21"/>
						<String ID="P11_ST00566" HPOS="787" VPOS="3343" WIDTH="38" HEIGHT="39" CONTENT="la" WC="0.80" CC="40"/>
						<SP ID="P11_SP00520" HPOS="825" VPOS="3395" WIDTH="26"/>
						<String ID="P11_ST00567" HPOS="851" VPOS="3342" WIDTH="177" HEIGHT="41" CONTENT="hauteur" WC="0.99" CC="0006060" STYLEREFS="TXT_3"/>
						<SP ID="P11_SP00521" HPOS="1028" VPOS="3395" WIDTH="22"/>
						<String ID="P11_ST00568" HPOS="1050" VPOS="3345" WIDTH="53" HEIGHT="38" CONTENT="de" WC="1.00" CC="00"/>
						<SP ID="P11_SP00522" HPOS="1103" VPOS="3395" WIDTH="25"/>
						<String ID="P11_ST00569" HPOS="1128" VPOS="3344" WIDTH="38" HEIGHT="39" CONTENT="la" WC="0.84" CC="30"/>
						<SP ID="P11_SP00523" HPOS="1166" VPOS="3395" WIDTH="24"/>
						<String ID="P11_ST00570" HPOS="1190" VPOS="3346" WIDTH="117" HEIGHT="43" CONTENT="voix," WC="0.99" CC="00504"/>
						<SP ID="P11_SP00524" HPOS="1307" VPOS="3395" WIDTH="28"/>
						<String ID="P11_ST00571" HPOS="1335" VPOS="3345" WIDTH="113" HEIGHT="38" CONTENT="mais" WC="0.97" CC="0830"/>
						<SP ID="P11_SP00525" HPOS="1448" VPOS="3395" WIDTH="24"/>
						<String ID="P11_ST00572" HPOS="1472" VPOS="3342" WIDTH="103" HEIGHT="40" CONTENT="bien" WC="0.98" CC="0105"/>
						<SP ID="P11_SP00526" HPOS="1575" VPOS="3395" WIDTH="25"/>
						<String ID="P11_ST00573" HPOS="1600" VPOS="3357" WIDTH="76" HEIGHT="25" CONTENT="sur" WC="0.99" CC="020"/>
						<SP ID="P11_SP00527" HPOS="1676" VPOS="3395" WIDTH="19"/>
						<String ID="P11_ST00574" HPOS="1695" VPOS="3343" WIDTH="40" HEIGHT="39" CONTENT="le" WC="0.84" CC="30"/>
						<SP ID="P11_SP00528" HPOS="1735" VPOS="3395" WIDTH="24"/>
						<String ID="P11_ST00575" HPOS="1759" VPOS="3342" WIDTH="164" HEIGHT="40" CONTENT="timbre." WC="0.99" CC="5040003" STYLEREFS="TXT_3"/>
					</TextLine>
					<TextLine ID="P11_TL00048" HPOS="174" VPOS="3410" WIDTH="1963" HEIGHT="55">
						<String ID="P11_ST00576" HPOS="174" VPOS="3410" WIDTH="65" HEIGHT="41" CONTENT="La" WC="0.72" CC="50"/>
						<SP ID="P11_SP00529" HPOS="239" VPOS="3451" WIDTH="19"/>
						<String ID="P11_ST00577" HPOS="258" VPOS="3411" WIDTH="171" HEIGHT="40" CONTENT="théorie" WC="1.00" CC="3100010"/>
						<SP ID="P11_SP00530" HPOS="429" VPOS="3451" WIDTH="25"/>
						<String ID="P11_ST00578" HPOS="454" VPOS="3424" WIDTH="76" HEIGHT="27" CONTENT="sur" WC="1.00" CC="000"/>
						<SP ID="P11_SP00531" HPOS="530" VPOS="3451" WIDTH="20"/>
						<String ID="P11_ST00579" HPOS="550" VPOS="3411" WIDTH="40" HEIGHT="39" CONTENT="la" WC="1.00" CC="00"/>
						<SP ID="P11_SP00532" HPOS="590" VPOS="3451" WIDTH="24"/>
						<String ID="P11_ST00580" HPOS="614" VPOS="3413" WIDTH="100" HEIGHT="38" CONTENT="voix" WC="1.00" CC="0020"/>
						<SP ID="P11_SP00533" HPOS="714" VPOS="3451" WIDTH="22"/>
						<String ID="P11_ST00581" HPOS="736" VPOS="3417" WIDTH="261" HEIGHT="46" CONTENT="empruntée" WC="1.00" CC="000005500"/>
						<SP ID="P11_SP00534" HPOS="997" VPOS="3463" WIDTH="27"/>
						<String ID="P11_ST00582" HPOS="1024" VPOS="3417" WIDTH="21" HEIGHT="34" CONTENT="à" WC="0.10" CC="8"/>
						<SP ID="P11_SP00535" HPOS="1045" VPOS="3463" WIDTH="16"/>
						<String ID="P11_ST00583" HPOS="1061" VPOS="3412" WIDTH="176" HEIGHT="40" CONTENT="Benatti" WC="0.82" CC="4000502"/>
						<SP ID="P11_SP00536" HPOS="1237" VPOS="3463" WIDTH="24"/>
						<String ID="P11_ST00584" HPOS="1261" VPOS="3420" WIDTH="68" HEIGHT="32" CONTENT="est" WC="1.00" CC="000"/>
						<SP ID="P11_SP00537" HPOS="1329" VPOS="3463" WIDTH="23"/>
						<String ID="P11_ST00585" HPOS="1352" VPOS="3425" WIDTH="159" HEIGHT="27" CONTENT="encore" WC="1.00" CC="000000"/>
						<SP ID="P11_SP00538" HPOS="1511" VPOS="3463" WIDTH="20"/>
						<String ID="P11_ST00586" HPOS="1531" VPOS="3411" WIDTH="100" HEIGHT="52" CONTENT="plus" WC="0.99" CC="0020"/>
						<SP ID="P11_SP00539" HPOS="1631" VPOS="3463" WIDTH="18"/>
						<String ID="P11_ST00587" HPOS="1649" VPOS="3412" WIDTH="244" HEIGHT="50" CONTENT="singulière" WC="1.00" CC="0060021700"/>
						<SP ID="P11_SP00540" HPOS="1893" VPOS="3463" WIDTH="18"/>
						<String ID="P11_ST00588" HPOS="1911" VPOS="3427" WIDTH="8" HEIGHT="33" CONTENT=";" WC="0.01" CC="9"/>
						<SP ID="P11_SP00541" HPOS="1919" VPOS="3463" WIDTH="26"/>
						<String ID="P11_ST00589" HPOS="1945" VPOS="3412" WIDTH="165" HEIGHT="53" CONTENT="pharyn" SUBS_TYPE="HypPart1" SUBS_CONTENT="pharyngienne," WC="0.99" CC="000005"/>
						<HYP HPOS="2110" VPOS="3412" WIDTH="27" CONTENT="-"/>
					</TextLine>
					<TextLine ID="P11_TL00049" HPOS="119" VPOS="3479" WIDTH="2020" HEIGHT="52">
						<String ID="P11_ST00590" HPOS="119" VPOS="3481" WIDTH="181" HEIGHT="49" CONTENT="gienne," SUBS_TYPE="HypPart2" SUBS_CONTENT="pharyngienne," WC="0.99" CC="0306503"/>
						<SP ID="P11_SP00542" HPOS="300" VPOS="3530" WIDTH="20"/>
						<String ID="P11_ST00591" HPOS="320" VPOS="3491" WIDTH="21" HEIGHT="28" CONTENT="((" WC="0.41" CC="19"/>
						<SP ID="P11_SP00543" HPOS="341" VPOS="3530" WIDTH="27"/>
						<String ID="P11_ST00592" HPOS="368" VPOS="3481" WIDTH="36" HEIGHT="38" CONTENT="si" WC="0.89" CC="02"/>
						<SP ID="P11_SP00544" HPOS="404" VPOS="3530" WIDTH="21"/>
						<String ID="P11_ST00593" HPOS="425" VPOS="3480" WIDTH="113" HEIGHT="39" CONTENT="dans" WC="1.00" CC="0000"/>
						<SP ID="P11_SP00545" HPOS="538" VPOS="3530" WIDTH="21"/>
						<String ID="P11_ST00594" HPOS="559" VPOS="3479" WIDTH="40" HEIGHT="40" CONTENT="la" WC="0.93" CC="10"/>
						<SP ID="P11_SP00546" HPOS="599" VPOS="3530" WIDTH="12"/>
						<String ID="P11_ST00595" HPOS="611" VPOS="3479" WIDTH="99" HEIGHT="52" CONTENT="plus" WC="0.99" CC="0300"/>
						<SP ID="P11_SP00547" HPOS="710" VPOS="3531" WIDTH="24"/>
						<String ID="P11_ST00596" HPOS="734" VPOS="3480" WIDTH="171" HEIGHT="50" CONTENT="grande" WC="0.99" CC="000700"/>
						<SP ID="P11_SP00548" HPOS="905" VPOS="3531" WIDTH="16"/>
						<String ID="P11_ST00597" HPOS="921" VPOS="3481" WIDTH="189" HEIGHT="39" CONTENT="étendue" WC="0.98" CC="6606040"/>
						<SP ID="P11_SP00549" HPOS="1110" VPOS="3531" WIDTH="11"/>
						<String ID="P11_ST00598" HPOS="1121" VPOS="3481" WIDTH="54" HEIGHT="39" CONTENT="de" WC="1.00" CC="00"/>
						<SP ID="P11_SP00550" HPOS="1175" VPOS="3531" WIDTH="17"/>
						<String ID="P11_ST00599" HPOS="1192" VPOS="3480" WIDTH="198" HEIGHT="40" CONTENT="l'échelle" WC="0.99" CC="230000340"/>
						<SP ID="P11_SP00551" HPOS="1390" VPOS="3531" WIDTH="11"/>
						<String ID="P11_ST00600" HPOS="1401" VPOS="3481" WIDTH="229" HEIGHT="47" CONTENT="musicale," WC="1.00" CC="000100004"/>
						<SP ID="P11_SP00552" HPOS="1630" VPOS="3531" WIDTH="16"/>
						<String ID="P11_ST00601" HPOS="1646" VPOS="3481" WIDTH="37" HEIGHT="39" CONTENT="la" WC="0.84" CC="30"/>
						<SP ID="P11_SP00553" HPOS="1683" VPOS="3531" WIDTH="13"/>
						<String ID="P11_ST00602" HPOS="1696" VPOS="3481" WIDTH="140" HEIGHT="50" CONTENT="glotte" WC="1.00" CC="040000"/>
						<SP ID="P11_SP00554" HPOS="1836" VPOS="3531" WIDTH="23"/>
						<String ID="P11_ST00603" HPOS="1859" VPOS="3490" WIDTH="65" HEIGHT="31" CONTENT="est" WC="1.00" CC="000"/>
						<SP ID="P11_SP00555" HPOS="1924" VPOS="3531" WIDTH="14"/>
						<String ID="P11_ST00604" HPOS="1938" VPOS="3480" WIDTH="201" HEIGHT="51" CONTENT="l'organe" WC="1.00" CC="04000060"/>
					</TextLine>
					<TextLine ID="P11_TL00050" HPOS="120" VPOS="3549" WIDTH="2021" HEIGHT="53">
						<String ID="P11_ST00605" HPOS="120" VPOS="3554" WIDTH="271" HEIGHT="45" CONTENT="générateur" WC="1.00" CC="0000006000"/>
						<SP ID="P11_SP00556" HPOS="391" VPOS="3599" WIDTH="18"/>
						<String ID="P11_ST00606" HPOS="409" VPOS="3549" WIDTH="78" HEIGHT="41" CONTENT="des" WC="1.00" CC="000"/>
						<SP ID="P11_SP00557" HPOS="487" VPOS="3599" WIDTH="23"/>
						<String ID="P11_ST00607" HPOS="510" VPOS="3562" WIDTH="123" HEIGHT="34" CONTENT="sons," WC="0.99" CC="00700"/>
						<SP ID="P11_SP00558" HPOS="633" VPOS="3599" WIDTH="27"/>
						<String ID="P11_ST00608" HPOS="660" VPOS="3549" WIDTH="28" HEIGHT="39" CONTENT="il" WC="0.72" CC="05"/>
						<SP ID="P11_SP00559" HPOS="688" VPOS="3599" WIDTH="19"/>
						<String ID="P11_ST00609" HPOS="707" VPOS="3549" WIDTH="99" HEIGHT="40" CONTENT="n'en" WC="0.99" CC="0400"/>
						<SP ID="P11_SP00560" HPOS="806" VPOS="3599" WIDTH="31"/>
						<String ID="P11_ST00610" HPOS="837" VPOS="3557" WIDTH="64" HEIGHT="32" CONTENT="est" WC="0.99" CC="002"/>
						<SP ID="P11_SP00561" HPOS="901" VPOS="3599" WIDTH="21"/>
						<String ID="P11_ST00611" HPOS="922" VPOS="3563" WIDTH="79" HEIGHT="37" CONTENT="pas" WC="0.99" CC="020"/>
						<SP ID="P11_SP00562" HPOS="1001" VPOS="3600" WIDTH="22"/>
						<String ID="P11_ST00612" HPOS="1023" VPOS="3550" WIDTH="113" HEIGHT="39" CONTENT="ainsi" WC="1.00" CC="01000"/>
						<SP ID="P11_SP00563" HPOS="1136" VPOS="3600" WIDTH="21"/>
						<String ID="P11_ST00613" HPOS="1157" VPOS="3549" WIDTH="181" HEIGHT="52" CONTENT="lorsque" WC="1.00" CC="4000040"/>
						<SP ID="P11_SP00564" HPOS="1338" VPOS="3601" WIDTH="24"/>
						<String ID="P11_ST00614" HPOS="1362" VPOS="3549" WIDTH="39" HEIGHT="40" CONTENT="le" WC="0.93" CC="10"/>
						<SP ID="P11_SP00565" HPOS="1401" VPOS="3601" WIDTH="24"/>
						<String ID="P11_ST00615" HPOS="1425" VPOS="3549" WIDTH="153" HEIGHT="52" CONTENT="larynx" WC="0.99" CC="000060"/>
						<SP ID="P11_SP00566" HPOS="1578" VPOS="3601" WIDTH="18"/>
						<String ID="P11_ST00616" HPOS="1596" VPOS="3559" WIDTH="64" HEIGHT="31" CONTENT="est" WC="1.00" CC="000"/>
						<SP ID="P11_SP00567" HPOS="1660" VPOS="3601" WIDTH="24"/>
						<String ID="P11_ST00617" HPOS="1684" VPOS="3564" WIDTH="199" HEIGHT="38" CONTENT="parvenu" WC="1.00" CC="0000000"/>
						<SP ID="P11_SP00568" HPOS="1883" VPOS="3602" WIDTH="17"/>
						<String ID="P11_ST00618" HPOS="1900" VPOS="3554" WIDTH="21" HEIGHT="36" CONTENT="à" WC="0.40" CC="5"/>
						<SP ID="P11_SP00569" HPOS="1921" VPOS="3602" WIDTH="20"/>
						<String ID="P11_ST00619" HPOS="1941" VPOS="3563" WIDTH="81" HEIGHT="28" CONTENT="son" WC="0.97" CC="007"/>
						<SP ID="P11_SP00570" HPOS="2022" VPOS="3602" WIDTH="18"/>
						<String ID="P11_ST00620" HPOS="2040" VPOS="3550" WIDTH="101" HEIGHT="52" CONTENT="plus" WC="0.98" CC="0450"/>
					</TextLine>
				</TextBlock>
			</PrintSpace>
		</Page>
	</Layout>
</alto>
