2237 3830
784 227 50 25 LE
868 226 146 26 CHANT
1047 226 52 26 ET
1132 225 77 27 LES
1244 217 241 35 MÉTHODES

129 226 79 41 544

125 324 216 50 muniqué
360 320 224 52 d'énergie
617 321 194 41 mentale
833 320 137 51 garde
992 333 86 27 une
1100 319 155 41 valeur
1286 317 311 42 incalculable.
1623 317 128 43 Nous
1769 318 186 40 n'avons
1975 331 81 39 pas
2091 331 54 27 en

124 391 116 51 effet,
263 391 112 40 dans
400 391 38 39 le
463 391 241 52 répertoire
722 395 183 34 énorme
924 389 78 40 des
1025 390 161 49 engins
1210 388 360 53 pédagogiques,
1594 402 60 26 un
1676 388 94 40 seul
1811 387 109 41 outil
1965 387 53 40 de
2058 395 64 33 tra-

120 461 88 39 vail
229 458 287 54 comparable
540 463 21 35 à
583 459 176 40 celui-là
801 457 72 42 On
896 457 123 53 parle
1040 462 22 35 à
1087 457 184 41 l'enfant
1291 458 53 39 de
1372 466 145 32 toutes
1541 457 63 40 les
1628 458 215 46 sciences,
1867 457 116 40 mais
2018 456 123 41 nulle

121 538 97 43 part
243 543 56 26 on
325 542 52 26 ne
400 529 59 39 lui
480 528 184 51 indique
683 527 39 40 le
746 541 162 38 moyen
932 527 52 40 de
1009 536 258 31 concentrer
1290 540 70 27 ses
1383 526 189 41 facultés
1606 539 76 27 sur
1716 541 58 25 un
1815 527 125 50 point
1971 525 167 42 donné.

123 596 70 42 On
212 599 108 39 croit
342 610 176 27 exercer
539 610 45 26 sa
601 598 214 38 mémoire
839 609 53 26 en
918 596 311 50 l'astreignant
1252 600 22 35 à
1300 595 78 40 des
1395 596 218 39 exercices
1637 595 54 39 de
1711 596 234 45 mémoire,
1965 594 156 41 c'est-à-

121 667 94 39 --dire
240 680 101 38 que,
364 680 80 38 par
462 678 86 28 une
568 665 324 40 contradiction
915 666 221 38 vraiment
1162 663 167 51 risible,
1357 677 57 27 on
1440 665 59 39 lui
1524 664 237 50 demande,
1814 677 113 39 pour
1967 664 60 40 lui
2066 678 51 38 ap-

121 735 190 52 prendre
332 739 21 35 à
376 748 46 26 se
445 735 224 48 souvenir,
692 734 52 39 de
765 747 46 26 se
831 734 226 43 souvenir,
1082 733 277 41 c'est-à-dire
1382 733 53 39 de
1454 732 109 41 faire
1583 733 25 39 d
1629 732 140 41 abord
1799 733 38 39 la
1858 733 134 40 chose
2035 734 106 52 qu'il

122 817 54 26 ne
206 805 83 38 sait
313 817 79 38 pas
419 806 5 37 !
453 802 72 41 On
549 804 112 38 évite
685 816 103 26 avec
812 803 97 39 soin
930 803 54 39 de
1004 802 60 40 lui
1099 802 237 40 conseiller
1359 803 119 40 l'état
1517 802 53 40 de
1595 802 279 52 tranquillité
1900 804 240 39 intérieure

122 885 105 27 sans
250 871 144 53 lequel
417 880 119 31 toute
556 873 233 50 opération
812 871 54 40 de
883 870 166 54 l'esprit
1073 871 177 40 devient
1270 885 87 26 une
1387 870 253 41 souffrance
1681 880 41 31 et
1743 887 59 24 un
1833 871 187 51 danger.
2068 870 72 43 On

121 945 145 47 paraît
287 955 54 25 ne
365 953 80 39 pas
466 941 149 40 savoir
638 939 106 53 qu'il
769 941 68 40 n'a
864 944 145 36 même
1026 954 80 39 pas
1123 941 39 39 la
1193 942 260 38 conscience
1473 941 54 39 de
1551 954 81 27 son
1664 954 164 39 propre
1864 942 275 39 mécanisme

121 1009 350 53 physiologique
490 1018 40 32 et
554 1009 136 52 qu'on
708 1023 51 26 ne
796 1018 103 43 peut
921 1024 79 38 pas
1026 1008 327 54 perfectionner
1376 1025 59 25 un
1468 1012 271 38 instrument
1774 1010 136 52 qu'on
1934 1024 55 27 ne
2032 1023 81 27 con-

121 1083 93 35 naît
231 1092 80 39 pas
332 1077 6 40 !

177 1146 64 41 La
262 1149 225 49 musique,
514 1152 206 35 ramenée
743 1146 121 40 enfin
887 1151 21 35 à
929 1160 69 27 ses
1022 1149 199 48 origines
1245 1150 305 50 mécaniques,
1574 1147 264 41 comblerait
1866 1149 117 40 donc
2025 1157 111 32 cette

122 1216 158 39 lacune
300 1216 53 38 de
376 1216 39 38 la
438 1216 250 50 pédagogie
706 1216 214 39 moderne
963 1215 32 39 II
1019 1218 134 37 serait
1174 1220 21 35 à
1221 1217 231 39 souhaiter
1475 1230 85 38 que
1584 1230 82 26 nos
1689 1230 316 39 programmes
2025 1219 91 39 tins-

120 1292 96 31 sent
240 1292 178 43 compte
441 1284 249 40 désormais
713 1284 58 40 du
796 1298 216 26 concours
1032 1285 161 50 qu'elle
1217 1287 275 50 apporterait
1514 1299 54 26 au
1603 1285 507 53 développement-intel-

121 1353 155 40 lectuel
297 1353 53 40 de
370 1352 196 41 l'enfant.

1577 1436 27 39 D
1604 1436 28 39 r
1665 1434 52 42 A.
1750 1435 239 42 LOMBARD.

699 1699 73 40 Le
807 1698 174 42 chant
1013 1701 56 39 et
1098 1700 85 41 les
1215 1701 318 42 méthodes.

1329 1825 218 44 MARTINI.
1587 1829 263 42 PANSERON.
1893 1855 54 5 —
1987 1832 145 52 Egide

1274 1893 411 55 Schwartzendorf,
1743 1901 63 40 dit
1857 1900 187 42 Martini
2100 1903 33 39 il

1277 1964 183 41 Tedesco
1465 1997 9 18 ,
1502 1968 157 40 mérite
1681 1968 55 40 de
1778 1983 115 27 nous
1928 1970 111 41 faire
2061 1977 47 35 ré-

1270 2035 235 50 trograder
1527 2050 60 26 un
1608 2038 168 40 instant
1806 2052 115 38 pour
1958 2042 143 38 exami-

1268 2116 79 26 ner
1369 2116 47 27 sa
1441 2105 267 40 méthodede
1741 2107 148 41 chant.
1915 2107 37 41 L
1957 2107 94 42 'Art
2074 2110 54 39 du

1268 2171 126 41 chant
1425 2175 140 38 réduit
1587 2189 51 24 en
1668 2175 220 54 principes
1908 2191 56 27 ou
1989 2178 112 40 Mélo-

1263 2243 77 50 pée
1360 2243 201 38 moderne
1568 2274 8 15 ,
1602 2243 65 41 fut
1691 2244 153 52 publié
1867 2259 54 27 en
1950 2261 120 38 1792,
2088 2257 41 31 et

1266 2309 129 40 dédié
1425 2314 21 36 à
1471 2309 46 40 M
1559 2310 290 44 Lenormand
1873 2314 252 43 d'Etuilles.

1267 2377 127 42 Cette
1417 2380 210 40 méthode
1660 2381 109 41 offre
1799 2385 87 38 ceci
1910 2384 54 40 de
1991 2387 115 50 parti-

1266 2448 136 39 culier
1426 2447 160 53 qu'elle
1610 2459 81 42 est,
1715 2452 166 48 dit-on,
1907 2453 41 40 la
1973 2467 129 39 repro-

1267 2516 182 40 duction
1503 2532 194 39 presque
1747 2521 222 51 intégrale
2020 2523 106 40 d'un

1267 2584 151 42 Traité
1453 2587 52 40 de
1548 2587 148 49 chant,
1724 2589 154 52 publié
1915 2605 54 26 en
2003 2591 99 42 Alle-

1268 2668 164 37 magne
1472 2670 55 27 en
1565 2657 121 51 1780,
1712 2673 81 38 par
1830 2674 60 26 un
1913 2661 215 41 excellent

1267 2725 216 40 musicien
1510 2742 7 24 :
1555 2725 145 42 Hiller
1707 2761 7 17 ,
1750 2727 152 42 Traité
1935 2732 74 50 qui
2052 2741 74 31 eut

1265 2807 86 26 une
1374 2794 221 41 influence
1618 2798 198 39 sérieuse
1840 2812 76 26 sur
1958 2799 40 40 la
2023 2814 68 27 mu-

1264 2864 127 50 sique
1416 2864 266 41 allemande.
1710 2864 201 51 Martini,
1938 2882 155 39 compo-

1263 2934 139 37 siteur
1425 2932 236 42 charmant
1701 2935 16 48 (
1722 2933 37 41 le
1786 2935 129 40 Droit
1938 2937 56 39 du
2017 2937 78 40 Sei-

1261 3014 141 36 gneur
1418 3015 11 33 ;
1451 3000 168 41 Plaisir
1635 3002 213 50 d'amour,
1862 3007 121 50 etc.),
2006 3009 115 38 mais

1263 3068 243 41 théoricien
1545 3071 242 48 médiocre,
1829 3087 22 26 a
1895 3073 104 41 bien
2042 3074 80 44 fait

1262 3137 305 52 d'emprunter
1591 3143 22 36 à
1651 3153 82 27 son
1769 3155 111 38 pays
1918 3142 62 41 les
2013 3158 82 28 con-

1262 3207 105 39 seils
1409 3205 107 54 qu'il
1551 3211 225 50 apportait
1811 3224 56 27 au
1903 3214 141 39 nôtre.
2089 3214 32 40 Il

1261 3288 115 27 nous
1413 3276 134 40 laisse
1585 3292 54 26 au
1679 3281 148 39 moins
1853 3294 87 26 une
1969 3280 150 43 bonne

1263 3344 267 49 traduction,
1556 3360 47 26 ce
1639 3349 75 51 qui
1750 3357 66 32 est
1848 3349 99 53 déjà
1985 3351 136 42 chose

1261 3427 113 27 rare.

1317 3480 143 42 Grâce
1485 3488 21 35 à
1532 3484 39 40 la
1592 3488 301 50 composition
1917 3488 54 41 de
1995 3490 123 51 quel-

112 3549 109 38 ques
253 3537 156 41 chants
439 3542 308 52 patriotiques,
782 3543 182 43 Martini
997 3561 132 38 passa
1161 3549 53 40 de
1249 3549 38 40 la
1314 3551 186 54 musique
1520 3552 59 42 du
1603 3556 151 49 prince
1790 3556 54 40 de
1883 3556 158 43 Condé
2077 3568 41 31 et
