2237 3830
2047 187 75 55 553

872 202 241 27 NOUVEAUX
1147 203 215 26 CLAVIERS

100 292 118 39 tains
240 301 241 39 moments,
504 293 27 40 il
559 293 83 40 m'a
663 293 172 40 semblé
854 307 85 39 que
957 292 140 55 j'étais
1120 295 139 47 lâché,
1283 308 57 27 ou
1362 308 86 39 que
1466 294 189 40 l'intérêt
1676 294 57 40 du
1754 308 174 38 voyage
1952 293 154 41 faiblis-

101 361 99 48 sait,
228 361 39 39 le
303 360 78 41 but
402 361 54 40 de
477 361 39 40 la
540 371 125 31 route
689 361 295 54 s'estompant
1006 373 42 31 et
1072 377 45 26 se
1141 364 188 52 perdant
1353 364 113 39 dans
1491 363 37 39 la
1564 362 174 41 brume.
1775 362 225 41 Combien
2025 364 102 51 plus

101 434 101 34 sûre
226 438 41 31 et
287 430 101 51 plus
412 442 19 25 «
467 430 205 40 allante»
698 441 65 30 est
789 431 36 39 la
866 430 281 54 Symphonie
1171 433 52 39 de
1257 432 258 40 Beethoven
1537 435 5 37 !
1577 432 123 40 Celle
1733 432 53 40 de
1816 431 60 40 M.
1925 432 24 39 d
1971 431 109 53 Indy
2106 447 21 25 a

102 498 78 40 des
204 499 165 49 parties
393 512 59 24 un
471 511 84 37 peu
581 498 191 50 longues
792 513 9 34 ;
825 499 69 51 j'ai
918 504 145 36 même
1081 505 118 43 noté,
1222 506 21 34 à
1269 501 38 40 la
1330 500 78 50 fin,
1429 514 85 27 une
1551 501 262 40 conclusion
1850 509 275 43 trompeuse,

101 567 143 38 suivie
264 566 25 39 d
310 580 59 25 un
862 567 96 41 Une
983 578 126 30 autre
1129 569 168 51 qualité
1317 569 53 40 de
1394 569 274 49 Beethoven,
1702 570 103 39 c'est
1827 570 38 39 la
1905 571 220 51 jeunesse,

104 635 40 39 la
166 635 100 51 joie,
294 634 38 40 la
357 647 146 27 verve,
533 634 360 41 l'entraînement
911 650 86 38 que
1011 650 230 39 provoque
1262 651 86 26 une
1366 639 230 39 cordialité
1612 640 201 50 toujours
1834 639 264 52 jaillissante
2119 650 6 26 :

103 712 94 31 tout
218 703 90 40 cela
334 711 66 32 est
435 703 224 52 remplacé
688 705 53 38 ici
778 718 80 37 par
881 719 61 24 un
979 714 65 30 art
1077 707 149 38 moins
1260 705 107 40 frais
1399 715 42 31 et
1465 708 147 39 moins
1644 708 145 51 jeune,
1809 708 101 51 plus
1934 707 120 40 riche
2077 707 52 40 de

107 773 245 39 matériaux
378 776 21 35 à
421 780 158 31 mettre
602 785 54 26 en
680 785 152 27 œuvre
862 786 85 38 que
967 773 53 39 de
1053 776 302 49 spontanéité,
1380 783 97 43 trop
1523 775 160 39 ralenti
1707 790 80 37 par
1812 776 39 39 la
1892 776 237 39 recherche

127 841 202 51 toujours
354 841 234 47 heureuse,
613 842 114 38 mais
748 839 178 53 visible)
945 841 24 40 d
990 841 126 40 effets
1140 848 139 33 autres
1287 872 8 9 .
1321 841 177 51 Malgré
1517 856 86 26 une
1627 844 122 50 pièce
1773 846 183 48 exquise
1982 848 20 35 à
2028 846 100 50 cinq

108 919 157 42 temps,
289 910 62 39 les
376 909 199 52 rythmes
593 917 91 35 ont,
712 922 54 27 en
790 909 200 50 général,
1013 922 85 39 peu
1119 910 54 39 de
1196 912 119 49 prise
1336 924 76 25 sur
1436 910 252 40 l'auditeur.
1712 910 138 40 —Au
1864 912 195 50 surplus,
2082 926 46 26 ce

109 992 56 26 ne
187 987 100 31 sont
308 978 38 39 là
368 992 85 38 que
486 978 76 40 des
596 979 297 51 impressions
914 978 54 40 de
992 987 176 31 concert
1191 993 8 33 ;
1226 992 88 26 une
1338 978 192 40 seconde
1564 978 204 40 audition
1801 979 63 39 les
1897 978 232 41 modifiera

108 1051 237 47 peut-être,
371 1060 53 27 en
446 1060 69 26 me
540 1055 268 43 permettant
829 1047 52 39 de
900 1048 97 39 voir
1014 1047 100 52 plus
1136 1047 107 40 clair
1258 1047 113 40 dans
1393 1055 111 32 cette
1528 1060 151 28 œuvre
1704 1048 368 51 exceptionnelle.

1454 1128 138 55 JULES
1618 1128 286 41 COMBARIEU.

801 1422 325 40 Nouveaux
1176 1421 249 41 claviers
1452 1455 5 7 .

392 1554 38 39 A
458 1552 59 40 M.
541 1555 39 39 le
602 1554 229 40 Directeur
849 1555 54 39 de
928 1556 38 38 la
991 1554 144 40 Revue
1159 1553 226 41 Musicale.

169 1654 50 54 Je
237 1668 113 26 vous
376 1657 212 37 remercie
611 1655 24 39 d
658 1654 138 41 abord
823 1655 77 40 des
926 1656 176 39 articles
1125 1654 86 41 fort
1234 1655 317 41 bienveillants
1576 1670 85 38 que
1683 1669 112 27 vous
1834 1668 112 27 avez
1974 1669 132 27 consa-

114 1727 94 36 crés
245 1727 21 35 à
293 1736 93 26 mes
410 1722 215 40 Premiers
661 1723 197 39 éléments
893 1724 306 54 d'Acoustique
1219 1724 201 40 musicale
1427 1756 9 15 ,
1459 1733 41 31 et
1525 1726 279 38 maintenant
1828 1725 39 51 je
1890 1738 111 26 vous
2044 1726 93 50 prie

120 1792 270 39 d'accueillir
411 1792 218 52 quelques
654 1791 330 41 observations.

176 1858 72 42 On
270 1873 70 27 me
357 1859 78 41 fait
451 1860 95 40 dire
571 1874 85 38 que
677 1861 39 52 je
736 1874 194 39 propose
948 1873 20 27 ((
995 1874 85 27 une
1095 1861 208 40 nouvelle
1316 1875 181 36 gamme
1522 1874 103 27 avec
1650 1875 59 26 un
1724 1876 27 25 n
1765 1874 174 27 ouveau
1961 1860 178 48 clavier,

121 1928 38 39 le
182 1927 158 40 clavier
359 1928 50 39 de
435 1926 191 55 Costeley
637 1961 7 14 ,
672 1937 134 44 ayant
836 1943 45 37 19
902 1928 185 40 touches
1112 1933 21 34 à
1164 1928 185 40 l'octave
1373 1938 40 30 et
1435 1929 211 40 réalisant
1670 1942 116 39 pour
1809 1937 101 31 tous
1933 1928 63 40 les
2034 1937 105 31 tons

121 2010 87 27 une
227 1995 191 42 réforme
442 2010 86 39 que
547 1996 193 40 Rameau
765 1999 118 38 avait
902 2002 221 47 proposée
1142 2010 115 39 pour
1280 1997 63 40 les
1368 2006 100 31 tons
1505 1997 152 40 usuels
1681 1997 248 40 seulement
1958 2007 36 30 )).

178 2064 64 42 Or
265 2067 38 50 je
329 2079 192 39 propose
556 2079 53 27 en
635 2066 154 40 réalité
821 2066 225 52 plusieurs
1067 2079 238 27 nouveaux
1329 2066 203 49 claviers,
1556 2075 41 31 et
1622 2079 172 26 aucune
1817 2079 181 36 gamme
2023 2079 87 27 nou-

120 2135 129 40 velle.
347 2129 10 15 F

176 2202 99 41 Mes
289 2204 186 40 claviers
495 2212 100 32 sont
617 2212 100 31 tous
738 2208 237 47 tempérés,
995 2212 41 31 et
1048 2203 62 39 les
1134 2204 113 40 deux
1269 2205 262 50 principaux
1550 2211 101 32 sont
1667 2216 106 27 ceux
1793 2217 85 38 que
1892 2201 70 55 j'ai
1987 2202 153 40 dédiés

122 2270 89 42 l'un
237 2276 21 35 à
281 2272 219 48 Rameau,
526 2272 157 40 l'autre
704 2276 21 35 à
757 2271 228 53 Costeley.
1021 2285 129 39 parce
1173 2286 57 38 qu
1250 2272 55 40 ils
1341 2272 210 40 réalisent
1582 2272 77 40 des
1683 2270 459 53 perfectionnements

123 2340 168 41 désirés
312 2355 81 38 par
415 2355 71 26 ces
510 2342 113 39 deux
642 2341 169 51 grands
832 2342 259 38 musiciens.

179 2408 110 42 Mon
308 2410 163 39 clavier
497 2409 203 41 Rameau
723 2418 66 30 est
813 2413 21 35 à
859 2423 44 25 12
926 2408 184 41 touches
1135 2422 79 38 par
1231 2416 191 32 octaves.
1461 2407 31 41 11
1524 2408 154 40 diffère
1714 2409 58 39 du
1812 2409 163 39 clavier
1999 2408 143 40 actuel

124 2493 55 26 en
200 2480 87 37 ceci
311 2494 6 24 :
355 2478 56 51 j'y
434 2477 84 40 fais
542 2478 63 39 les
629 2486 182 43 quartes
842 2477 153 52 justes,
1034 2489 47 27 ce
1114 2478 75 50 qui
1215 2482 155 34 amène
1393 2491 56 25 un
1474 2477 123 49 léger
1617 2478 426 38 raccourcissement
2064 2477 77 39 des

126 2555 176 32 octaves
322 2545 75 51 (1%
429 2544 81 54 17),
538 2546 118 40 alors
672 2544 394 53 qu'actuellement
1087 2558 57 27 on
1166 2544 77 40 fait
1265 2545 239 40 soi-disant
1530 2545 61 39 les
1612 2546 179 50 quintes
1820 2546 154 51 justes,
1998 2558 47 26 ce
2067 2547 75 50 qui

127 2615 181 50 allonge
331 2615 63 40 les
418 2623 178 32 octaves
622 2629 7 33 ;
658 2612 186 53 Stumpf
881 2622 42 31 et
941 2612 155 53 Meyer
1121 2613 64 40 les
1210 2622 206 31 trouvent
1457 2613 230 50 allongées
1713 2613 53 40 de
1939 2613 103 40 chez
2080 2613 62 40 les

126 2684 264 40 violonistes
411 2684 75 51 qui
510 2691 220 44 prennent
752 2682 77 40 des
849 2683 288 51 précautions
1164 2695 115 39 pour
1302 2681 62 40 les
1388 2681 109 40 faire
1535 2682 155 51 justes.

183 2751 106 41 Mon
305 2752 164 40 clavier
486 2750 210 53 Costeley
721 2766 21 25 a
763 2766 46 35 19
834 2750 183 41 touches
1037 2765 80 38 par
1150 2759 180 31 octave:
1363 2757 37 32 i°
1423 2750 28 40 il
1476 2750 163 51 donne,
1667 2764 105 26 avec
1799 2763 86 27 une
1911 2750 206 40 améliora-

128 2823 93 39 tion
246 2827 88 34 très
366 2819 197 49 notable,
605 2829 100 31 tous
741 2820 63 40 les
828 2820 183 40 accords
1040 2819 58 41 du
1123 2820 163 39 clavier
1311 2819 158 48 actuel,
1489 2823 145 36 même
1658 2832 107 27 ceux
1781 2819 59 39 du
1860 2818 166 40 clavier
2049 2818 61 41 Ra-

129 2903 130 26 meau
276 2905 8 32 ;
312 2903 21 25 2
338 2895 17 15 0
380 2889 28 39 il
435 2889 159 40 réalise
617 2888 38 40 le
681 2892 100 36 rêve
801 2889 76 39 des
896 2890 242 38 musiciens
1159 2887 173 41 d'avoir
1351 2888 76 40 des
1453 2888 186 40 touches
1660 2887 257 41 différentes
1943 2901 114 38 pour
2079 2887 63 39 les

129 2966 128 31 notes
277 2957 224 40 diéséeset
525 2957 62 40 les
609 2966 127 31 notes
760 2956 286 49 bémolisées,
1064 2965 41 32 et
1131 2971 17 37 3
1155 2962 17 16 0
1192 2957 28 39 il
1243 2965 169 43 permet
1429 2956 76 40 des
1530 2955 341 41 combinaisons
1892 2956 248 40 nouvelles.

185 3024 134 42 Enfin
359 3027 38 51 je
439 3026 148 40 donne
611 3026 64 39 les
714 3039 186 39 moyens
936 3027 232 50 pratiques
1191 3025 52 40 de
1274 3025 191 40 réaliser,
1484 3038 70 27 ces
1582 3025 112 40 deux
1718 3025 187 40 claviers
1931 3038 104 27 avec
2059 3038 85 27 une

129 3095 222 52 précision
376 3096 223 38 inconnue
625 3093 219 53 jusqu'ici.

186 3163 117 40 Tout
323 3176 46 26 ce
390 3176 87 37 que
498 3159 197 54 j'avance
715 3163 39 39 là
789 3178 27 24 n
836 3177 22 25 a
891 3165 94 38 rien
1010 3163 370 52 d'hypothétique
1402 3177 8 33 ;
1451 3163 200 52 j'énonce
1674 3162 78 39 des
1785 3163 162 38 vérités
1972 3164 73 49 qui
2070 3163 50 40 dé-

131 3231 178 41 coulent
342 3231 77 39 des
453 3239 184 32 travaux
656 3231 78 39 des
771 3233 294 38 acousticiens
1100 3234 75 49 qui
1198 3241 76 31 ont
1297 3232 149 40 étudié
1469 3231 62 39 les
1555 3231 185 39 accords
1763 3230 134 40 isolés
1918 3229 108 50 (non
2050 3231 96 40 leur

129 3298 363 53 enchaînement)
515 3307 41 31 et
580 3298 62 40 les
667 3298 287 41 battements.
978 3298 136 42 Reste
1140 3304 21 36 à
1180 3301 148 39 savoir
1352 3304 20 34 à
1400 3298 145 53 quelle
1570 3303 177 47 époque
1770 3311 55 27 on
1842 3298 171 40 voudra
2036 3313 78 38 pro-

133 3366 99 42 fiter
254 3368 77 40 des
353 3375 244 42 avantages
618 3380 86 39 que
728 3368 38 52 je
783 3368 176 50 signale
976 3371 7 37 !

188 3435 63 41 Le
291 3437 193 51 premier
514 3434 431 54 perfectionnement
982 3435 180 53 (clavier
1187 3436 220 46 Rameau)
1442 3436 202 51 pourrait
1687 3439 90 35 être
1804 3436 213 52 appliqué
2040 3450 106 27 sans

136 3505 144 40 retard
298 3513 41 31 et
362 3518 106 26 sans
492 3503 209 42 difficulté
740 3519 83 26 aux
844 3518 165 37 orgues
1034 3507 75 50 qui
1127 3505 152 52 jouent
1308 3504 77 40 des
1410 3504 120 40 solos
1554 3514 7 28 :
1585 3504 29 38 il
1634 3502 115 41 suffit
1769 3503 105 40 d'un
1907 3505 239 41 accordeur

246 3585 40 30 R.
311 3583 46 32 M.

1996 3595 47 29 42
