2324 4254
740 300 333 54 BRUNO'S
1145 306 345 51 WEEKLY

2008 315 96 51 677

130 430 640 118 BRUNO'S
846 431 620 122 GARRET

131 711 560 109 Catalogues
731 715 106 87 of
880 717 411 91 Exhibits

129 1209 165 48 Clara
330 1210 130 48 Tice
588 1213 63 57 (7
688 1214 211 60 Plates)

387 1341 161 46 TWO
588 1342 348 48 HUNDRED
978 1346 150 46 AND
1171 1349 468 50 FIFTY-EIGHT
1677 1355 194 47 DRAW-

321 1404 163 46 INGS
517 1407 94 43 BY
645 1407 223 47 CLARA
915 1411 158 45 TICE
1108 1411 294 61 expressing
1439 1416 89 46 her
1563 1432 113 32 own
1713 1427 177 51 concep-

320 1465 103 47 tion
467 1467 53 58 of
561 1469 83 46 the
682 1468 175 60 follies
899 1472 104 47 and
1040 1472 180 59 frolits
1262 1474 55 60 of
1360 1478 89 46 her
1491 1482 428 57 contemporaries

329 1530 160 55 {male
522 1531 104 47 and
654 1531 234 59 female.)
969 1536 218 58 Tacked,
1219 1538 133 58 from
1387 1542 82 47 the
1502 1543 137 47 tenth
1672 1544 131 48 until
1836 1547 84 47 the

319 1594 262 48 twentieth
608 1596 102 60 day
738 1596 54 60 of
818 1601 146 57 May,
997 1604 132 54 1915,
1162 1619 60 31 on
1252 1604 83 47 the
1362 1605 155 47 walls
1547 1605 54 60 of
1628 1609 289 48 BRUNO'S

322 1657 300 57 GARRET,
651 1660 224 49 situated
904 1672 52 38 at
989 1666 53 44 58
1081 1665 335 61 Washington
1448 1670 212 57 Square,
1691 1674 228 57 opposite

322 1721 83 47 the
444 1723 107 46 Bus
592 1722 196 49 Station
2036 1742 72 47 .75

136 1868 307 52 Bernhardt
481 1872 140 49 Wall
749 1876 66 58 (8
853 1877 212 61 Plates)

576 2003 138 48 York
767 2004 91 48 has
912 2004 63 51 its
1027 2024 115 32 new
1195 2027 279 34 romancer.
1557 2015 233 50 Another
1843 2019 61 47 O.

317 2066 181 57 Henry
538 2065 40 48 is
618 2084 186 43 among
843 2085 72 32 us.
984 2072 46 46 A
1074 2089 116 30 man
1229 2076 116 47 who
1388 2093 216 44 conveys
1642 2089 48 38 to
1731 2097 59 31 us
1829 2083 115 47 the'

320 2126 94 58 life
467 2127 56 60 of
575 2130 83 48 the
708 2130 121 59 four
885 2132 213 59 million,
1149 2137 114 47 who
1318 2138 169 50 shows
1542 2159 57 30 us
1651 2144 84 48 the
1785 2147 134 46 New

324 2192 194 48 Yorker
556 2211 56 29 as
650 2196 60 45 he
749 2194 59 58 is,
844 2213 56 31 as
940 2199 62 46 he
1040 2198 128 50 lives
1206 2202 104 47 and
1349 2203 165 49 loves',
1552 2215 53 38 at
1643 2206 78 49 his
1756 2210 160 48 work.

320 2257 60 44 O.
418 2258 195 57 Henry,
651 2259 84 46 the
773 2263 346 56 unsurpassed
1161 2274 186 38 master
1388 2265 55 60 of
1482 2268 342 60 observation,
1864 2272 57 58 of

322 2319 323 48 observation
686 2321 135 59 from
863 2342 186 42 among
1089 2328 140 47 those
1267 2330 109 47 that
1417 2332 61 47 he
1519 2334 254 57 observes,
1813 2353 80 32 cre-

321 2391 107 38 ates
466 2382 222 59 pictures
731 2385 50 48 in
823 2386 148 48 vivid
1012 2390 163 48 colors
1215 2392 127 47 with
1382 2394 77 48 his
1497 2398 189 48 words.
1759 2401 128 46 Bern-

321 2446 151 47 hardt
518 2447 143 47 Wall
701 2450 118 45 tells
861 2467 57 31 us
959 2452 195 57 stories,
1195 2456 179 47 stories
1417 2460 109 46 that
1568 2476 156 33 never
1766 2464 151 47 could

321 2508 57 47 be
416 2509 110 47 told
565 2509 49 49 in
650 2513 189 56 words,
879 2513 49 48 in
969 2514 77 49 his
1086 2518 224 60 etchings
2032 2532 72 46 ,50

127 2663 358 50 Book-Plates
518 2667 131 48 with
682 2668 181 48 Nudes
993 2672 102 57 (17
1130 2674 210 59 Plates)

2034 2752 74 47 .75

621 2808 6 7 ■
638 2804 17 16 A

137 2949 230 49 Carlton
407 2951 529 59 Waugh—Women
975 2956 109 49 and
1124 2958 213 48 Minxes

2028 3030 79 47 .27

135 3311 279 59 QUAINT
452 3314 151 49 AND
643 3316 152 49 ODD
833 3318 238 50 BOOKS

133 3456 315 51 ANCIENT
491 3460 151 48 AND
688 3461 188 48 RARE
922 3464 309 49 FASHION
1276 3466 282 59 PLATES,
1601 3469 202 49 BOOK
1846 3471 264 51 PLATES

132 3602 153 48 AND
327 3602 238 51 BOOKS
610 3603 99 51 ON
750 3605 202 49 BOOK
993 3607 282 51 PLATES.

135 3747 68 47 IN
251 3747 297 49 BRUNO'S
595 3748 304 60 GARRET,
948 3751 89 48 58-
1071 3751 364 61 Washington
1477 3753 228 60 Square.

133 3875 308 50 Collectors
480 3894 94 29 are
613 3878 222 47 invited.
