2324 4254
215 249 97 48 664

831 250 333 53 BRUNO'S
1236 254 347 50 WEEKLY

218 401 273 107 Eight
534 402 480 108 Thoughts
1057 405 104 86 of
1202 405 359 90 Suicide

215 531 78 58 By
321 527 203 53 Martin
557 531 188 48 Brown

281 611 46 45 A
375 608 330 61 sad-looking
747 611 295 59 gentleman
1087 611 127 51 with
1259 613 231 61 glowing
1538 615 148 48 black
1733 632 129 45 eyes,
1908 634 128 44 very
2079 620 124 58 pale

219 672 332 61 complexion,
597 673 191 49 attired
833 674 49 48 in
932 692 30 30 a
1010 675 147 49 black
1204 677 302 49 broadcloth
1551 677 102 51 suit
1697 679 169 50 which
1914 683 289 47 contrasted

216 736 206 63 vividly
464 740 106 47 <wth
615 738 77 49 his
739 740 276 60 unusually
1058 740 211 61 glaring
1312 742 159 49 white
1517 743 155 57 linen,
1715 744 208 50 'walked
1969 745 101 50 into
2120 748 83 48 the

223 804 193 47 Garret
446 819 31 32 a
507 802 108 61 few
644 804 127 59 days
805 820 113 43 ago.
981 808 85 45 He
1098 804 91 49 did
1219 815 87 40 not
1335 823 93 44 say
1461 825 30 31 a
1522 808 150 48 word
1705 808 62 62 by
1797 827 120 43 way
1951 809 56 61 of
2035 820 140 50 greet-

219 865 104 59 ing,
355 865 104 49 and
489 865 78 49 his
601 877 328 39 monotonous
960 867 144 50 voice
1136 869 231 49 sounded
1396 888 53 30 so
1486 869 244 50 inhuman
1763 872 111 50 that
1904 875 28 46 I
1961 872 128 61 paid
2120 875 82 48 the

217 938 186 41 utmost
449 931 246 49 attention
742 941 47 39 to
837 931 78 49 his
962 933 317 60 monologue.
1355 937 85 46 He
1486 935 290 50 mentioned
1823 936 70 61 off
1938 937 141 50 hand
2125 937 77 50 his

219 1011 150 32 name
400 994 104 49 and
535 996 110 48 that
677 996 60 48 he
771 996 103 48 had
906 997 123 48 been
1063 1015 66 30 an
1162 1007 141 41 actor
1335 998 85 61 for
1451 1016 139 32 some
1621 1008 117 52 past
1767 1017 167 43 years.
1997 1001 206 50 Suicide

217 1059 205 48 seemed
456 1059 78 50 all
568 1060 84 49 the
689 1059 208 51 interest
934 1062 62 48 he
1034 1062 103 49 had
1174 1062 49 49 in
1264 1063 109 61 life.
1440 1067 346 47 Monotonous
1824 1073 62 42 ai
1921 1067 83 49 the
2042 1083 117 33 ever-

220 1123 320 60 murmuring
576 1125 161 57 creek,
766 1124 217 51 without
1019 1128 82 47 the
1134 1126 235 61 slightest
1405 1138 286 40 movement
1725 1129 55 61 of
1811 1129 120 61 face
1964 1148 57 30 or
2055 1130 147 62 body,

219 1189 62 48 he
311 1189 150 48 made
492 1206 77 31 me
600 1189 308 61 acquainted
935 1190 127 49 with
1091 1191 85 50 the
1208 1201 127 40 most
1364 1191 236 51 intricate
1628 1210 145 43 ways
1804 1192 56 63 of
1890 1194 312 61 committing

217 1248 211 51 suicide.
494 1253 139 60 Only
668 1255 84 47 the
788 1253 301 50 theoretical
1122 1255 223 61 practise
1383 1255 55 62 of
1471 1255 196 50 suicide
1703 1256 106 49 and
1844 1256 64 51 its
1945 1256 256 62 reflection

220 1323 135 52 upon
391 1316 172 58 ethics,
600 1318 199 48 eternal
835 1318 200 61 beauty,
1071 1319 244 50 emotions
1352 1321 207 49 created
1593 1321 51 48 in
1680 1321 84 50 the
1797 1321 196 50 suicide
2028 1322 146 49 candi-

217 1379 122 50 date
371 1397 57 30 as
460 1380 127 49 well
617 1398 58 32 as
710 1380 50 50 in
794 1382 141 49 those
969 1384 64 47 he
1066 1383 175 49 leaves
1275 1383 205 60 behind,
1512 1385 203 49 seemed
1748 1396 49 39 to
1834 1385 210 50 interest
2078 1385 119 50 him»

216 1444 282 49 Elaborate
526 1463 140 32 were
697 1445 78 50 his
804 1445 193 51 studies
1030 1448 104 48 and
1165 1450 84 47 the
1280 1449 167 60 cyclus
1480 1449 56 61 of
1567 1449 139 60 eight
1734 1458 175 52 poems
1940 1449 168 51 which
2143 1451 60 49 he

219 1509 171 48 called
774 1510 54 61 of
1146 1512 214 50 because
1402 1514 118 61 they
1561 1531 92 32 are
1693 1524 88 39 not
1823 1514 379 62 accomplished

216 1572 135 61 facts
385 1584 99 49 yet,
522 1573 62 49 he
624 1575 112 47 laid
771 1573 153 50 down
967 1594 61 30 on
1068 1594 80 43 my
1188 1577 139 48 table
1366 1578 174 60 neatly
1578 1577 322 61 typewritten
1942 1578 104 49 and
2086 1577 106 51 tied

216 1636 126 49 with
375 1655 32 30 a
438 1637 148 49 black
619 1638 195 50 ribbon.

289 1703 125 47 Two
447 1702 238 61 thoughts
720 1721 61 30 on
814 1703 206 49 Suicide
1051 1704 50 48 in
1139 1705 122 49 each
1294 1704 134 51 issue
1463 1723 90 31 are
1585 1705 257 61 sufficient
1868 1707 87 59 for
1993 1709 122 47 each
2150 1708 53 58 of

220 1782 81 42 my
336 1765 228 57 readers,
597 1769 28 44 I
661 1766 293 50 concluded.

301 1876 258 59 Hanging

405 1953 193 52 HTHE
633 1973 134 45 rope
802 1958 138 51 feels
973 1976 113 33 raw
1120 1961 107 48 and
1261 1962 181 58 rough
1475 1977 72 33 on
1583 1977 94 43 my
1710 1962 142 48 neck

545 2027 51 49 It
628 2043 128 43 may
789 2029 66 49 be
889 2037 98 41 too
1019 2029 358 59 long—what
1410 2047 29 32 a
1472 2029 249 50 horrible
1755 2029 163 61 thing

408 2089 85 50 To
526 2089 112 51 find
672 2092 121 49 that
824 2108 94 43 my
951 2090 114 51 feet
1098 2093 163 49 could
1296 2093 165 49 reach
1495 2094 165 48 down
1694 2102 60 42 to
1787 2094 93 50 the
1915 2097 220 57 ground

408 2155 128 48 And
572 2163 124 53 stay
732 2173 94 44 my
860 2156 130 50 wild
1026 2156 262 61 choking,
1325 2174 94 45 my
1453 2158 321 62 strangling
1810 2158 196 61 swing.

408 2250 128 49 And
573 2250 274 51 then—ah
885 2253 122 48 that
1044 2260 253 42 moment
1332 2254 254 50 between
1626 2253 95 51 life
1758 2254 108 50 and
1903 2254 166 51 death

408 2314 147 49 That
598 2315 228 51 terrible
868 2316 315 50 breathless
1226 2318 140 61 drop
1407 2318 120 49 into
1569 2318 170 49 blank
1781 2334 181 45 space,

409 2377 148 51 That
587 2389 254 40 moment
871 2380 196 51 before
1098 2381 94 50 the
1223 2398 136 45 rope
1392 2381 250 60 tightens
1674 2384 108 48 and
1814 2382 203 51 breaks

409 2442 120 50 The
560 2443 196 50 thread
786 2443 61 51 of
875 2461 94 43 my
1000 2445 110 49 life.
1175 2445 157 50 With
1366 2462 93 44 my
1489 2462 132 44 eyes
1653 2462 71 33 on
1755 2462 143 45 your
1928 2446 122 51 face

403 2507 157 51 With
588 2525 143 43 your
757 2526 164 33 name
949 2526 72 33 on
1051 2527 94 43 my
1172 2509 122 61 lips,
1322 2511 134 49 with
1485 2527 142 45 your
1654 2509 157 51 voice
1840 2511 54 49 in
1923 2527 94 45 my
2045 2512 160 49 heart

409 2570 116 50 Can
560 2572 22 48 I
616 2573 73 48 do
719 2572 240 61 it?—my
991 2573 306 60 trembling
1329 2573 123 51 foot
1484 2574 274 50 stumbles
1791 2574 108 50 and
1933 2574 206 62 slips—

408 2635 129 59 Yes,
569 2636 92 50 the
692 2636 215 50 curtain
940 2638 43 49 is
1015 2638 163 49 down
1183 2639 95 48 —I
1311 2639 140 48 have
1484 2638 237 50 finished
1753 2655 91 44 my
1876 2648 140 51 part.

268 2749 51 46 A
357 2748 174 48 Razor

404 2826 92 83 A
536 2829 263 51 RAZOR
840 2832 43 48 is
925 2831 251 61 horribly
1218 2831 443 61 commonplace,
1701 2841 95 51 yet

576 2899 22 47 I
633 2907 150 41 want
817 2908 57 41 to
908 2901 65 48 be
1009 2901 325 58 something
1367 2901 98 48 she
1499 2908 208 42 cannot
1740 2899 203 62 forget.

410 2996 21 47 I
473 3005 150 39 want
661 2996 153 48 them
852 3005 59 40 to
949 3012 217 33 scream
1204 2997 108 48 and
1350 3005 59 40 to
1447 2997 246 48 shudder
1730 3014 175 41 away,

408 3058 170 50 Their
619 3059 189 50 hearts
849 3069 127 50 stop
979 3059 216 50 —their
1236 3059 152 50 faces
1428 3061 134 48 with
1606 3068 182 42 terror
1829 3068 127 41 turn
1998 3076 138 45 grey

407 3153 184 51 When
631 3155 131 59 they
799 3155 113 49 find
948 3156 151 48 what
1138 3156 111 48 I've
1287 3156 145 48 done
1470 3155 132 49 with
1641 3155 111 49 this
1790 3155 207 60 silvery
2032 3155 171 54 knife.

405 3218 187 51 When
626 3219 134 60 they
795 3236 90 33 see
921 3221 94 48 the
1049 3221 97 48 red
1181 3237 139 33 ooze
1355 3221 122 49 that
1510 3237 116 33 was
1660 3219 172 61 lately
1866 3236 94 44 my
1994 3218 111 51 life.

410 3315 53 48 It
497 3313 113 51 will
648 3323 99 41 not
784 3315 128 49 hurt
950 3316 164 48 much
1119 3331 163 33 —see
1321 3315 111 49 this
1470 3323 92 42 cut
1599 3316 52 48 in
1691 3332 92 43 my
1821 3316 148 49 hand

409 3378 150 51 First
591 3396 30 33 a
654 3378 120 62 tiny
808 3381 97 48 red
940 3381 205 57 streak,
1180 3381 132 48 then
1349 3397 29 32 a
1413 3378 262 64 dripping
1708 3381 97 48 red
1840 3379 163 50 band.

409 3473 22 49 I
468 3473 169 51 know
671 3475 150 49 what
859 3476 101 47 I'm
996 3475 330 59 doing—l'll
1364 3476 240 60 sharpen
1642 3475 58 58 it,
1736 3475 176 58 there,

405 3538 87 51 To
525 3539 110 49 hell
671 3539 134 50 with
840 3539 94 51 the
969 3539 178 50 world
1181 3538 42 51 it
1256 3539 101 50 has
1391 3548 100 41 not
1523 3539 203 61 played
1760 3556 88 33 me
1884 3538 119 52 fair.
2056 3549 8 11 '

407 3635 158 59 They
597 3635 112 49 will
743 3635 104 49 call
883 3651 86 33 me
1006 3635 210 58 insane,
1251 3651 208 43 among
1494 3635 164 49 other
1692 3633 122 51 nice
1849 3633 191 61 things

407 3697 109 51 But
544 3698 61 50 of
631 3716 199 32 course
861 3699 99 47 I'm
992 3699 193 49 insane
1216 3701 148 48 what
1395 3699 147 50 else?
1607 3698 140 57 God,
1776 3699 127 49 how
1933 3698 41 50 it
2003 3698 200 57 stings.
