2324 4254
1973 230 96 51 673

701 243 333 51 BRUNO'S
1106 241 347 53 WEEKLY

275 379 244 59 scriptive
572 380 103 47 and
726 379 241 59 pictorial
1019 388 193 50 power,
1266 376 263 50 readiness
1585 374 55 59 of
1690 371 187 56 vision,

274 444 127 48 with
435 461 29 31 a
496 444 198 59 faculty
729 444 54 59 of
815 442 182 61 sifting
1032 442 104 49 and
1167 441 244 58 selecting
1446 440 62 48 its
1541 446 215 52 reports.

278 506 181 49 Lionel
483 507 244 57 Johnson,
757 506 50 49 in
834 506 182 57 Acad.,
1041 506 191 48 March
1259 508 77 55 20,
1367 507 119 46 1897
1999 498 75 48 .50

83 661 102 49 No.
289 667 52 43 9.
387 663 192 49 Tanka
610 665 111 47 and
753 663 199 57 Haika,
984 663 72 59 by
1089 661 294 51 Sadakichi
1416 662 308 46 Hartmann

346 760 108 47 The
478 776 89 31 son
599 760 53 58 of
680 776 30 30 a
741 761 228 46 German
995 759 174 59 father
1198 757 105 49 and
1329 775 31 31 a
1386 759 258 57 Japanese
1672 755 211 56 mother,

279 822 56 58 of
378 840 29 30 a
453 823 395 59 burgomaster's
891 840 88 29 son
1023 822 135 58 from
1204 821 391 57 Mecklenburg,
1637 819 83 47 the
1765 817 118 60 only

275 887 273 57 European
618 894 131 40 state
816 886 217 48 without
1102 902 30 31 a
1204 882 358 57 Constitution,
1629 880 104 49 and
1800 880 84 49 the

278 949 255 58 daughter
574 949 53 60 of
665 967 31 29 a
735 950 164 55 ronin,
937 968 30 29 a
1005 949 185 60 roving
1228 948 193 48 soldier
1460 946 56 61 of
1555 946 103 49 Old
1693 948 189 57 Japan.

276 1011 277 50 Sadakichi
590 1011 41 49 is
669 1013 145 48 much
849 1030 139 31 more
1021 1015 258 56 Japanese
1313 1013 122 47 than
1475 1013 245 45 German.
1785 1007 99 50 His

275 1076 130 58 style
453 1076 41 48 is
542 1086 343 50 extravagant
934 1077 87 47 but
1065 1094 177 30 suave.
1319 1077 149 46 Some
1516 1073 56 60 of
1618 1072 77 50 his
1743 1073 143 49 short

276 1138 182 49 stories
486 1157 90 30 are
604 1157 56 30 as
689 1140 257 48 excessive
972 1140 106 47 and
1105 1138 194 49 intense
1327 1156 56 31 as
1409 1140 159 54 Poe's,
1599 1153 61 32 on
1690 1134 248 60 strictly..

278 1203 228 48 realistic
544 1203 144 50 lines.
765 1206 108 47 The
913 1213 183 40 utmost
1135 1203 193 48 bounds
1370 1202 55 61 of
1463 1199 290 62 expression
1794 1217 89 32 are

278 1267 235 57 reached,
548 1284 125 31 even
712 1268 75 47 his
825 1267 299 60 originality
1159 1267 41 48 is
1235 1265 300 61 aggressive
2014 1265 58 46 25

1875 1350 10 11 %

86 1433 100 48 No.
256 1438 88 44 10.
388 1435 239 49 Richard
659 1437 255 58 Wagner,
946 1438 95 47 the
1073 1438 202 57 Egoist,
1308 1439 72 57 by
1411 1438 179 48 Guido
1621 1438 183 47 Bruno

1999 1504 72 46 .25

86 1609 100 47 No.
256 1614 87 44 11.
387 1611 169 58 Edna,
590 1612 94 47 the
717 1613 113 47 Girl
866 1613 58 48 of
953 1614 96 47 the
1083 1614 194 58 Street,
1314 1614 70 59 by
1417 1613 197 48 Alfred
1646 1612 346 60 Kreymborg

343 1710 190 45 Cause:
574 1726 91 29 our
704 1710 162 47 social
905 1710 296 49 conditions.

340 1771 227 48 Motive:
600 1772 106 58 just
743 1783 47 39 to
830 1773 120 49 live.

341 1835 262 47 Problem:
642 1838 211 47 eternal.

337 1898 254 49 Solution:
636 1918 129 31 none
2000 1902 72 47 .25

85 2070 101 49 No.
276 2074 87 45 12.
406 2072 177 58 Songs
614 2072 59 47 of
699 2072 94 47 the
826 2073 248 55 Cosmos,
1106 2072 71 57 by
1209 2070 228 49 Charles
1468 2072 198 47 Keeler

339 2167 120 48 Like
494 2168 83 47 the
607 2185 210 30 weaver
856 2168 53 59 of
939 2167 299 58 wonderful
1272 2167 262 56 brocades,
1568 2168 62 46 he
1665 2166 221 48 selected

278 2232 185 47 thread
505 2230 136 59 after
683 2232 184 47 thread
909 2232 103 47 and
1055 2239 65 51 up
1164 2232 201 47 loomed
1407 2230 139 49 those
1586 2229 297 59 wonderful

278 2294 222 60 pictures
547 2294 177 60 before
771 2313 78 42 my
896 2312 131 42 eyes,
1071 2294 251 48 creations
1370 2294 55 60 of
1468 2293 183 61 simple
1694 2293 190 57 words,

279 2359 193 58 dipped
503 2359 48 47 in
588 2360 91 46 red
711 2359 167 57 blood,
913 2359 162 48 tinted
1107 2360 61 58 by
1202 2360 83 47 the
1317 2359 186 58 golden
1539 2375 110 40 sun,
1680 2357 207 59 formed

279 2422 104 47 and
415 2423 198 59 shaped
646 2423 62 59 by
744 2422 162 48 hands
939 2423 115 47 who
1093 2423 149 46 know
1275 2423 81 47 the
1392 2422 171 48 labors
1599 2422 104 47 a7id
1733 2421 150 60 pains

280 2486 55 58 of
369 2484 224 49 millions
627 2487 206 47 scented
863 2486 125 48 with
1025 2486 274 59 good-will
1332 2486 227 48 towards
1596 2486 288 58 everybody

278 2549 103 47 and
423 2549 207 48 emitted
666 2549 126 48 with
833 2558 127 50 pure
1003 2549 117 47 love
2019 2550 55 46 15

85 2700 101 47 No.
256 2704 88 45 13.
390 2703 317 57 Teaspoons
741 2705 107 46 and
881 2705 184 47 Violet
1099 2705 220 56 Leaves,
1355 2705 70 58 by
1459 2705 178 49 Guido
1670 2705 183 47 Bruno

2004 2775 72 43 .50

85 2877 101 47 No.
256 2881 87 44 14.
387 2878 117 47 The
539 2879 253 59 Tragedy
830 2882 55 46 in
920 2881 94 47 the
1052 2882 317 56 Birdhouse,
1408 2882 72 57 by
1517 2881 178 48 Guido
1729 2882 185 48 Bruno

1999 2951 73 44 .50

83 3097 103 48 No.
256 3099 87 46 15.
386 3099 237 57 Exotics,
660 3099 71 59 by
767 3099 143 48 John
944 3100 82 47 W.
1065 3100 215 59 Draper

340 3198 48 46 It
426 3196 85 61 lay
550 3213 31 31 a
619 3197 220 48 luscious
875 3198 190 59 yellow
1103 3198 139 47 band

343 3259 276 61 Creaming
656 3268 134 52 upon
823 3262 340 58 umbrageous
1196 3279 155 41 green

346 3324 108 48 The
485 3333 156 51 spray
671 3343 112 30 was
814 3325 133 48 satin
983 3335 47 38 to
1064 3328 85 47 the
1181 3326 167 56 hand;
1408 3362 19 6 ~

341 3387 123 49 And
500 3399 46 37 to
585 3390 83 47 the
708 3406 88 42 eye
833 3408 29 29 a
901 3399 150 49 topaz
1091 3389 186 59 bright,

340 3451 123 48 And
496 3452 244 59 dazzling
778 3470 56 30 as
871 3453 84 47 the
990 3453 236 59 noonday
1261 3452 145 50 sand.

1427 3517 199 48 Yelloiv
2002 3519 73 55 .15

83 3680 102 49 No.
255 3686 86 44 16.
387 3683 265 57 Imagists,
684 3683 73 60 by
786 3683 240 50 Richard
1055 3685 306 58 Aldington

344 3782 109 46 One
492 3780 56 60 of
585 3782 83 47 the
708 3781 224 60 original
969 3791 165 51 group
1176 3782 54 60 of
1268 3784 84 47 the
1389 3784 216 58 English
1643 3782 241 60 Imagists

274 3845 117 47 tells
440 3845 75 48 all
563 3846 154 47 about
763 3846 245 60 Imagism
1058 3846 104 49 and
1209 3846 63 49 its
1319 3846 146 49 aims.
1550 3846 123 49 This
1719 3856 165 52 paper
