2476 4034
1146 347 120 60 355

325 527 53 61 Il
426 523 217 63 arriva
690 520 196 61 chose
938 512 360 65 semblable
1361 530 81 42 au
1499 507 407 63 visionnaire
1962 503 260 62 célèbre

246 616 471 75 Swedenborg.
736 615 71 58 Je
842 629 78 42 ne
951 625 167 43 veux
1153 624 117 62 pas
1303 603 268 61 insister
1607 620 111 42 sur
1766 619 71 42 ce
1873 597 120 62 fait
2035 616 153 42 cons-

245 715 143 59 tant
444 706 158 82 qu'il
655 703 185 61 lisait
889 717 252 44 comme
1200 714 110 42 sur
1370 714 126 42 une
1548 691 334 64 brochure
1949 695 271 56 ouverte

241 804 165 61 dans
428 802 61 58 le
519 798 221 76 visage
781 794 77 60 de
906 809 164 43 ceux
1117 788 112 81 qui
1272 788 309 59 venaient
1621 790 38 56 à
1700 783 117 62 lui.
1865 784 148 60 Ceci
2060 781 162 61 n'est

241 894 201 82 qu'un
469 887 511 63 chuchotement
1014 879 276 80 d'esprit
1322 875 423 64 élémentaire
1775 878 60 58 et
1866 893 131 42 non
2034 873 194 80 point

243 982 366 65 révélation
670 976 418 80 supérieure;
1134 971 166 60 mais
1361 990 88 40 un
1503 969 154 79 jour
1718 984 124 61 que
1897 968 326 58 revenant

245 1075 470 80 d'Angleterre,
754 1070 48 57 il
835 1068 341 77 débarqua
1204 1071 38 54 à
1263 1061 496 76 Gothenbourg,
1779 1058 46 59 il
1855 1058 217 61 obtint
2095 1075 127 43 une

242 1171 233 61 faveur
508 1166 111 60 des
650 1161 279 81 Sylphes
965 1158 109 79 qui
1112 1164 156 73 peut
1299 1153 368 65 seulement
1701 1170 66 42 se
1798 1167 347 61 comparer
2187 1153 39 58 à

245 1260 166 64 celle
468 1258 88 59 du
609 1259 234 57 savant
906 1250 106 79 qui
1079 1249 227 61 écrivit
1370 1251 38 56 à
1469 1245 364 58 Descartes.
1898 1241 191 60 Etant
2141 1258 80 43 en

247 1355 238 66 soirée,
544 1348 50 59 il
646 1365 65 42 se
768 1344 197 61 sentit
1014 1341 134 60 mal
1183 1345 61 57 et
1286 1339 197 61 sortit
1531 1335 315 80 quelques
1902 1332 312 61 minutes.

254 1443 223 74 Quelle
506 1458 80 42 ne
622 1438 100 58 fut
754 1454 117 61 pas
897 1434 68 60 la
998 1433 446 80 stupéfaction
1479 1428 111 61 des
1638 1443 362 63 personnes
2047 1424 140 61 invi-

245 1541 137 57 tées
436 1536 61 58 et
551 1531 87 59 du
689 1529 231 57 maître
976 1524 76 60 de
1101 1527 217 68 céans,
1364 1522 290 76 lorsque,
1701 1517 148 80 plus
1897 1515 150 80 pâle
2093 1533 125 61 que

246 1632 254 62 nature,
552 1618 451 76 Swedenborg
1060 1614 226 60 s'écria
1339 1633 13 39 :
1412 1633 33 36 «
1492 1613 86 57 Le
1620 1609 108 60 feu
1773 1627 38 41 a
1851 1607 139 79 pris
2037 1626 78 40 en
2150 1623 72 45 ce

246 1720 292 61 moment
563 1719 39 54 à
628 1710 338 63 Stockolm
1000 1707 163 60 dans
1193 1706 60 61 le
1289 1702 292 81 quartier
1614 1701 79 59 de
1726 1698 420 62 Sudermaln.
2185 1720 35 35 »

247 1813 172 59 Tous
452 1824 165 43 ceux
652 1801 112 79 qui
796 1800 259 60 avaient
1088 1815 81 41 au
1198 1814 160 61 pays
1384 1793 272 60 menacé
1690 1790 113 61 des
1847 1790 378 81 propriétés

246 1922 69 43 se
349 1895 527 81 désespérèrent;
923 1890 171 61 mais
1136 1907 125 41 une
1306 1887 205 60 heure
1558 1886 195 78 après
1798 1881 60 61 le
1897 1882 326 79 prophète

247 1995 94 61 les
369 1992 214 62 calma
616 2006 80 41 en
727 1985 143 60 leur
904 1981 376 75 annonçant
1331 1995 123 61 que
1496 1974 354 62 l'incendie
1896 1973 158 61 était
2095 1979 96 55 ter-

249 2086 179 61 miné
467 2084 61 59 et
562 2097 122 62 que
727 2094 99 42 ses
858 2091 276 61 ravages
1169 2070 294 61 s'étaient
1496 2068 250 61 arrêtés
1778 2072 38 53 à
1845 2064 166 61 trois
2040 2063 133 62 mai-

246 2195 156 44 sons
453 2173 196 61 avant
701 2171 66 59 la
814 2167 247 61 sienne.
1117 2164 122 60 Car
1291 2166 186 57 outre
1526 2176 125 62 que
1693 2158 93 60 les
1836 2157 170 59 Elfes
2057 2174 163 44 vous

250 2266 411 70 avertissent,
694 2261 85 60 ils
811 2275 164 43 vous
1007 2254 349 81 protègent
1389 2267 262 45 encore.
1687 2251 84 57 Le
1809 2247 400 72 lendemain,

249 2360 60 61 le
367 2371 409 64 gouverneur
835 2350 242 59 étonné
1139 2343 239 79 appela
1430 2340 452 76 Swedenborg
1949 2337 112 79 qui
2124 2337 96 60 lui

251 2448 273 63 décrivit
581 2445 134 60 fort
782 2437 422 78 simplement
1277 2434 94 59 les
1446 2430 304 61 marches
1831 2434 61 55 et
1967 2431 218 57 contre-

252 2538 304 62 marches
581 2535 87 59 du
690 2534 133 62 feu,
843 2525 425 64 l'affolement
1295 2524 110 59 des
1431 2520 336 61 habitants
1794 2522 60 58 et
1877 2520 92 60 les
1995 2517 180 61 moin-

254 2632 147 58 dres
429 2624 235 64 détails
699 2622 87 58 du
820 2620 283 59 sinistre.
1136 2614 183 61 Trois
1352 2613 187 78 jours
1574 2615 214 74 après,
1823 2610 59 61 le
1927 2610 295 62 courrier

264 2722 77 60 de
374 2716 334 64 Stockolm
753 2710 218 61 venait
1023 2708 351 61 confirmer
1417 2704 77 60 de
1534 2704 190 79 point
1773 2722 78 42 en
1894 2703 193 79 point
2127 2702 95 62 les

259 2808 349 62 intuitions
659 2804 77 60 de
793 2801 440 77 Swedenberg
1285 2799 60 57 et
1394 2796 93 60 les
1522 2794 358 62 assertions
1929 2794 110 60 des
2084 2793 106 80 Syl-

254 2902 182 79 phes.
489 2897 80 80 (1)

316 3419 46 48 1.
392 3415 367 61 Swedenberg
789 3410 299 65 prétendait
1129 3409 109 49 être
1288 3409 146 49 aussi
1477 3421 62 36 en
1586 3407 445 49 communication
2090 3423 125 38 avec

256 3495 78 47 les
368 3504 160 46 anges
561 3490 85 61 qui
678 3491 121 45 sont
833 3486 77 47 les
942 3485 142 48 Eons
1117 3482 261 61 éehappés
1412 3482 65 47 du
1510 3481 250 48 Plérôme
1796 3495 69 34 ou
1895 3481 78 48 les
2005 3481 211 51 Elohim

258 3567 63 49 de
358 3565 47 47 la
437 3561 246 50 Kabbale.
726 3559 271 50 Peut-être
1029 3556 151 57 bien;
1211 3556 134 48 mais
1379 3555 76 48 les
1488 3569 182 47 anges,
1719 3567 120 50 eux,
1899 3569 66 34 ne
2003 3555 109 51 font
2140 3556 79 50 les

255 3635 374 56 commissions
660 3633 64 49 de
749 3644 281 50 personne,
1063 3628 115 51 sauf
1218 3630 62 48 de
1316 3628 133 49 Dieu
1488 3627 137 50 seul.
