2476 4034
1295 401 123 61 370

360 575 308 62 tableaux
710 570 76 60 de
825 566 101 60 vie
972 561 467 62 mahométane
1486 552 226 64 réunis
1757 567 155 43 sous
1959 566 69 42 ce
2074 546 151 61 titre
2274 543 78 62 de

364 665 269 80 Bagdad
662 660 362 76 procurent
1058 654 111 61 des
1204 649 384 63 évocations
1622 663 178 41 assez
1828 643 316 78 précises.

444 759 50 58 Il
539 753 307 63 convient
888 745 211 62 même
1145 743 77 59 de
1256 743 191 59 louer
1486 740 18 58 1
1533 743 231 55 auteur
1800 751 168 61 pour
2006 731 17 59 1
2055 732 295 58 lieuieux

361 856 330 55 contraste
728 840 160 82 qu'il
920 843 105 56 sut
1054 833 240 66 établir
1327 853 39 41 a
1399 833 64 59 la
1500 831 85 59 fin
1623 829 88 60 du
1745 847 26 39 \
1794 825 218 59 olume
2060 825 182 57 entie
2286 820 68 61 la

360 942 443 77 majestueuse
849 927 368 85 ignominie
1272 923 323 63 orientale
1651 924 61 60 et
1766 919 63 61 la
1866 922 164 56 sotte
2058 913 294 62 bravade

362 1035 112 61 des
525 1028 310 64 matelots
880 1036 423 69 provençaux
1359 1018 305 60 montant
1726 1013 60 61 le
1843 1009 230 61 navire
2131 1005 113 82 qui
2290 1005 61 61 le

361 1140 295 46 ramena.

442 1219 89 57 La
587 1209 321 82 stupidité
967 1205 256 61 diverse
1278 1200 112 61 des
1435 1200 168 61 deux
1637 1216 186 42 races
1860 1197 95 60 est
1987 1211 128 42 une
2153 1190 199 62 chose

362 1309 374 79 frappante.
770 1305 115 57 Les
919 1301 429 69 Provençaux
1372 1290 314 79 indiqués
1710 1290 63 60 là
1806 1306 80 42 ne
1917 1306 64 42 se
2015 1285 340 60 montrent

360 1418 117 64 pas
512 1397 217 61 moins
760 1393 317 61 barbares
1114 1403 123 62 que
1274 1384 93 61 les
1402 1383 271 61 Gaulois
1710 1381 340 59 caressant
2084 1390 157 45 avec
2272 1371 80 62 de

362 1511 151 62 gros
559 1489 165 60 rires
778 1487 92 59 les
931 1480 243 64 barbes
1236 1477 109 61 des
1411 1478 352 58 sénateurs
1809 1472 165 60 assis
2021 1487 113 42 sur
2168 1466 183 61 leurs

361 1586 213 77 sièges
593 1579 257 63 curules
887 1578 162 61 dans
1081 1576 66 61 la
1174 1578 203 59 Rome
1413 1567 320 81 conquise
1763 1583 122 61 par
1909 1564 61 60 le
2007 1562 234 59 brenn.
2272 1560 79 59 Et

357 1677 67 60 la
474 1671 348 63 multitude
879 1668 323 80 asiatique
1259 1662 291 65 asservie
1599 1657 252 72 attend,
1893 1656 163 61 dans
2100 1652 216 61 l'hébé-

367 1767 150 63 tude
581 1766 151 60 d'un
776 1761 362 81 priapisme
1183 1759 354 67 incessant,
1574 1753 60 61 le
1669 1752 183 61 fouet
1886 1748 158 60 d'un
2077 1747 272 59 Xerxès.

1134 2070 204 44 ESSAIS
1382 2047 184 63 D'ART

442 2216 334 63 Certaines
811 2211 191 62 Notes
1051 2191 229 79 d'Être
1327 2213 86 54 où
1447 2204 79 60 M.
1566 2199 269 64 Charles
1879 2199 186 79 Sluyt
2107 2194 192 64 consi-

361 2330 128 62 gna
518 2311 110 60 des
657 2305 389 61 frôlements
1072 2300 404 81 psychiques
1509 2297 133 58 fort
1672 2292 280 72 étudiés,
1992 2288 312 62 émerveil-

358 2406 219 60 leront
597 2400 95 60 les
724 2414 211 44 cœurs
971 2394 167 61 amis
1174 2391 87 61 du
1296 2388 224 72 subtil,
1559 2390 61 58 et
1647 2404 172 62 pour
1853 2385 112 75 qui
1987 2382 94 61 les
2101 2383 241 59 heures

360 2493 315 66 émotives
728 2507 65 43 se
827 2485 330 79 majorent
1186 2500 121 62 par
1341 2480 78 61 de
1447 2480 63 60 là
1534 2479 97 59 les
1664 2477 244 59 limites
1940 2475 269 61 obtuses
2248 2472 89 61 du

358 2594 239 71 temps.
640 2583 164 61 C'est
859 2595 237 45 encore
1138 2575 68 61 la
1259 2573 207 61 Revue
1513 2568 281 63 Blanche
1846 2568 111 80 qui
2013 2568 222 59 donna
2276 2564 69 62 la

360 2679 294 80 primeur
708 2674 76 60 de
831 2689 71 44 ce
962 2668 237 62 délicat
1242 2682 324 62 ouvrage,
1603 2663 163 59 dont
1810 2659 174 62 voici
2028 2656 319 83 quelques

358 2772 279 79 phrases
670 2762 419 63 initiatrices.

440 2881 35 42 «
510 2862 176 59 Nous
725 2875 79 42 ne
840 2856 428 61 connaîtrons
1289 2849 266 82 jamais,
1595 2847 333 71 madame,
1960 2862 121 43 vos
2114 2846 197 78 préoc-

362 2954 351 80 cupations
776 2943 516 67 sentimentales.
1359 2943 92 59 La
1523 2937 366 83 prétendue
1955 2936 392 80 expérience

360 3065 170 44 nous
563 3044 213 59 donne
809 3037 253 82 parfois
1089 3037 111 60 des
1235 3035 330 61 moments
1602 3031 77 61 de
1717 3031 210 71 fierté,
1957 3029 243 62 devant
2234 3029 113 62 des

360 3135 247 84 permis
640 3134 77 60 de
751 3129 385 81 possession
1166 3128 282 61 obtenus
1482 3126 59 59 et
1576 3123 451 69 lourdement,
2067 3140 166 42 nous
2267 3139 83 46 ne

361 3248 165 43 nous
557 3224 312 64 soucions
906 3238 113 61 pas
1057 3219 79 61 de
1166 3223 189 56 notre
1400 3233 288 62 manque
1726 3214 76 61 de
1842 3213 298 80 tactique
2176 3217 62 59 et
2270 3213 81 63 de

361 3319 475 65 connaissance
872 3313 87 60 du
992 3330 179 43 cœur
1202 3308 306 63 féminin.

440 3411 246 63 Autant
724 3404 435 80 l'expérience
1216 3399 265 65 est-elle
1526 3396 340 64 mauvaise
1928 3397 415 76 conseillère,

358 3505 300 70 souvent,
711 3518 120 63 pas
882 3497 217 61 moins
1139 3496 68 61 la
1237 3498 259 59 naivete
1550 3496 94 57 est
1698 3509 196 43 cause
1943 3490 40 61 d
2013 3510 88 41 un
2147 3491 199 62 ennui

358 3594 384 72 semblable,
798 3594 61 61 et
913 3591 79 61 de
1044 3590 214 62 même
1308 3608 80 43 en
1437 3605 104 43 ses
1599 3587 527 78 conséquences;
2178 3587 63 60 et
2290 3584 55 62 si

360 3691 251 84 parfois
670 3704 167 45 nous
891 3702 81 44 ne
1024 3700 168 45 nous
1242 3698 412 66 apercevons
1688 3695 118 64 pas
1870 3694 124 65 que
2046 3695 168 45 nous
2270 3694 81 44 ne
