2476 4034
420 1155 129 122 LA
638 1158 178 122 LOI
910 1160 457 127 CONTRE
1456 1163 531 133 L'HOMME

284 1649 91 59 La
427 1646 93 62 loi
563 1650 292 66 enferme
902 1656 39 59 à
988 1653 246 81 jamais
1281 1655 351 75 l'Univers,
1677 1661 122 61 elle
1836 1661 266 84 l'oblige
2145 1670 37 59 à

197 1758 127 43 une
359 1739 210 62 forme
602 1741 339 65 définitive
982 1745 161 80 qu'il
1168 1753 289 75 accepte,
1498 1750 335 66 d'ailleurs
1890 1773 153 45 sans
2069 1760 76 60 ré-

199 1832 196 75 volte,
428 1852 199 61 parce
662 1837 160 80 qu'il
855 1839 231 79 ignore
1136 1838 132 63 l'au
1303 1840 167 75 delà,
1507 1843 235 65 l'ordre
1783 1847 201 62 irréel
2016 1852 166 61 mais

197 1924 376 64 réalisable.
632 1929 175 61 Pour
849 1929 268 74 choisir,
1162 1932 50 60 il
1254 1933 146 62 faut
1432 1936 444 64 évidemment
1926 1943 222 60 savoir
2166 1965 14 49 ;

196 2017 187 62 l'acte
416 2017 330 64 universel
787 2040 81 43 ne
901 2022 240 62 choisit
1171 2041 143 62 pas,
1342 2044 199 62 parce
1579 2028 160 80 qu'il
1766 2049 81 42 ne
1884 2032 126 62 sait
2036 2053 140 61 pas.

193 2110 92 61 La
313 2110 388 62 conscience
734 2130 82 44 ne
849 2114 358 80 dépassant
1234 2134 118 61 pas
1383 2117 69 61 la
1471 2120 229 61 réalité
1736 2121 233 79 qu'elle
1994 2141 150 46 cons-

193 2205 154 69 tate,
400 2220 68 43 se
512 2206 286 76 résigne,
845 2224 124 60 par
1014 2206 60 61 le
1110 2206 145 76 fait,
1301 2213 41 55 à
1378 2209 66 61 la
1486 2211 230 61 réalité
1768 2215 302 71 actuelle,
2112 2216 65 61 la

196 2293 179 61 seule
403 2295 450 78 appréciable.
873 2296 496 80 L'lntelligence
1401 2301 394 63 universelle
1820 2323 80 43 ne
1927 2308 249 60 saurait

195 2384 353 61 concevoir
597 2403 129 42 une
769 2385 212 61 forme
1032 2389 326 73 nouvelle,
1410 2390 93 72 ni,
1555 2392 193 78 donc,
1803 2394 63 60 la
1898 2397 275 62 Volonté

202 2474 394 60 universelle
633 2474 93 79 s'y
756 2475 290 61 décider.

277 2564 186 61 Ainsi
508 2564 60 60 le
618 2566 233 59 Monde
911 2571 94 56 est
1056 2569 246 78 apaisé,
1355 2571 67 59 la
1469 2575 246 60 Nature
1762 2595 66 42 se
1856 2582 316 76 perpétue

197 2655 186 61 selon
436 2655 95 59 les
593 2655 402 64 indications
1053 2666 254 56 exactes
1359 2662 88 61 du
1495 2669 189 74 passé
1726 2684 13 42 :
1795 2669 66 59 la
1912 2671 260 65 science

199 2746 323 77 complète
581 2752 157 71 peut
799 2750 269 75 prévoir
1122 2752 272 61 l'avenir
1452 2761 60 55 et
1579 2764 307 57 raconter
1945 2766 196 60 certai-

199 2841 265 57 nement
491 2836 321 62 l'histoire
836 2840 112 60 des
980 2841 148 80 plus
1154 2843 312 63 lointains
1503 2846 439 70 lendemains.

279 2929 346 61 L'Univers
652 2929 248 62 n'obéit
934 2931 150 80 qu'à
1122 2934 362 69 lui-même.
1519 2940 54 60 Il
1615 2945 95 58 est
1742 2962 71 43 ce
1857 2947 158 78 qu'il
2051 2953 116 71 est,

199 3020 219 60 réduit
445 3027 38 54 à
513 3020 290 64 l'éternel
836 3024 291 62 Présent.
1165 3029 262 60 Autour
1458 3030 78 63 de
1570 3032 93 61 lui
1697 3052 380 52 commence
2112 3042 61 62 le

193 3112 226 73 Néant,
464 3112 429 65 inaccessible
941 3122 39 55 à
1018 3116 186 62 l'acte
1248 3136 252 47 comme
1533 3128 38 56 à
1621 3126 65 61 la
1728 3130 282 63 science.
2049 3133 122 63 Pas

200 3201 477 80 d'alternative,
713 3224 117 60 pas
860 3206 76 61 de
974 3207 338 63 liberté!...

275 3356 106 73 Or,
402 3357 311 63 l'homme
759 3362 325 80 participe
1131 3367 324 76 peut-être
1524 3368 78 63 de
1648 3371 63 61 la
1766 3376 117 61 Vie
1927 3380 200 62 cosmi-

200 3464 146 62 que.
407 3451 338 62 Peut-être
784 3452 94 62 les
910 3455 214 62 forces
1160 3456 157 80 qu'il
1350 3461 370 75 manifeste,
1871 3488 100 44 ses
1994 3478 174 58 actes

1877 3596 63 49 22
