2476 4034
1288 420 0 0 357

322 523 80 60 M.
451 518 194 62 Louis
700 515 289 73 Ménard,
1044 517 110 80 qui
1200 517 293 62 défendit
1540 515 96 62 les
1697 510 273 64 anciens
2022 509 198 62 dieux

245 613 367 70 d'Homère,
651 628 65 43 se
753 608 338 62 doute-t-il
1121 609 159 79 qu'il
1309 609 149 62 s'est
1488 607 122 62 fait
1645 605 78 63 de
1758 604 66 62 la
1852 608 176 57 sorte
2060 602 159 62 bien

242 704 146 63 voir
422 704 111 63 des
569 701 300 80 Sylphes,
908 699 112 61 des
1054 699 400 80 Ondins,des
1490 701 282 61 Gnomes
1805 698 60 60 et
1893 696 112 61 des
2038 693 145 64 Sala-

244 795 346 63 mandres?
622 793 51 59 Il
705 812 38 41 a
775 792 340 62 démontré
1150 811 124 62 que
1304 793 253 82 chaque
1592 791 275 62 divinité
1904 788 88 61 du
2018 806 173 62 paga

246 887 212 61 nisme
507 886 377 79 représente
931 903 126 43 une
1115 886 352 79 puissance
1514 885 111 61 des
1672 882 340 63 éléments.
2060 877 161 66 Mais

245 979 278 61 n'est-ce
585 975 187 80 point
833 975 297 62 dévoiler
1177 976 501 80 qu'Olympiens
1712 978 62 59 et
1813 974 111 61 Elé
1939 972 280 63 mentais

244 1069 156 62 c'est
455 1068 210 59 même
710 1068 331 78 catégorie
1077 1068 261 62 d'êtres.
1378 1068 256 80 Jupiter
1692 1070 95 59 est
1820 1085 87 41 un
1943 1065 270 80 Sylphe,

244 1159 279 81 Apollon
555 1178 87 42 un
676 1159 157 74 Elfe,
866 1159 281 65 Yulcain
1191 1179 89 42 un
1316 1163 270 69 Gnome,
1629 1159 203 65 Diane
1864 1177 127 42 une
2023 1157 155 61 Sala-

244 1252 296 61 mandre.
560 1252 63 61 Si
650 1249 269 64 celle-ci
949 1251 172 62 aima
1137 1252 398 80 Endymion,
1552 1252 66 61 la
1634 1252 226 61 raison
1878 1270 79 42 en
1973 1253 96 57 est
2086 1267 125 61 que

248 1362 72 44 ce
350 1345 196 78 jeune
579 1347 498 76 pasteur,ayant
1110 1348 100 59 été
1241 1343 184 63 initié
1453 1351 35 55 à
1514 1342 66 62 la
1611 1342 284 81 parfaite
1930 1342 285 71 science,

250 1433 97 63 lui
378 1433 442 80 apparaissait
853 1454 88 39 un
975 1435 192 78 digne
1197 1436 361 79 impétrant
1587 1433 78 61 de
1702 1453 71 43 sa
1812 1433 310 80 virginité
2156 1433 63 60 et

250 1526 235 80 qu'elle
521 1526 208 61 savait
761 1526 155 61 bien
950 1526 157 79 qu'il
1157 1526 65 61 la
1264 1527 294 61 rendrait
1627 1526 227 61 mieux
1902 1544 126 61 que
2069 1527 146 59 tout

251 1623 188 54 autre
479 1615 417 62 immortelle.
956 1619 90 57 En
1098 1616 149 63 effet
1281 1618 217 80 quelle
1547 1619 95 58 est
1680 1615 66 62 la
1785 1615 279 80 légende
2107 1635 114 42 sur

253 1710 165 59 cette
467 1708 408 59 chasseresse
924 1708 112 79 qui
1093 1708 91 59 lui
1229 1728 38 41 a
1308 1713 100 57 été
1451 1708 61 61 le
1556 1708 148 80 plus
1749 1707 160 62 utile
1957 1707 162 62 dans
2155 1708 67 59 la

253 1799 317 61 mémoire
615 1799 110 59 des
785 1799 339 61 hommes?
1187 1800 169 63 Celle
1412 1799 80 61 de
1557 1803 168 58 cette
1789 1800 433 79 mystérieuse

249 1891 240 59 ivresse
526 1888 230 80 qu'elle
787 1891 245 61 versait
1063 1894 38 58 à
1126 1911 88 39 un
1242 1891 223 61 enfant
1498 1889 326 64 endormi.
1965 1892 259 77 Jupiter

246 2000 245 62 poussa
523 1983 326 77 peut-être
884 2001 87 41 un
1006 2000 124 61 peu
1162 1987 149 74 trop
1344 1982 137 62 loin
1512 1981 60 62 le
1604 1983 178 61 désir
1836 1983 79 61 de
1958 1982 182 62 vivre
2187 1987 38 56 à

241 2071 263 79 jamais.
568 2072 49 60 Il
676 2072 360 62 rechercha
1095 2075 153 76 plus
1308 2072 77 61 de
1444 2074 334 62 mortelles
1843 2074 160 80 qu'il
2074 2072 150 64 n'en

248 2164 212 61 fallait
491 2183 167 61 pour
687 2164 166 62 faire
893 2165 180 62 mille
1103 2165 373 62 immortels
1497 2188 13 49 ;
1543 2168 165 59 mais
1742 2166 49 60 il
1830 2165 102 61 fut
1962 2169 220 58 récom-

248 2256 198 79 pensé
477 2256 77 60 de
583 2274 71 42 ce
677 2255 133 62 zèle
862 2274 117 61 par
1022 2275 126 42 une
1190 2256 316 80 postérité
1545 2256 112 61 des
1694 2258 147 78 plus
1893 2256 326 74 louables,

251 2363 112 43 car
392 2345 49 60 il
472 2347 278 61 suffisait
786 2347 79 61 de
900 2347 141 61 dire
1077 2348 77 60 de
1191 2347 381 78 quelqu'un,
1609 2366 121 61 par
1770 2347 456 78 euphémisme

249 2435 160 79 qu'il
463 2438 238 60 sortait
747 2437 77 59 de
876 2437 64 59 la
993 2437 211 61 cuisse
1253 2437 78 59 de
1382 2438 276 77 Jupiter,
1699 2456 166 59 pour
1916 2437 160 78 qu'il
2125 2437 102 61 fut

251 2526 231 78 l'objet
513 2527 77 60 de
627 2527 342 77 politesses
998 2526 320 78 spéciales
1352 2527 77 60 de
1453 2527 66 60 la
1548 2533 151 73 part
1713 2528 76 60 de
1811 2546 161 58 gens
2005 2527 219 62 moins

251 2617 155 61 bien
441 2617 226 60 situés.

338 2707 90 57 En
467 2706 150 60 effet
649 2706 47 58 il
720 2706 164 60 n'est
912 2710 197 73 guère
1143 2707 77 61 de
1255 2707 207 78 grand
1493 2707 263 62 homme
1797 2709 112 80 qui
1944 2729 79 40 ne
2065 2728 122 62 pro-

255 2795 234 61 vienne
546 2796 77 60 de
681 2797 276 78 quelque
1016 2797 324 61 infidélité
1398 2799 381 62 maternelle
1853 2819 80 42 en
1994 2801 228 61 faveur

258 2885 156 61 d'un
484 2888 222 77 prince
787 2888 111 59 des
957 2886 338 64 éléments.
1350 2890 75 60 Je
1493 2908 80 43 ne
1653 2890 124 62 cite
1857 2910 125 61 que
2053 2912 168 61 pour

256 2982 337 71 mémoire,
636 2979 59 61 le
744 2979 179 58 divin
971 2979 256 71 Platon,
1279 2980 58 61 le
1396 2980 147 80 plus
1598 2982 184 61 divin
1831 2984 390 79 Apollonius

259 3070 348 72 Thianeus,
644 3069 297 74 Hercule,
974 3069 273 74 Achille,
1291 3072 360 78 Sarpedon,
1690 3073 57 62 le
1794 3074 202 80 pieux
2023 3077 196 73 Enée,

256 3161 60 62 le
339 3163 260 61 fameux
630 3161 447 73 Melchisédec,
1109 3162 450 63 l'enchanteur
1584 3166 252 72 Merlin,
1867 3168 195 64 Louis
2084 3171 141 61 XIY

256 3256 61 57 et
345 3252 57 61 le
433 3252 204 79 grand
673 3251 363 80 Napoléon.

339 3344 83 62 Ce
456 3344 261 62 dernier
752 3361 251 63 prouva
1035 3345 664 65 incontestablement
1725 3350 199 78 qu'un
1958 3352 267 63 homme

258 3481 143 48 vieux
429 3482 93 47 des
555 3481 148 48 dieux
729 3495 154 47 grecs
918 3482 137 47 avait
1090 3482 80 47 été
1196 3483 142 61 privé
1384 3484 65 47 de
1476 3498 85 35 ses
1600 3486 291 58 génitoires
1933 3502 93 48 par
2061 3505 67 34 un
2159 3492 65 50 de

259 3567 84 34 ses
366 3553 222 48 enfants.
617 3552 282 50 Consultez
932 3553 272 49 là-dessus
1233 3555 102 50 «le
1368 3559 176 47 comte
1596 3559 65 49 de
1725 3558 221 52 Gabolis
1970 3581 26 24 »
2050 3566 50 47 et
2149 3563 75 51 les

263 3624 181 50 lettres
468 3623 64 49 de
562 3623 229 61 Jacques
824 3624 170 50 Borri.
