2552 4216
1245 3896 74 40 176

253 359 103 56 stiick
394 359 285 57 abgestimtnt«
719 360 115 55 heiszt
876 361 75 46 der
992 361 220 55 sachanss

251 427 140 47 drnrk.
489 426 317 57 ,,Singeebnet«
878 429 118 46 wäre
1069 429 144 57 besser.

254 573 100 48 Den
380 574 106 56 Rest
512 573 169 57 besorgt
709 574 116 56 Herr
854 573 150 48 Stern.
1061 573 154 56 Dieses

255 641 183 58 Ungliikk
478 643 113 48 kann
632 642 110 55 nicht
782 643 155 46 einmal
976 643 79 46 den
1097 643 120 54 ,,Stil

246 709 74 47 der
344 708 142 55 Zeit«.
511 708 668 57 Miener-Merkstätten-Deko-

250 776 157 56 ration,
442 777 149 49 weiter
625 777 120 55 langt
779 790 48 34 es
862 777 109 54 nicht
1006 778 67 46 bei
1108 778 100 54 ihm.

248 843 78 55 Ich
350 843 109 56 habe
482 845 45 55 ja
551 843 134 54 nichts
709 856 132 45 gegen
865 844 342 48 Generationen.

253 911 122 50 Aber
431 924 68 34 um
552 912 44 55 so
647 912 117 54 mehr
820 924 131 44 gegen
1004 912 209 46 Mienen—-

257 979 312 56 Merkstättem
646 979 160 55 Airhts
856 980 49 55 ist
953 980 262 56 verlogener,

251 1045 338 55 unmenschlirher
620 1048 84 46 nnd
738 1047 310 55 unlebendiger,
1080 1045 136 54 nichts

250 1115 114 46 toter
391 1114 83 47 nnd
500 1114 274 56 erkiinslelter
801 1115 69 46 als
899 1116 92 45 dies
1019 1114 194 56 unselige,

250 1181 259 57 hochmiitige
612 1182 394 56 ,,Kunstgewerbe«,
1107 1182 106 58 diese

250 1249 136 55 Sucht
439 1250 145 55 besser,
636 1252 267 53 vornehmer,
959 1250 253 57 ,,slilvoller«

250 1328 46 42 zn
340 1317 178 55 wohnen
560 1318 83 46 und
686 1330 46 43 zu
775 1318 182 56 scheinen
1001 1319 70 46 als
1114 1330 98 35 man

248 1385 48 56 ist
342 1385 101 56 tnnd
488 1386 96 55 iskt).
654 1385 176 56 ddestes
875 1386 337 56 Kunstgewerbe,

250 1451 313 57 langslieligster
610 1452 104 61 Stil,
757 1455 82 44 das
885 1455 49 54 ist
979 1454 81 46 das
1106 1454 81 54 Zei-

250 1518 95 55 chen
385 1520 134 56 dieses
559 1521 195 47 Abends.
823 1521 121 46 Man
983 1521 116 54 sehnt
1139 1520 73 55 sich

250 1587 223 56 schlieszlich
497 1589 244 56 grenzenlos
768 1589 101 54 nach
896 1590 79 45 den
1002 1589 213 55 einfachen

250 1654 156 48 bunten
461 1655 172 55 Lappen
689 1658 84 44 und
827 1656 216 48 Brettern
1099 1656 115 47 eines

255 1723 196 56 kleinsten
505 1723 223 47 Vereins-
784 1727 82 44 nnd
919 1725 296 55 Provinzthos

246 1792 136 46 aters.
440 1791 149 55 Dahin
618 1791 154 56 gehört
799 1791 218 48 Molidrel
1075 1793 133 45 Unter

248 1858 248 56 Menschen!
570 1858 134 55 Aicht
753 1861 124 45 unter
925 1859 152 47 Snobs
1124 1860 84 46 und

254 1924 451 57 Theaterdirektorem
750 1927 68 47 die
859 1927 229 55 gebildeter
1132 1927 85 54 sind

258 1993 70 47 als
378 1993 95 55 ihre
522 1993 177 55 Dichter
745 1995 83 45 und
879 2007 86 33 von
1014 1995 202 46 Molidre

256 2059 195 57 glauben,
487 2062 84 54 das;
605 2075 47 33 er
685 2064 67 44 tot
784 2062 61 54 ist,
876 2061 97 47 weil
1006 2075 47 33 es
1086 2062 44 56 so
1161 2059 58 49 in!

257 2128 187 48 Lexikon
472 2130 117 54 steht.
726 2128 2 56 «

259 2209 93 46 Und
397 2222 49 33 es
491 2209 119 54 hätte
655 2211 44 54 so
745 2210 116 55 schön
906 2210 83 55 sein
1036 2210 183 47 können!

258 2276 89 54 Ziir
384 2277 67 46 die
493 2277 310 55 Sinnes-Art,
845 2278 68 46 die
952 2278 244 56 ehrfurchts-

258 2342 311 58 los-komische,
605 2345 118 48 wäre
760 2344 266 58 Pallenberg
1062 2346 44 55 ja
1141 2344 79 46 wie

258 2412 246 56 geschaffen.
578 2413 135 55 Hätte
759 2426 46 33 er
849 2426 80 34 nur
975 2414 111 55 frech
1135 2416 84 45 und

258 2480 100 55 froh
406 2480 90 47 eine
545 2482 131 54 seiner
726 2481 143 47 lauten
918 2482 130 46 tollen
1094 2482 93 54 Ope-

257 2548 306 56 rettensignren
659 2549 187 55 gemimtl
968 2550 251 54 Reinhardt

251 2616 104 49 aber
440 2617 89 54 setzt
613 2616 87 54 ihm
787 2617 120 46 einen
993 2617 217 56 Dämpfer

252 2684 92 53 auf:
393 2682 343 57 ,,Pschtschtschtl
785 2684 301 55 Meisterwerk
1135 2685 77 47 der

261 2747 370 49 Weltliteraturl«
661 2752 93 45 Und
784 2752 75 45 der
888 2764 117 34 arme
1031 2748 189 55 Pullen-«—-

260 2817 103 56 berg
391 2821 115 52 wagt
538 2831 80 33 vor
648 2819 140 46 lauter
819 2819 136 56 Angst
986 2820 82 45 nnd
1099 2819 90 54 Ehr-

259 2884 135 54 furcht
438 2886 126 46 kaum
607 2886 79 46 den
730 2887 148 45 Mund
922 2887 102 53 noch
1067 2887 127 54 aufzu-

260 2952 179 55 machen,
516 2955 117 45 redet
705 2954 201 55 vielmehr
984 2955 43 45 in
1102 2954 115 46 einer

253 3018 169 56 schönen
462 3020 268 57 Übersetzung
768 3022 147 60 daher,
953 3023 42 54 so
1031 3022 181 55 gebildet

260 3086 79 47 wie
376 3100 79 34 nnr
492 3089 172 56 möglich
700 3089 115 56 (blos’z
853 3090 79 46 den
969 3089 251 56 geheiligten

257 3154 109 46 Text
436 3154 108 56 nicht
613 3157 211 55 ändernl).
923 3157 175 55 Anstatt
1167 3170 46 43 zu

263 3221 230 56 guatschem
519 3235 93 35 was
638 3224 85 54 ihm
747 3225 107 54 grad
880 3226 69 46 ins
976 3225 138 46 Maul
1137 3225 83 45 und

256 3288 43 46 in
326 3289 66 46 die
420 3289 223 49 Situation
671 3292 262 55 hineinpaskt
987 3292 106 55 Hier
1120 3305 92 33 war

260 3357 154 53 endlich
452 3358 89 47 eine
578 3358 275 56 Gelegenheit
890 3359 75 55 sich
1002 3360 131 54 gehen
1172 3372 45 42 zu

1345 362 142 56 lassen.
1560 363 64 46 Er
1669 363 103 48 aber
1816 363 76 56 hat
1934 364 149 56 Angst,
2126 364 84 56 dass
2257 377 48 35 es

1334 429 85 55 ihm
1459 431 186 55 passiert,
1671 432 103 65 »und«
1808 431 135 56 lsneist
1979 432 75 55 sich
2090 433 206 55 angstvoll

1344 498 107 47 alles
1479 511 61 43 zu.

1341 570 124 51 Aber
1499 572 56 46 all
1589 572 81 46 das
1702 572 49 55 ist
1783 572 108 53 nicht
1925 570 122 57 seine,
2082 572 106 46 alles
2221 571 82 46 das

1343 639 46 56 ist
1434 639 275 55 Reinhardts
1753 639 170 55 schuld.
1995 641 66 49 Er
2102 640 205 56 vermiest,

1344 706 423 56 verlcunstgewerbelt
1807 707 108 56 nicht
1954 708 100 55 blos;
2093 709 92 45 tote
2222 708 84 45 und

1346 775 160 55 heitere
1580 775 191 60 Dichter,
1845 775 103 55 auch»
2020 775 67 47 die
2160 776 122 46 leben-

1344 842 123 56 digen
1504 846 128 53 guten
1671 843 306 56 Schanspieley
2015 843 67 47 die
2119 844 42 46 in
2198 843 108 56 seine

1344 910 151 55 Hände
1541 912 143 54 fallen.
1757 912 85 46 Ein
1885 911 188 56 Dutzend
2115 911 191 55 Biihnen

1346 980 83 45 nnd
1474 978 134 57 einige
1654 978 194 56 Zirtcusse
1892 979 77 54 hat
2013 991 46 34 er
2102 980 78 55 auf
2222 979 84 56 sein

1343 1045 179 48 Rivean
1577 1046 224 55 nivelliert,
1855 1045 320 48 Generationen
2231 1046 76 46 mit

1344 1113 323 56 Knnstgewerbe
1716 1114 274 57 durchsencht,
2036 1126 127 44 ganze
2210 1115 64 46 Ge-

1334 1180 191 47 meinden
1561 1181 294 54 unbrauchbar
1890 1182 98 55 siirs
2022 1182 137 47 Leben
2195 1179 101 57 (und

1334 1247 212 57 schädlich)
1577 1248 200 56 gemacht.
1838 1249 96 47 soll
1963 1262 47 35 er
2043 1262 84 34 nun
2160 1262 108 43 unge-

1342 1316 124 55 straft
1492 1316 103 54 auch
1626 1316 100 55 noch
1756 1317 66 46 die
1848 1329 111 42 paar
1989 1316 125 57 iibrig
2141 1316 139 56 geblie-

1342 1382 131 48 benen
1506 1384 290 56 Schauspieter
1831 1385 255 55 verlcitschen
2119 1384 185 55 dürfen?

1334 1450 165 57 (Sogar
1542 1451 244 56 Wegeners
1828 1452 246 55 iiberlegeue
2116 1452 157 47 Intelli-

1335 1531 96 42 genz
1481 1519 77 54 hat
1605 1518 160 57 Mühe,
1808 1520 75 54 sich
1931 1532 46 43 zu
2026 1519 270 56 behaupten)

1344 1584 141 54 Schon
1512 1588 86 53 sind
1627 1587 67 46 die
1720 1587 292 55 harmlosesten
2040 1585 265 55 0peretten-

1345 1653 204 61 Komiker,
1586 1655 66 46 die
1690 1654 141 55 letzten
1869 1654 230 57 fröhlichen
2138 1654 140 55 Eigen-

1344 1721 115 47 trilcs
1492 1734 85 34 von
1615 1721 149 56 seinem
1802 1721 361 56 lcunstgewerblich
2202 1734 78 33 ver-

1344 1788 284 54 schnörlcelten
1668 1790 130 46 Atem
1838 1790 195 55 bedroht.
2098 1792 63 46 In
2200 1790 81 46 wel-

1344 1855 110 54 chem
1505 1857 203 56 Theater,
1760 1857 165 54 Zirlcus
1978 1859 83 45 nnd
2114 1857 192 47 Varietå

1346 1925 108 46 wird
1501 1938 97 34 man
1645 1935 70 37 am
1762 1926 121 48 Ende
1928 1925 122 57 sicher
2096 1927 85 55 sein
2225 1939 81 34 vor

1344 1991 150 56 seinem
1551 1993 425 56 Mahagonigetiifeh
2033 2007 80 33 vor
2171 1993 135 57 seinen

1342 2059 142 54 echten
1528 2061 224 56 Kostiimen
1797 2062 83 46 und
1924 2061 196 55 unekhten
2163 2061 108 47 Men-

1344 2127 128 57 schen,
1525 2141 80 35 vor
1660 2129 149 55 seinem
1858 2141 154 43 ganzen
2068 2128 240 56 elcelhaften

1345 2195 526 57 Knnst-Pharisiiertnm?

1345 2267 192 57 Solange
1573 2269 154 49 Kesrr
1759 2269 72 56 ihn
1865 2268 241 57 tcritisierte,
2139 2268 168 54 solange

1345 2338 119 53 hatte
1497 2350 47 33 er
1577 2337 100 54 noch
1711 2338 93 46 eine
1836 2338 164 55 gewisse
2031 2338 277 55 Bedeutung.

1346 2404 79 55 Er,
1483 2405 74 46 der
1615 2400 391 61 Ring-Künstler,
2043 2407 116 54 stand
2216 2405 91 46 dem

1344 2471 193 56 Künstler
1575 2472 140 57 Cwelch
1755 2473 168 56 eineml)
1960 2471 346 56 unfreiwillig»-

1345 2542 119 55 weise
1507 2541 187 47 Modell.
1760 2541 98 47 Seit
1901 2542 104 46 aber
2047 2541 113 49 Kerr
2204 2541 102 46 iiber

1345 2609 72 54 ihn
1449 2609 203 55 schweigt,
1686 2608 136 55 haben
1854 2610 107 54 seine
1994 2608 189 55 Biihnen
2216 2608 92 55 ihre

1346 2675 113 56 letzte
1499 2675 319 57 Berechtigung
1864 2677 211 47 verloren.
2148 2677 160 55 Nichts

1347 2744 168 56 diimpft
1545 2744 117 55 mehr
1694 2746 79 45 den
1804 2744 208 56 Schaden,
2042 2746 78 45 den
2149 2758 46 33 er
2226 2757 55 33 an-

1347 2810 162 53 richtet.

1348 2885 126 46 Kann
1539 2897 97 34 man
1703 2885 85 54 ihm
1849 2885 108 54 nicht
2022 2885 79 46 den
2167 2885 141 46 Laden

1346 2951 231 56 schliessen?
1640 2953 88 46 Als
1758 2956 122 53 guter
1913 2954 146 54 Kauf-
2090 2954 84 45 und
2209 2952 66 46 Re-

1351 3021 266 46 lclamemann
1668 3021 93 56 (anf
1813 3021 149 55 diesem
2013 3021 158 48 Gebiet
2224 3023 84 44 und

1347 3101 81 35 nur
1476 3089 76 55 auf
1600 3089 148 56 diesem
1796 3089 134 55 liegen
1978 3089 108 54 seine
2129 3090 179 55 Erfolge

1347 3157 84 45 nnd
1456 3157 109 56 seine
1593 3157 258 55 Leistungen)
1878 3158 108 46 wird
2014 3170 46 34 er
2087 3158 82 46 das
2196 3157 112 47 Eeld

1347 3223 100 56 (das
1490 3224 61 55 ich
1596 3225 84 54 ihm
1723 3225 153 55 giinne)
1922 3226 45 54 ja
2013 3226 76 46 mit
2136 3225 172 47 Enmmi

1347 3293 42 54 so
1421 3295 75 52 gut
1526 3292 78 47 wie
1635 3294 76 45 mit
1742 3293 129 55 Kunst
1901 3292 238 47 verdienen.

2026 3361 57 55 H.
2120 3361 107 55 Siem
2227 3361 81 55 sen

705 3465 328 52 Herausgeber:
1063 3466 112 46 Otto
1203 3466 294 51 Haus-Dem,
1527 3480 30 37 z.
1587 3467 52 50 Z.
1669 3468 54 44 im
1754 3468 124 49 Felde

311 3546 416 57 Verantwortlikher
752 3551 307 55 Skhriftleiten
1090 3552 127 55 Hans
1245 3552 210 54 Siemlety
1492 3553 366 54 Lichterfelde,
1897 3555 275 54 Sternjtrafze
2200 3557 51 42 25

312 3664 35 1 »»
726 3609 88 52 siir
843 3611 280 54 unverlangte
1154 3611 324 54 Cinlendungen
1509 3613 119 45 keine
1658 3613 192 52 Gewähr

259 3691 62 44 In
340 3692 230 54 Olterreikh
596 3694 69 53 fiir
689 3695 65 45 die
770 3696 253 46 Redalction
1039 3699 345 53 verantwortlich
1401 3700 129 53 Hugo
1546 3700 157 53 Heller,
1720 3700 148 53 Wien,
1880 3703 29 50 l,
1934 3701 332 47 Bauernmarlct
2281 3703 25 42 Z

831 3777 127 35 Druck?
984 3786 76 27 von
1091 3779 46 39 H.
1163 3780 51 36 S.
1238 3780 254 38 Hermann
1523 3781 38 32 in
1591 3780 137 35 Berlin
