3086 4257
933 324 868 76 L'ACTUALITÉ
1883 347 660 61 MUSICALE

618 399 0 0 124

546 460 44 33 et
618 451 214 59 plaintifs.
857 456 150 60 (Ath.,
1028 458 26 45 1.
1076 458 87 61 IV,
1193 479 40 40 p.
1262 476 90 46 174
1372 463 29 45 112.
1432 465 55 44 cf.
1510 465 180 57 Pollux,

545 517 27 47 1.
602 520 86 60 IV,
717 538 106 32 sect.
858 524 96 63 76.)

614 590 88 46 Les
729 592 275 50 Phéniciens
1028 599 221 59 auxquels
1275 618 57 26 on
1361 604 196 44 attribue
1584 605 85 46 l'in-

543 662 188 43 vention
774 663 53 44 de
879 682 50 26 ce
969 668 112 57 petit
1122 670 222 58 hautbois,
1396 671 291 61 l'appelaient

593 729 178 47 Adonis
858 733 58 44 du
945 752 111 27 nom
1096 737 54 44 de
1178 740 195 43 certains
1399 743 161 46 chants
1588 746 64 44 mé-

538 795 278 65 lancoliques
853 819 73 27 sur
961 803 41 45 la
1041 818 120 32 mort
1199 808 60 43 du
1292 809 140 62 jeune
1464 812 102 45 dieu
1606 816 77 44 tué

538 882 75 42 par
642 886 59 26 un
725 871 208 60 sanglier.
963 874 90 45 Les
1074 876 261 48 Athéniens
1357 881 58 43 du
1439 881 68 46 IV
1512 884 16 19 e
1547 883 134 46 siècle

533 952 67 28 av.
644 938 42 59 J.
719 938 54 46 C.
815 940 95 45 s'en
948 945 225 45 servaient
1212 949 164 57 parfois
1414 951 109 45 dans
1563 952 118 47 leurs

534 1004 234 62 banquets.
806 1010 216 61 (Amphis
1049 1026 44 32 et
1116 1016 267 60 Axionicos,
1406 1038 68 38 ap.
1500 1023 176 46 Athen.

527 1072 73 47 liv.
631 1074 86 61 IV,
747 1095 40 42 p.
825 1091 108 49 175,
961 1100 37 28 a.
1030 1084 59 60 b.)

600 1144 132 46 Nous
757 1165 249 45 rangerons
1041 1155 114 44 aussi
1184 1158 142 56 parmi
1367 1158 59 45 les
1453 1161 224 61 hautbois,

535 1211 11 44 1
634 1215 125 46 aulos
836 1219 192 48 funèbre
1056 1223 54 44 de
1139 1223 40 45 la
1207 1225 213 64 Phrygie,
1450 1247 56 27 en
1545 1248 132 40 usa«;e

534 1280 261 62 également
842 1290 117 45 chez
985 1291 63 46 les
1094 1293 192 48 Cariens
1313 1297 198 61 (Pollux,
1542 1300 25 45 1.
1599 1301 86 61 IV,

533 1364 106 33 sect.
674 1356 95 60 75.)

547 1417 11 26 1
736 1429 375 60 renseignement
1138 1432 204 63 d'Elien,
1374 1439 201 44 recueilli
1609 1458 77 42 par

533 1489 249 66 Poiphyre,
813 1514 115 30 nous
954 1503 201 58 apprend
1192 1522 89 42 que
1309 1505 61 46 les
1396 1508 120 44 auloi
1547 1511 109 61 phry-

529 1561 128 59 giens
696 1566 181 45 avaient
907 1586 60 27 un
1015 1571 219 47 diamètre
1279 1575 99 59 plus
1419 1577 135 45 étroit
1594 1597 89 43 que

530 1646 116 29 ceux
687 1634 25 43 d
735 1636 175 61 origine
949 1656 212 45 grecque.
1204 1643 124 47 Leur
1368 1647 165 44 timbre
1573 1648 109 46 était

529 1716 56 27 en
625 1704 319 60 conséquence
983 1712 149 44 moins
1170 1712 120 60 plein
1331 1733 88 42 que
1447 1716 116 45 celui
1606 1719 75 46 des

530 1769 300 51 instruments
870 1777 24 43 à
934 1795 101 44 gros
1078 1793 140 50 tuyau
1262 1785 284 62 (bombykoi)
1564 1809 9 33 ;
1617 1788 62 45 les

530 1838 276 52 littérateurs
846 1846 224 49 Romains
1098 1850 38 45 le
1177 1852 277 62 dépeignent
1494 1874 182 28 comme

529 1909 238 64 terrifiant,
795 1916 208 59 strident,
1034 1920 211 46 horrible.

540 1977 40 45 L
600 1992 68 32 art
705 1982 234 63 aulétique
978 1989 69 43 fut
1086 1989 169 46 cultivé
1282 2010 108 28 avec
1432 2012 59 26 un
1533 1997 141 58 grand

468 2063 96 28 soin
612 2052 115 43 chez
776 2053 62 45 les
889 2055 162 61 Grecs,
1098 2072 43 31 et
1187 2059 182 46 l'aulète
1414 2062 56 61 (le
1509 2064 166 61 joueur

468 2116 24 43 d
579 2119 126 46 aulos
809 2123 154 64 l'objet
990 2126 139 46 d'une
1155 2130 274 45 admiration
1458 2146 44 31 et
1535 2133 139 47 d'une

466 2189 335 47 considération
825 2194 87 45 très
933 2198 226 45 enviables
1178 2221 10 34 ;
1218 2201 130 58 point
1375 2201 54 44 de
1456 2203 192 45 funérail-

467 2254 60 46 les
556 2259 44 42 ni
630 2259 54 43 de
703 2277 136 30 noces
867 2264 105 45 d'où
995 2265 61 46 les
1082 2267 173 47 aulètes
1276 2270 173 45 fussent
1475 2273 194 46 absents.

465 2323 90 47 Les
599 2330 246 47 musiciens
888 2333 224 48 Romains
1162 2339 75 43 des
1288 2340 118 44 deux
1453 2344 219 56 premiers

461 2394 154 47 siècles
655 2415 57 28 ne
740 2401 232 58 portèrent
1011 2422 75 41 pas
1117 2408 150 44 moins
1305 2408 97 45 leur
1440 2413 229 44 attention

463 2481 96 29 vers
585 2478 120 34 cette
734 2472 142 56 partie
904 2473 53 44 de
987 2473 99 46 l'art
1105 2478 226 60 pratique;
1357 2478 62 45 les
1485 2481 135 45 tibiae

460 2540 413 58 accompagnaient
899 2560 57 27 au
996 2544 175 46 théâtre
1199 2546 62 45 les
1287 2549 255 45 ensembles
1568 2552 75 44 dra-

460 2606 239 59 matiques,
740 2608 62 46 les
831 2611 135 45 tibiae
1004 2612 191 63 longues
1221 2628 44 32 et
1303 2634 156 43 graves
1497 2619 170 47 étaient

458 2672 211 49 afFectees
696 2695 22 25 a
747 2678 168 63 l'usage
943 2682 59 44 du
1030 2684 124 45 culte
1184 2685 218 49 Romain.

528 2743 125 47 Mais
680 2764 96 27 vers
803 2748 39 45 le
875 2751 39 44 V
920 2754 6 17 (
954 2752 134 45 siècle
1110 2754 62 45 les
1246 2756 118 45 auloi
1441 2759 224 46 cessèrent

460 2812 24 43 d
507 2826 93 32 etre
628 2815 191 48 cultivés
845 2836 107 30 avec
979 2824 115 57 soin,
1124 2823 40 45 le
1191 2826 334 46 christianisme
1552 2847 84 26 con-

457 2882 167 46 damna
665 2885 8 43 1
700 2886 277 49 instrument
1026 2894 166 59 auquel
1235 2894 60 45 les
1341 2905 154 50 païens
1535 2901 106 42 attri-

458 2951 185 46 buaient
689 2954 39 46 le
778 2961 190 54 pouvoir
1020 2961 214 61 d'apaiser
1279 2964 61 46 les
1385 2967 135 45 dieux
1544 2990 10 34 ;
1603 2968 60 46 les

694 3029 153 42 furent
875 3030 298 48 abandonnés
1197 3051 89 27 aux
1315 3036 247 47 musiciens
1582 3056 53 41 po-

455 3090 192 58 pulaires
675 3111 112 42 pour
814 3115 91 27 une
933 3099 167 62 longue
1122 3104 116 43 suite
1260 3104 54 44 de
1335 3105 181 57 siècles;
1547 3125 115 28 nous

454 3158 61 47 les
554 3174 321 36 retrouverons
901 3169 115 44 chez
1042 3169 62 46 les
1131 3172 175 46 Arabes
1333 3186 43 32 et
1415 3175 61 46 les
1503 3176 126 62 Egyp-

455 3229 116 46 tiens
591 3248 102 29 sous
720 3233 62 45 les
804 3252 132 30 noms
957 3239 53 44 de
1081 3257 128 29 zamr
1288 3255 43 32 et
1409 3247 145 42 zamir
1647 3245 16 24 2

511 3347 8 21 1
544 3351 178 47 Gevaert,
747 3353 66 47 id.,
837 3369 36 37 p.
900 3362 90 33 288.

508 3403 15 22 2
544 3408 96 36 Voir
663 3407 34 40 la
719 3419 92 28 note
836 3427 34 23 2.

1276 3491 59 44 A.
1379 3491 206 47 Bridet.

1769 1272 666 107 Questions

2412 1394 559 95 Sociales

1804 1550 94 46 ET
1939 1535 354 67 INTÉRÊTS
2335 1557 597 53 PROFESSIONNELS

2025 1660 70 45 LE
2136 1662 267 47 GRACIEUX
2445 1667 263 47 CONCOURS

1830 1766 302 47 Remercions
2159 1771 233 45 vivement
2432 1785 102 34 tous
2579 1775 60 45 les
2679 1778 175 46 artistes
2892 1782 77 58 qui

1758 1846 81 32 ont
1880 1836 102 43 bien
2012 1838 138 44 voulu
2178 1839 221 60 répondre
2438 1843 23 43 à
2500 1857 131 31 notre
2659 1848 198 59 enquête
2895 1867 74 27 sur

1757 1916 120 31 cette
1905 1905 276 60 importante
2210 1912 206 57 question
2448 1912 59 45 du
2537 1914 205 58 gracieux
2768 1935 198 30 concours.

1756 1970 60 45 Ils
1856 1973 306 63 témoignent,
2208 1996 56 26 en
2307 1980 219 61 écrivant,
2573 1982 111 46 d'un
2726 1988 136 60 esprit
2913 1989 54 44 de

1754 2041 229 47 solidarité
2027 2056 101 34 tout
2168 2047 24 43 à
2234 2048 95 44 leur
2374 2051 213 45 honneur
2629 2065 43 32 et
2709 2057 113 43 aussi
2853 2057 111 45 d'un

1754 2112 171 44 certain
1978 2130 195 46 courage
2234 2118 236 61 puisqu'ils
2519 2134 145 46 osent,
2716 2142 56 26 en
2837 2138 128 34 toute

1753 2180 241 61 franchise,
2036 2183 176 46 donner
2250 2186 97 45 leur
2373 2190 188 58 opinion
2596 2204 43 32 et
2679 2192 94 45 leur
2813 2196 125 54 signa-

1753 2262 114 34 ture.
1891 2250 39 45 C
1953 2266 63 31 est
2039 2253 23 43 d
2087 2271 60 26 un
2179 2255 67 44 bel
2276 2269 43 31 et
2343 2259 86 43 bon
2455 2261 223 58 exemple.
2700 2262 261 63 L'énergie,

1752 2318 39 44 la
1818 2320 197 46 décision
2057 2337 225 47 prompte,
2312 2326 40 44 la
2380 2330 223 44 rectitude
2632 2332 59 43 du
2733 2335 228 45 caractère

1749 2403 102 30 sont
1874 2389 60 46 les
1956 2393 243 57 premières
2220 2395 75 44 des
2316 2396 191 59 qualités
2535 2417 113 41 pour
2670 2419 62 26 un
2754 2405 204 47 artiste...

1749 2470 45 32 et
1822 2476 113 42 pour
1962 2478 62 26 un
2054 2462 203 47 homme.

1820 2528 220 47 Rendons
2066 2532 262 61 hommage,
2353 2546 100 34 tout
2481 2536 201 61 d'abord,
2711 2558 57 27 au
2797 2543 161 45 maître

1746 2596 165 46 vénéré
1937 2601 77 57 qui
2058 2617 114 29 nous
2211 2603 173 45 adresse
2426 2605 41 44 la
2509 2606 130 46 lettre
2681 2611 223 60 suivante,
2934 2613 23 45 à

1747 2666 73 45 M.
1851 2667 253 46 Théodore
2134 2670 192 48 Dubois.

2086 2759 78 44 M.,

1800 2838 39 33 A
1877 2850 93 23 mon
2008 2838 78 36 avis
2123 2837 33 39 le
2236 2841 186 47 gracieux
2453 2857 193 26 concours
2726 2862 47 23 ne
2807 2850 149 38 devrait

1738 2893 139 48 jamais
1898 2894 77 36 être
1996 2894 163 38 sollicité
2191 2911 68 37 par
2291 2895 50 39 les
2363 2913 94 33 gens
2479 2902 52 35 du
2557 2904 146 37 monde
2729 2906 39 36 ni
2791 2909 163 36 accordé

1742 2963 68 38 par
1831 2948 52 39 les
1904 2951 159 38 artistes.

1799 3007 110 36 Mais
1945 3018 200 27 comment
2191 3011 207 51 empêcher
2442 3012 79 39 cela
2550 3019 12 33 ?
2605 3017 140 47 Grève,
2793 3034 157 34 agence,

1741 3064 206 49 syndicats,
1983 3078 61 24 me
2081 3066 209 51 paraissent
2325 3082 161 38 moyens
2523 3073 238 48 détestables,
2787 3076 97 38 dont
2918 3076 34 40 le

1740 3119 157 38 résultat
1919 3122 113 36 serait
2055 3121 238 49 finalement,
2318 3135 36 27 et
2375 3125 241 50 fatalement,
2651 3131 46 37 de
2731 3134 110 36 nuire
2875 3149 76 23 aux

1742 3177 159 46 altistes,
1937 3192 64 23 car
2043 3193 40 23 ce
2119 3190 112 27 serait
2267 3182 99 37 alors
2404 3182 51 39 les
2492 3198 93 35 gens
2619 3188 52 36 du
2709 3191 144 36 monde
2883 3193 66 49 qui

1742 3232 162 38 feraient
1928 3233 34 38 la
1984 3238 113 44 grève
2120 3246 35 27 et
2173 3238 66 49 qui
2264 3240 177 37 auraient
2464 3255 156 25 recours
2642 3259 77 23 aux
2741 3257 205 36 amateurs,

1740 3291 254 48 aujourd'hui
2017 3295 74 35 très
2114 3293 222 39 nombreux
2367 3306 36 28 et
2425 3298 98 37 dont
2557 3299 203 55 beaucoup
2793 3314 69 27 ont
2895 3319 51 23 un

1739 3346 76 37 réel
1837 3346 131 39 talent.

1795 3405 71 35 Les
1897 3418 162 38 pauvres
2095 3407 148 37 artistes
2276 3419 87 27 sont
2395 3423 164 26 souvent
2582 3414 175 38 victimes
2779 3417 47 37 de
2848 3428 98 28 cette

1738 3464 129 47 espèce
1890 3462 22 35 d
1932 3462 253 39 indiscrétion
2213 3466 66 48 qui
2304 3465 50 38 les
2375 3470 192 50 poursuit,
2592 3471 353 42 inconsciemment

1737 3515 33 39 le
1802 3516 85 53 plus
1909 3530 174 27 souvent.
2185 3523 194 37 Combien
2403 3525 47 37 de
2482 3529 212 36 maîtresses
2716 3530 46 36 de
2793 3532 150 37 maison

1735 3574 189 47 donnent,
1949 3576 109 46 ainsi,
2083 3579 92 36 chez
2196 3577 100 49 elles,
2320 3581 47 37 de
2390 3584 262 50 magnifiques
2681 3597 174 27 concerts
2878 3591 66 48 qui

1736 3644 46 24 ne
1804 3630 84 38 leur
1909 3633 160 37 coûtent
2091 3635 82 36 rien
2200 3639 6 33 !

1792 3690 59 35 En
1893 3703 162 34 somme,
2095 3690 33 39 le
2217 3694 186 47 gracieux
2440 3710 191 25 concours
2713 3713 46 24 ne
2796 3701 147 39 devrait

1733 3745 136 38 exister
1910 3760 75 38 que
2026 3748 174 38 d'artiste
2241 3753 21 37 à.
2304 3753 144 50 artiste,
2491 3767 53 24 ou
2586 3769 140 26 encore
2766 3755 178 53 lorsqu'il
