3086 4257
764 276 377 69 NOTES
1192 280 710 98 JURIDIQUES

2423 296 146 89 187

78 415 79 62 qui
196 427 112 49 peut
345 416 111 47 dans
730 435 73 31 cas
849 435 46 31 se
944 432 186 34 trouver
1164 423 382 62 singulièrement
1585 428 88 48 lésé
1710 448 78 43 par
1823 449 93 31 une
1957 435 299 61 exploitation
2293 443 183 50 abusive
2517 467 61 29 ou

78 484 270 48 maladroite
374 486 55 46 de
456 485 193 48 l'œuvre
675 504 269 44 commune,
970 489 27 45 à
1022 489 194 62 laquelle
1245 493 31 45 il
1303 509 58 29 ne
1388 507 110 48 peut
1527 514 78 43 pas
1639 498 244 62 s'opposer.
1925 501 70 50 Ce
2030 507 215 62 système,
2283 515 79 58 qui
2401 533 26 28 a
2466 534 113 41 pour

80 555 102 46 base
236 571 93 31 une
378 555 142 47 fausse
570 559 277 58 conception
899 560 61 44 du
1009 560 156 47 drame
1210 562 195 65 lyrique,
1445 565 119 48 n'est
1602 570 47 44 ni
1689 570 119 62 juste
1849 573 47 44 ni
1940 576 239 47 conforme
2218 597 90 29 aux
2352 587 227 58 principes

77 625 235 62 généraux
339 625 61 48 du
426 626 132 48 droit.
586 626 40 48 Il
650 627 173 47 semble
850 630 120 45 donc
995 630 145 62 qu'on
1167 632 147 59 doive,
1339 650 103 31 sans
1468 637 258 61 hésitation,
1753 658 59 29 en
1837 645 164 62 rejeter
2027 646 64 47 les
2115 649 305 54 conclusions.

218 694 46 46 A
290 693 226 61 l'inverse,
543 714 61 27 on
636 698 203 59 pourrait
875 701 204 44 soutenir
1117 716 92 45 que
1234 702 42 46 la
1303 706 141 55 partie
1483 708 253 47 essentielle
1761 710 62 47 du
1863 714 157 48 drame
2060 719 191 47 musical
2278 734 66 34 est
2382 725 41 46 le
2449 738 126 36 texte

77 763 218 47 littéraire
318 786 13 34 ;
358 782 90 45 que
468 764 42 47 la
536 767 210 60 musique
767 768 127 46 vient
913 769 258 50 seulement
1195 772 232 62 souligner
1454 776 40 47 le
1513 795 102 29 sens
1640 781 77 47 des
1742 783 188 61 paroles,
1953 802 56 31 en
2035 802 248 37 accentuer
2310 792 40 50 le
2372 799 185 54 rythme

76 834 165 46 rendre
266 834 101 60 plus
403 834 210 62 agréable
638 835 238 49 l'audition
918 839 54 46 de
999 839 42 47 la
1078 843 104 45 voix
1210 861 79 43 par
1314 843 64 48 les
1418 848 311 50 modulations
1767 855 63 44 du
1855 857 142 46 chant
2037 871 44 33 et
2115 860 63 47 les
2217 862 262 51 harmonies
2519 868 56 45 de

77 901 13 46 1
111 904 231 46 orchestre
367 924 12 37 ;
419 903 207 62 qu'enfin
666 904 41 47 le
734 905 156 49 drame
915 907 195 49 n'existe
1135 929 89 44 que
1251 929 78 44 par
1356 914 41 46 le
1421 932 103 30 sens
1549 918 143 60 précis
1719 922 75 47 des
1819 936 122 35 mots
1967 937 46 36 et
2038 945 95 29 non
2160 947 80 43 par
2265 932 62 47 les
2350 936 226 47 sonorités

76 989 169 46 vagues
282 974 55 46 de
374 975 42 46 la
454 975 212 61 musique
702 976 79 61 qui
820 976 98 47 leur
957 995 247 45 emprunte
1229 993 131 37 toute
1384 1002 47 29 sa
1472 988 307 61 signification
1806 1006 45 34 et
1889 995 79 61 qui
1995 999 133 46 serait
2166 1001 235 62 incapable
2427 1006 25 45 à
2489 1006 86 47 elle

75 1042 125 46 seule
226 1044 56 45 de
309 1062 115 27 nous
462 1044 211 62 indiquer
698 1058 46 34 et
769 1046 56 47 de
859 1064 117 31 nous
1000 1050 112 46 faire
1136 1055 305 57 comprendre
1479 1056 64 47 les
1572 1060 187 59 pensées
1783 1063 77 46 des
1884 1081 305 49 personnages
2213 1083 46 34 et
2284 1072 64 47 les
2372 1073 203 61 épisodes

77 1111 55 46 de
190 1112 154 46 action
372 1114 111 44 dans
509 1125 103 34 tous
637 1114 120 47 leurs
782 1116 174 47 détails.
985 1117 70 47 La
1080 1135 322 47 conséquence
1430 1124 182 63 logique
1638 1128 140 48 d'une
1804 1131 107 47 telle
1939 1136 188 59 opinion
2156 1142 132 45 serait
2315 1143 54 46 de
2396 1144 178 47 donner

75 1180 25 47 à
127 1182 11 45 1
161 1183 201 45 écrivain
391 1183 59 46 les
477 1183 238 63 privilèges
739 1187 78 59 qui
856 1199 104 34 sont
985 1191 215 46 accordes
1224 1209 58 28 au
1309 1195 223 46 musicien
1560 1197 111 47 dans
1696 1199 42 45 le
1762 1202 197 61 système
1997 1206 262 59 précédent.
2301 1211 126 49 Mais
2452 1227 122 35 cette

76 1249 176 49 théorie
278 1252 76 46 n'a
378 1252 154 62 guère,
560 1252 25 46 à
610 1270 77 29 ma
711 1256 343 62 connaissance,
1093 1260 163 47 trouvé
1281 1262 56 46 de
1364 1265 219 58 partisans
1609 1270 144 57 parmi
1781 1270 63 46 les
1880 1271 281 62 législateurs
2185 1247 74 76 de'
2279 1279 42 47 la
2347 1282 227 55 propriété

75 1321 252 61 artistique.
346 1321 10 21 1

92 1459 12 19 f
217 1392 82 44 Un
327 1392 230 48 troisième
581 1404 198 51 système
803 1412 27 28 a
856 1408 71 32 ete
953 1398 167 60 adopte
1148 1417 77 42 par
1251 1399 62 47 les
1339 1401 82 47 lois
1441 1402 159 63 Belge,
1621 1404 325 68 Monégasque
1967 1426 44 33 et
2039 1413 271 52 Mexicaine
2333 1435 10 30 :
2372 1421 118 47 celui
2518 1423 55 47 de

75 1458 12 45 1
110 1460 346 60 indépendance
482 1462 76 44 des
584 1462 368 50 collaboiateurs.
1035 1467 198 47 Chacun
1261 1469 136 47 deux
1423 1483 66 34 est
1515 1474 251 61 considéré,
1804 1496 60 28 au
1902 1495 128 44 point
2057 1484 55 45 de
2140 1502 86 29 vue
2253 1488 54 46 de
2333 1488 240 51 l'exercice

75 1529 62 46 du
163 1530 120 46 droit
308 1530 208 47 d'auteur
543 1548 184 30 comme
753 1534 95 44 seul
875 1536 296 59 propriétaire
1196 1539 56 46 de
1277 1539 191 48 l'œuvre
1493 1559 253 32 commune
1771 1563 10 31 :
1818 1549 181 47 chacun
2025 1553 136 47 d'eux
2179 1570 110 45 peut
2315 1558 258 60 l'exploiter

73 1597 291 63 séparément
389 1618 79 42 par
495 1600 42 47 la
556 1601 282 60 publication
866 1622 59 28 ou
952 1605 43 46 la
1022 1606 361 61 représentation
1409 1611 235 63 publique.

214 1669 151 59 Ainsi,
393 1669 41 45 le
462 1670 223 47 musicien
713 1684 45 33 et
784 1671 234 50 l'écrivain
1045 1689 104 33 sont
1176 1677 155 47 traités
1356 1677 262 63 également
1649 1698 10 32 :
1689 1683 110 48 c'est
1826 1685 104 64 déjà
1955 1689 121 49 bien.

214 1737 127 47 Mais
365 1751 122 34 cette
513 1740 202 47 solution
758 1759 56 29 ne
840 1745 117 44 tient
995 1763 76 43 pas
1097 1759 187 48 compte
1322 1749 54 45 de
1404 1749 41 47 la
1470 1764 165 34 nature
1668 1754 56 45 de
1750 1754 194 49 l'œuvre
1969 1759 513 70 dramatico-musicale,
2524 1770 47 45 ni

75 1808 76 45 des
176 1808 338 46 circonstances
538 1810 112 45 dans
676 1810 237 62 lesquelles
938 1813 85 47 elle
1049 1832 25 28 a
1099 1815 73 47 été
1198 1816 145 48 créée.
1371 1817 106 48 Elle
1502 1820 121 47 évite
1647 1824 233 58 peut-être
1905 1844 58 29 en
1995 1831 208 61 pratique
2228 1832 77 47 des
2330 1835 243 49 difficultés

73 1890 131 34 entre
229 1877 63 47 les
317 1878 356 47 collaborateurs
699 1901 12 36 ;
753 1883 113 45 mais
891 1901 79 42 par
995 1897 162 34 contre
1183 1886 187 48 l'action
1399 1888 339 63 indépendante
1775 1895 56 45 de
1874 1912 74 31 ces
1974 1898 201 50 derniers
2199 1915 111 47 peut
2349 1905 222 49 s'exercer

72 1964 58 30 en
158 1948 77 46 des
260 1964 102 30 sens
387 1948 189 61 opposés
602 1967 59 28 ou
688 1951 55 45 de
768 1953 135 57 façon
927 1953 308 62 inopportune
1252 1968 46 35 et
1317 1959 124 46 avoir
1466 1959 56 47 de
1548 1962 89 46 très
1653 1962 197 48 fâcheux
1869 1966 210 49 résultats
2094 1987 115 44 pour
2235 1972 42 47 la
2301 1977 269 47 renommée

71 2018 56 44 de
151 2017 193 45 l'œuvre
370 2029 46 35 et
442 2018 55 46 de
523 2034 67 30 ses
613 2031 199 36 auteurs.

186 2116 124 40 Italie.
410 2118 75 38 Loi
507 2119 53 37 du
588 2135 47 35 19
658 2121 217 52 septembre
903 2128 116 35 1882.

184 2178 90 35 Art.
301 2178 34 35 6.
475 2177 188 38 L'auteur
692 2179 98 37 d'un
821 2177 113 41 livret
964 2194 52 26 ou
1037 2182 121 39 d'une
1179 2185 263 51 composition
1466 2184 247 55 quelconque
1733 2191 97 39 mise
1859 2206 48 24 en
1929 2194 181 51 musique
2136 2211 49 25 ne
2204 2210 94 39 peut
2321 2202 177 47 disposer
2517 2205 54 39 du

111 2231 106 40 droit
238 2231 49 38 de
306 2232 228 53 reproduire
556 2241 37 31 et
613 2234 48 38 de
682 2235 143 39 vendre
845 2235 37 39 la
905 2239 179 49 musique
1101 2259 10 31 ;
1131 2241 98 37 mais
1249 2240 36 39 le
1305 2243 266 52 compositeur
1590 2244 48 39 de
1658 2244 37 41 la
1715 2249 181 51 musique
1917 2260 93 44 peut
2032 2250 36 41 la
2087 2252 96 40 faire
2209 2259 234 45 reproduire
2466 2271 38 29 et
2533 2260 37 41 la

113 2290 144 36 vendre
278 2301 91 25 avec
389 2286 54 42 les
463 2288 150 54 paroles
633 2304 66 26 sur
720 2291 198 51 lesquelles
939 2292 37 40 la
998 2297 181 51 musique
1201 2311 22 23 a
1243 2300 60 35 été
1323 2298 118 39 écrite

184 2348 193 50 Espagne.
477 2347 234 52 Règlement
731 2352 55 38 du
814 2363 49 36 30
885 2353 218 51 septembre
1130 2359 104 33 1880
1256 2368 101 40 pour
1378 2354 236 42 l'exécution
1635 2358 49 40 de
1704 2358 37 41 la
1760 2359 54 41 loi
1836 2362 53 38 du
1917 2379 47 24 10
1982 2366 152 48 janvier
2160 2373 118 47 1879.

181 2405 90 36 Art.
302 2418 90 34 112,
417 2404 160 49 §2.—
640 2408 40 35 A
702 2406 135 40 défaut
857 2408 48 37 de
925 2412 253 47 convention,
1201 2409 169 41 l'auteur
1390 2413 47 38 de
1460 2413 37 39 la
1517 2415 181 50 musique
1714 2427 94 43 peut
1828 2418 206 54 imprimer
2054 2437 53 24 ou
2124 2425 112 39 céder
2249 2439 39 26 sa
2306 2431 263 45 composition

111 2461 244 51 séparément
376 2475 53 25 ou
449 2467 291 47 accompagnée
763 2465 66 37 des
849 2464 150 52 paroles
1019 2467 54 37 du
1096 2467 119 39 chant
1237 2471 346 50 correspondantes

182 2517 230 41 Venezuela.
513 2521 73 38 Loi
609 2521 53 37 du
689 2535 46 34 17
760 2524 78 37 mai
866 2526 117 46 1894.

181 2577 90 36 Art.
298 2588 64 25 20.
463 2577 235 50 "Lorsqu'il
717 2579 114 48 s'agit
853 2579 193 38 d'œuvres
1066 2579 411 55 lyrico-dramatiques
1498 2588 125 36 créées
1643 2599 48 25 en
1714 2586 296 53 collaboration,
2037 2591 169 42 l'auteur
2234 2596 54 38 du
2325 2597 112 41 livret
2467 2605 102 38 aussi

111 2629 91 40 bien
229 2645 75 38 que
326 2631 100 41 celui
448 2635 48 38 de
516 2633 37 40 la
574 2636 124 51 partie
718 2635 187 41 musicale
925 2650 145 40 pourra
1091 2639 205 52 imprimer
1325 2652 37 27 et
1393 2643 143 39 vendre
1557 2646 242 51 séparément
1830 2644 35 43 la
1886 2650 124 51 partie
2029 2652 48 39 de
2098 2649 163 46 l'œuvre
2288 2657 98 39 dont
2408 2657 27 40 il
2456 2671 54 28 est
2533 2659 36 42 le

113 2692 175 36 créateur
304 2706 11 32 ;
336 2692 184 38 toutefois
542 2692 95 38 dans
659 2691 35 41 la
716 2695 123 51 partie
861 2693 185 41 musicale
1068 2695 34 40 le
1124 2706 101 31 texte
1247 2701 308 51 correspondant
1576 2715 49 24 au
1648 2702 121 38 chant
1789 2718 145 39 pourra
1957 2707 78 40 être
2057 2711 152 49 ajoutée

186 2757 9 23 1
228 2762 57 36 La
306 2758 53 41 loi
386 2762 181 38 Suédoise
589 2762 53 37 du
670 2777 46 24 10
740 2763 114 38 Août
881 2770 103 43 1877
1008 2765 184 54 applique
1215 2780 42 25 ce
1277 2772 165 48 système
1464 2771 96 38 dans
1582 2772 166 38 certains
1770 2787 61 25 cas
1858 2794 10 20 :

180 2817 90 36 Art.
297 2831 51 24 2°
415 2848 65 8 .....
503 2817 60 39 s'il
593 2819 114 48 s'agit
727 2819 121 40 d'une
871 2834 133 26 œuvre
1035 2823 438 51 dramatico-musicale,
1497 2826 34 39 le
1553 2838 297 31 consentement
1880 2832 47 39 de
1949 2831 170 43 l'auteur
2138 2837 117 48 suffit,
2279 2840 31 38 si
2331 2838 35 41 le
2390 2851 101 32 texte
2513 2855 55 28 est

124 2870 37 41 la
181 2874 125 52 partie
327 2874 229 53 principale,
580 2884 38 29 et
640 2874 100 40 celui
763 2878 52 36 du
840 2879 267 52 compositeur
1136 2880 98 38 dans
1254 2880 35 41 le
1311 2897 61 24 cas
1394 2885 206 38 contraire.

181 2940 14 21 2
227 2940 190 53 Belgique
439 2941 53 41 loi
514 2944 53 38 du
593 2960 48 23 22
668 2946 115 37 Mars
810 2950 118 36 1886.

181 3001 90 37 Art.
301 3005 61 33 18.
429 3000 197 53 Lorsqu'il
647 3003 115 49 s'agit
782 3005 232 49 d'ouvrages
1045 3007 68 51 qui
1135 3021 37 24 se
1195 3020 232 42 composent
1449 3011 47 38 de
1517 3011 151 53 paroles
1690 3027 52 25 ou
1764 3015 47 38 de
1842 3014 131 41 livrets
1992 3027 38 30 et
2052 3020 48 38 de
2132 3021 192 52 musique,
2348 3022 34 42 le
2405 3039 137 34 compo-

124 3063 121 31 siteur
264 3064 37 30 et
323 3054 169 41 l'auteur
525 3071 49 25 ne
594 3068 196 43 pourront
811 3060 133 39 traiter
965 3062 47 38 de
1035 3059 83 42 leur
1140 3077 133 25 œuvre
1295 3080 91 25 avec
1411 3081 52 24 un
1497 3067 288 42 collaborateur
1806 3085 193 28 nouveau.
2028 3077 246 39 Néanmoins
2305 3080 44 39 ils
2369 3094 144 27 auront
2535 3082 34 41 le

124 3111 105 38 droit
250 3113 47 38 de
318 3111 219 55 l'exploiter
557 3114 206 40 isolément
783 3130 71 40 par
875 3118 64 38 des
962 3118 278 53 publications,
1265 3123 66 38 des
1352 3124 247 39 traductions
1620 3141 52 24 ou
1689 3128 66 38 des
1775 3130 226 40 exécutions
2023 3132 208 54 publiques

182 3172 196 36 Monaco.
403 3172 268 39 Ordonnance
692 3175 228 38 souveraine
942 3177 53 36 du
1020 3191 48 33 27
1085 3177 140 39 février
1252 3184 117 46 1889.

181 3228 90 37 Art.
299 3241 35 34 7.
360 3228 19 48 §
403 3243 35 23 2.
519 3231 221 48 L'ouvrage
762 3236 184 48 composé
967 3233 49 38 de
1037 3233 151 54 paroles
1209 3246 38 28 et
1267 3237 48 38 de
1336 3238 181 52 musique
1540 3252 48 26 ne
1609 3241 85 38 doit
1715 3256 68 39 pas
1802 3242 78 41 être
1901 3247 136 51 réputé
2058 3247 231 42 indivisible.
2322 3252 191 40 L'auteur
2533 3264 37 29 et

124 3281 34 39 le
180 3293 267 43 compositeur
468 3295 170 42 peuvent
660 3284 218 56 l'exploiter
899 3292 255 49 séparément,
1188 3293 154 38 chacun
1364 3307 102 41 pour
1487 3309 39 25 sa
1546 3306 101 43 part,
1679 3311 71 39 par
1770 3299 65 38 des
1855 3301 277 52 publications,
2155 3306 65 38 des
2251 3308 244 40 traductions
2517 3325 52 24 ou

124 3340 65 38 des
209 3341 226 38 exécutions
456 3341 219 54 publiques,
711 3345 98 38 mais
829 3346 41 37 ni
892 3345 83 39 l'un
999 3348 41 38 ni
1073 3348 138 41 l'autre
1233 3364 48 25 ne
1315 3361 94 44 peut
1432 3354 133 38 traiter
1585 3368 92 25 avec
1700 3369 53 26 un
1776 3356 289 42 collaborateur
2098 3375 180 27 nouveau
2310 3379 101 31 pour
2430 3365 140 42 l'autre

123 3397 125 52 partie
2308 3395 25 24 r

183 3455 206 51 Mexique.
411 3455 108 39 Code
543 3455 90 39 civil
654 3458 120 38 révisé
796 3459 46 37 de
870 3465 118 43 1884.

180 3513 91 36 Art.
311 3518 117 42 1184.
514 3514 37 37 Si
575 3527 76 25 une
674 3528 133 25 œuvre
843 3516 249 54 dramatique
1113 3529 55 29 est
1190 3525 205 49 composée
1419 3537 72 39 par
1521 3522 191 54 plusieurs
1743 3541 223 39 personnes,
2001 3532 178 39 chacune
2213 3533 132 41 d'elles
2366 3549 21 25 a
2408 3534 34 41 le
2465 3537 104 39 droit

123 3567 25 36 d
165 3580 49 24 en
229 3568 190 39 autoriser
431 3566 37 41 la
490 3572 320 50 représentation,
833 3575 86 35 sauf
933 3576 239 38 convention
1187 3579 207 47 contraire,
1414 3593 51 24 ou
1480 3577 178 55 lorsqu'il
1673 3591 56 30 est
1742 3584 173 52 invoqué
1936 3599 78 25 une
2035 3602 113 25 cause
2165 3588 187 50 légitime,
2371 3605 198 28 reconnue

124 3637 158 27 comme
303 3623 88 41 telle
412 3640 71 39 par
505 3624 198 42 l'autorité
721 3629 321 50 administrative,
1066 3637 108 48 après
1196 3636 80 37 avis
1296 3636 195 53 d'experts
