3086 4257
619 379 0 0 208

1504 309 74 68 S.
1659 311 64 68 I.
1791 311 117 69 M.

459 454 224 47 s'absorbe
711 452 110 46 dans
861 452 41 46 la
944 451 365 60 contemplation
1338 452 61 44 du
1427 452 205 47 matériel
1677 471 178 44 sonore,
1884 467 45 34 et
1975 454 239 48 l'audition
2258 457 139 46 d'une
2435 473 160 29 œuvre
2640 457 183 44 devient
2863 476 91 28 une

458 523 417 62 expérimentation
903 539 113 43 pour
1056 522 61 45 les
1153 533 228 34 amateurs
1407 520 387 65 d'harmoniques.
1823 525 134 47 Tant
1984 527 29 45 il
2040 539 65 34 est
2133 527 181 47 difficile
2341 544 56 28 en
2425 527 178 45 France
2630 527 54 45 de
2710 526 96 46 s'en
2834 530 118 43 tenir

459 593 26 47 à
511 593 41 46 la
578 592 182 61 musique
784 590 8 47 !

600 661 164 62 Laloy,
786 659 156 61 apôtre
969 661 54 44 de
1051 659 101 46 l'art
1178 659 177 46 sensuel
1383 672 44 33 et
1455 660 153 60 libéré,
1635 680 108 27 aura
1786 677 161 33 contre
1973 665 62 46 lui
2064 677 128 34 toute
2220 678 132 34 notre
2379 665 269 47 civilisation
2678 665 153 48 latine.
2862 667 90 46 Car

460 732 181 46 celle-ci
669 729 258 61 représente
965 730 110 44 dans
1118 728 219 46 l'histoire
1383 729 53 45 de
1476 729 275 49 l'humanité
1794 750 64 28 un
1904 748 211 33 moment
2160 737 54 44 de
2258 736 212 63 tyrannie
2516 735 344 60 intellectuelle,
2888 755 64 27 un

461 800 134 46 effort
622 800 55 44 de
701 798 214 59 stabilité,
943 798 179 45 d'ordre
1149 809 45 34 et
1221 799 54 44 de
1310 797 410 50 classification.La
1749 802 114 45 lutte
1892 816 129 33 entre
2047 822 73 29 ces
2147 806 120 45 deux
2294 806 192 61 grandes
2514 806 271 60 puissances,
2812 824 73 28 sur
2912 807 41 45 le

461 871 167 46 terrain
657 868 152 46 même
837 868 54 45 de
918 867 42 46 la
985 869 227 60 musique,
1240 879 65 34 est
1332 886 64 27 un
1425 868 76 46 des
1526 871 247 58 spectacles
1800 871 61 47 les
1888 873 99 60 plus
2013 876 315 58 passionnants
2355 876 53 44 de
2438 887 130 33 notre
2596 875 191 62 époque.

2740 971 44 62 J.
2825 970 57 49 E.

602 1131 85 47 LE
739 1131 306 47 NOMBRE
1097 1131 314 50 MUSICAL
1463 1116 421 65 GRÉGORIEN
1936 1155 47 26 ou
2152 1136 263 63 Rythmique
2757 1138 201 61 grégorien

457 1213 204 52 pratique
691 1211 90 52 par
822 1202 34 44 le
906 1200 62 47 R.
1011 1200 56 47 P.
1109 1202 112 44 Dom
1264 1200 152 49 André
1453 1200 295 65 Mocquereau
1780 1206 156 59 prieur
1973 1208 49 45 de
2063 1208 198 61 Solesmes,
2298 1221 125 34 tome
2464 1208 37 48 I.
2540 1211 231 59 Tournai,
2818 1212 134 60 impr.

463 1270 198 49 Desclée
689 1282 44 34 et
762 1270 41 47 C
807 1273 28 19 le
840 1307 9 10 .
884 1269 145 64 1908,
1058 1286 99 47 430
1185 1288 133 45 pages
1345 1270 140 49 in-B°.

601 1377 69 47 Ce
705 1377 127 60 livre,
868 1377 317 60 complément
1208 1378 206 46 heureux
1453 1380 76 45 des
1565 1378 217 49 Mélodies
1810 1381 304 62 Grégoriennes
2138 1385 61 44 du
2227 1385 43 45 R
2272 1387 51 20 me
2350 1385 131 47 Dom
2506 1387 44 61 J.
2581 1385 201 61 Pothier,
2809 1387 143 60 prend

459 1446 468 48 incontestablement
954 1447 127 60 place
1106 1448 146 60 parmi
1280 1447 63 47 les
1369 1448 231 47 meilleurs
1625 1461 190 35 travaux
1835 1453 237 46 consacrés
2096 1453 25 46 à
2147 1453 39 46 la
2214 1454 217 46 tradition
2453 1456 59 44 du
2539 1457 140 44 chant
2705 1456 248 62 liturgique

460 1518 56 46 de
543 1517 189 61 l'Eglise
760 1517 156 45 latine.
946 1515 165 47 C'està
1138 1519 90 45 vrai
1258 1518 110 60 dire,
1396 1536 63 28 un
1487 1521 187 44 manuel
1694 1521 233 60 supérieur
1947 1523 55 44 de
2028 1522 42 45 la
2761 1524 168 47 d'inter-

460 1587 226 61 prétation
715 1587 61 44 du
802 1588 139 43 chant
968 1587 66 44 dit
1059 1585 256 63 grégorien.
1346 1587 204 47 Comme
1575 1588 78 60 tel,
1680 1602 74 33 cet
1778 1607 197 47 ouvrage
2003 1604 66 33 est
2096 1592 332 61 irréprochable
2455 1606 45 33 et
2526 1594 135 62 digne
2684 1594 54 46 de
2764 1606 103 35 tous
2892 1595 62 46 les

461 1656 153 63 éloges
637 1677 10 35 ;
676 1655 29 46 il
733 1655 184 61 remplit
944 1656 322 60 parfaitement
1292 1674 81 28 son
1401 1658 81 45 but
1506 1674 9 31 :
1557 1658 41 45 là
1625 1670 66 35 est
1716 1675 80 30 son
1824 1660 178 61 mérite,
2030 1673 59 48 et,
2119 1661 29 46 il
2174 1663 97 44 faut
2299 1663 104 45 bien
2434 1663 217 59 l'avouer,
2679 1664 42 46 là
2745 1675 66 36 est
2835 1665 115 46 aussi

460 1744 81 29 son
569 1725 170 47 défaut.

602 1795 132 47 Dans
774 1794 128 47 l'état
940 1795 151 46 actuel
1132 1796 54 46 de
1226 1813 82 29 nos
1348 1797 346 47 connaissances
1734 1816 73 28 sur
1848 1799 41 45 le
1928 1801 141 45 chant
2107 1800 262 63 liturgique,
2408 1819 52 29 ce
2503 1820 88 43 que
2630 1802 96 47 l'on
2768 1805 184 58 pouvait

460 1866 231 46 souhaiter
719 1865 55 44 de
812 1865 157 44 mieux
1009 1865 109 45 était
1156 1866 151 46 moins
1332 1884 56 26 eu
1418 1865 123 61 effet,
1569 1884 91 29 une
1754 1868 219 46 méthode
2013 1868 294 47 bénédictine
2398 1871 184 46 relative
2620 1871 24 47 à
2684 1871 43 46 la
2764 1872 186 60 parfaite

461 1935 249 45 exécution
748 1935 55 44 de
841 1951 51 28 ce
930 1935 157 58 chant,
1128 1936 174 59 qu'une
1400 1936 217 47 méthode
1706 1954 101 30 sans
1848 1938 216 60 épithéte,
2106 1940 128 44 basée
2260 1956 73 29 sur
2370 1940 64 47 les
2467 1942 372 61 enseignements
2876 1942 76 46 des

463 2003 232 47 meilleurs
719 2003 277 46 théoriciens
1023 2004 59 45 du
1110 2021 172 47 moyen
1308 2004 83 63 âge
1429 2016 44 35 et
1513 2006 170 47 l'étude
1711 2007 170 47 directe
1909 2008 76 46 des
2016 2009 269 60 principaux
2313 2022 301 34 monuments
2639 2012 319 61 neumatiques

461 2086 46 34 et
534 2074 288 62 guidoniens.

601 2143 70 46 Le
699 2143 80 44 fait
805 2142 119 47 n'est
959 2161 75 41 pas
1059 2144 152 45 niable
1240 2161 9 29 :
1292 2144 128 61 après
1458 2163 64 28 un
1562 2147 122 45 demi
1722 2147 135 47 siècle
1879 2148 54 44 de
1971 2147 272 48 laborieuses
2280 2150 270 46 recherches
2587 2167 116 29 nous
2743 2152 215 61 ignorons

461 2229 167 28 encore
666 2229 113 43 pour
805 2229 93 28 une
926 2213 152 44 bonne
1106 2224 113 48 part,
1247 2213 196 45 l'exacte
1468 2214 306 62 signification
1804 2218 268 61 rythmique
2098 2218 55 44 de
2192 2218 41 45 la
2260 2219 207 44 notation
2506 2220 300 60 neumatique
2832 2237 125 43 pure,

463 2283 195 59 premier
680 2283 273 44 fondement
974 2283 55 44 de
1049 2294 130 34 toute
1208 2284 348 59 interprétation
1575 2286 76 46 des
1669 2285 251 48 cantilènes
1940 2288 172 45 sacrées
2133 2288 53 45 de
2207 2288 190 62 l'Eglise
2418 2290 220 46 romaine.
2663 2289 88 61 Or,
2774 2307 184 29 comme

460 2351 41 46 le
529 2351 214 46 déclarait
777 2351 200 61 naguère
1005 2352 89 45 fort
1133 2352 25 46 à
1185 2370 163 43 propos
1373 2354 41 45 le
1443 2354 58 47 R.
1531 2354 49 48 P.
1609 2355 216 47 Thibaut
1852 2356 110 46 dans
1987 2374 81 28 son
2107 2357 316 61 remarquable
2449 2375 197 46 ouvrage
2671 2375 9 29 :

471 2421 230 62 byzantine
979 2422 50 43 de
1133 2421 42 44 la
1272 2421 186 46 notation
1701 2422 268 61 neumatique
2282 2425 50 43 de
2432 2423 33 45 F
2472 2423 142 61 Eglise
2845 2425 113 45 latine
1856 2443 119 27 :
2070 2426 162 55 Qu'on
2261 2444 58 28 ne
2345 2445 45 28 se
2416 2427 110 47 fasse
2564 2445 77 43 pas
2675 2427 180 47 illusion
2881 2426 77 48 !Il

460 2490 96 45 faut
583 2490 211 60 pénétrer
821 2488 221 64 l'énigme
1068 2491 77 46 des
1170 2507 192 30 neumes
1388 2510 60 28 ou
1473 2491 112 48 c'est
1612 2511 56 28 en
1698 2495 101 44 vain
1821 2511 89 45 que
1931 2493 94 46 l'on
2049 2496 170 44 voudra
2239 2495 155 47 édifier
2422 2496 42 46 la
2484 2496 176 47 théorie
2686 2497 61 46 du
2774 2498 184 63 rythme

460 2559 258 61 grégorien,
746 2571 44 33 et
817 2558 120 46 lever
974 2571 121 34 cette
1133 2561 249 45 multitude
1409 2562 53 44 de
1489 2562 242 47 difficultés
1755 2564 79 61 qui
1861 2581 115 29 nous
2003 2564 222 46 dérobent
2253 2564 41 46 la
2331 2567 326 46 connaissance
2686 2568 78 45 des
2797 2567 135 46 fonde-

461 2642 153 33 ments
639 2629 62 46 du
727 2628 292 62 plain-chant

601 2698 256 62 L'ouvrage
885 2699 61 45 du
974 2699 59 46 R.
1063 2699 50 47 P.
1143 2699 129 46 Dom
1301 2700 322 63 Mocquereau
1651 2719 59 28 en
1738 2703 124 61 dépit
1889 2704 54 45 de
1969 2721 67 29 ses
2056 2705 261 45 nombreux
2343 2705 200 60 mérites,
2566 2723 56 28 en
2651 2705 123 61 dépit
2796 2707 53 45 de
2876 2723 81 29 son

460 2768 317 62 remarquable
817 2769 247 60 apparareil
1101 2769 306 62 scientifique,
1465 2788 57 28 en
1570 2783 66 34 est
1673 2771 42 46 la
1754 2773 238 45 meilleure
2018 2791 167 43 preuve
2215 2791 9 29 :
2253 2773 181 48 n'étant
2474 2777 128 58 point
2643 2775 135 46 établi
2821 2777 137 45 d'une

460 2836 203 46 manière
690 2837 263 60 rigoureuse
978 2854 75 29 sur
1078 2855 93 28 une
1198 2839 187 59 parfaite
1411 2841 328 45 connaissance
1766 2841 55 45 de
1847 2840 42 47 la
1913 2841 361 63 séméiographie
2301 2845 301 60 neumatique
2629 2862 111 43 pure
2765 2855 46 35 et
2837 2845 54 46 de
2917 2844 41 47 la

460 2907 211 45 notation
713 2907 315 61 guidonienne
1063 2909 79 59 qui
1183 2920 64 34 est
1285 2909 41 45 le
1365 2920 147 36 terme
1547 2910 182 47 naturel
1757 2911 54 46 de
1848 2928 83 29 son
1973 2911 251 61 évolution,
2268 2912 28 46 il
2354 2925 66 34 est
2463 2914 186 47 évident
2699 2914 112 63 qu'il
2863 2916 95 46 doit

460 2976 151 47 laisser
648 2977 116 59 prise
800 2976 26 46 à
863 2976 41 47 la
941 2977 211 61 critique.

663 3047 46 44 i°
734 3045 318 60 Déterminer,
1096 3047 210 60 préciser,
1345 3047 272 61 développer
1666 3048 41 47 la
1750 3048 176 47 théorie
1966 3052 283 62 rythmique,
2296 3070 97 28 non
2435 3052 260 47 seulement
2738 3055 111 45 dans
2891 3071 67 29 ses

459 3114 193 61 grandes
677 3114 160 63 lignes,
865 3116 128 58 mais,
1019 3127 162 34 autant
1208 3133 89 45 que
1324 3117 207 60 possible,
1553 3118 164 62 jusque
1745 3119 111 46 dans
1881 3136 66 29 ses
1973 3121 233 45 moindres
2232 3119 160 49 détails
2409 3144 12 35 ;
2453 3125 49 44 2°
2529 3122 138 47 Fixer
2693 3140 52 29 ce
2771 3125 186 62 rythme

457 3202 59 28 au
544 3202 170 46 moyen
742 3184 140 46 d'une
907 3187 212 44 notation
1146 3185 152 60 claire,
1326 3187 187 59 précise,
1541 3188 24 46 à
1603 3188 42 46 la
1684 3188 154 61 portée
1865 3189 54 46 de
1946 3207 82 28 nos
2065 3191 101 59 plus
2191 3191 215 47 humbles
2442 3193 183 46 enfants
2662 3205 46 34 et
2746 3194 211 46 chantres

460 3253 56 47 de
543 3269 270 46 campagne.

597 3323 97 47 Tel
737 3335 81 48 est,
864 3323 112 46 écrit
1021 3323 40 46 le
1105 3325 134 45 docte
1284 3325 278 61 bénédictin,
1609 3326 41 46 le
1691 3328 167 45 double
1902 3328 236 60 problème
2177 3347 58 28 en
2277 3330 98 47 face
2417 3331 171 62 duquel
2628 3349 46 30 se
2714 3344 161 35 trouve
2916 3332 40 47 le

457 3394 282 61 rythmicien
767 3394 77 60 qui
872 3405 109 34 veut
1009 3393 94 46 être
1129 3394 113 45 utile
1269 3406 45 33 et
1340 3396 223 61 pratique.

597 3462 70 45 La
691 3462 200 45 solution
920 3462 54 45 de
1000 3480 52 28 ce
1093 3464 234 59 problème
1354 3464 178 46 est-elle
1570 3466 191 60 possible
1786 3466 291 63 aujourd'hui
2105 3467 14 47 ?
2157 3467 117 62 Oui,
2301 3486 101 30 sans
2428 3488 154 28 aucun
2615 3471 154 60 doute,
2797 3483 45 34 et
2869 3471 85 47 elle

457 3543 110 48 peut
593 3532 94 45 être
714 3532 181 46 donnée
922 3532 140 46 d'une
1089 3534 202 45 manière
1318 3551 191 45 presque
1536 3536 223 61 objective
1863 3533 14 26 1

569 3655 12 22 1
613 3659 76 51 Op.
713 3658 64 39 cit.
800 3671 65 39 pp.
892 3663 83 42 7-8.
