3086 4257
997 357 193 66 LES
1261 354 413 69 LIVRES

2424 374 150 69 215

219 498 623 50 LICHTENBERGER.
870 498 104 62 (H.)
1121 496 216 63 Wagner.
1376 496 285 59 (Collection
1696 498 78 47 des
1811 496 185 47 maîtres
2038 496 56 46 de
2131 495 43 47 la
2211 496 227 61 musique,
2476 495 107 64 Gay

81 571 72 46 in-
162 573 93 59 12).
390 570 123 47 Pour
551 569 142 47 écrire
717 584 65 29 un
820 581 201 46 ouvrage
1045 578 188 34 entrant
1272 566 112 46 dans
1408 583 94 29 une
1538 565 246 48 collection
1811 566 25 46 à
1875 566 135 47 cadre
2034 564 92 47 fixe
2165 576 47 35 et
2237 564 205 47 destinée
2467 564 26 47 à
2517 580 65 31 un

80 642 261 46 nombreux
368 640 171 61 public,
566 654 186 32 comme
785 636 115 47 celle
927 636 170 61 dirigée
1135 637 118 45 chez
1279 636 151 47 Alcan
1458 653 77 44 par
1562 636 76 47 M.
1666 637 117 61 Jean
1822 636 342 58 Chantavoine,
2192 634 30 47 il
2249 635 98 46 faut
2371 634 212 47 dominer

77 711 314 46 entièrement
433 726 82 29 son
541 708 133 64 sujet,
719 717 45 36 et
804 705 174 47 n'avoir
1014 705 179 47 d'autre
1233 705 159 48 travail
1431 705 27 47 à
1493 706 111 46 faire
1643 722 92 46 que
1760 705 190 48 d'écrire
1991 705 41 47 le
2057 703 187 49 volume
2283 720 90 47 que
2423 702 95 48 l'on
2557 720 26 29 a

81 781 175 60 promis
280 781 58 46 de
363 780 126 45 faire.

219 847 131 48 C'est
390 865 53 29 ce
468 847 78 62 qui
585 858 66 35 est
677 843 144 48 arrivé
862 861 114 44 pour
1003 842 43 47 le
1088 842 71 47 IV
1160 841 3 68 I
2246 861 131 43 agner
1328 844 56 46 de
1427 843 75 47 M.
1525 842 382 63 Lichtenberger,
1947 842 254 61 spécialiste
2236 843 57 46 de
2330 842 170 46 l'étude
2526 841 57 47 de

80 918 230 63 Wagner.
339 917 225 47 L'auteur
589 915 57 46 de
1280 914 202 61 Wagner
1492 923 182 51 penseur
2116 923 41 34 et
2173 913 117 61 poète
1293 912 170 48 n'avait
1493 912 111 62 qu'à
1628 914 194 60 prendre
1848 913 41 46 la
1914 912 174 62 plume,
2126 929 115 44 pour
2264 912 112 47 ainsi
2399 912 110 58 dire,
2536 921 47 35 et

80 987 31 47 il
137 999 66 36 est
228 988 93 46 vrai
343 1004 91 45 que
457 1003 82 29 son
566 983 188 48 volume
778 983 343 47 extrêmement
1157 981 110 47 clair
1293 993 45 35 et
1361 981 180 63 simple,
1580 994 66 34 est
1671 993 104 35 tout
1798 983 27 45 à
1849 983 80 45 fait
1953 980 210 64 agréable
2188 981 25 47 à
2237 980 99 61 lire,
2367 993 47 34 et
2437 979 146 63 qu'on

80 1070 111 50 peut
217 1058 42 47 le
284 1068 169 37 mettre
477 1072 112 30 avec
613 1054 112 46 fruit
749 1065 132 35 entre
905 1053 65 47 les
995 1054 149 44 mains
1163 1053 56 45 de
1244 1069 112 46 gens
1375 1051 141 47 d'une
1544 1051 182 49 culture
1750 1051 90 49 très
1864 1050 257 50 différente.

221 1126 70 49 Le
316 1126 190 47 volume
531 1122 254 63 comprend
810 1122 122 47 deux
959 1122 180 61 parties,
1164 1139 75 29 sur
1266 1121 43 47 la
1333 1124 70 45 vie
1430 1133 45 35 et
1501 1120 208 62 l'œuvre,
1737 1134 47 34 et
1808 1139 65 29 un
1898 1121 242 62 catalogue
2163 1121 261 47 sommaire.
2453 1117 130 50 C'est

80 1214 66 30 un
172 1196 232 48 excellent
429 1192 206 61 manuel,
661 1210 65 29 un
753 1209 200 44 ouvrage
979 1209 91 44 que
1094 1191 97 47 l'on
1218 1209 59 29 ne
1303 1192 166 46 saurait
1489 1204 103 48 trop
1618 1191 367 47 recommander.

2010 1272 153 47 Louis
2199 1270 243 49 Thomas.

222 1420 196 50 POUR
444 1417 332 51 PRENDRE
804 1417 216 48 DATE.
1136 1418 151 46 Notre
1314 1417 210 62 collègue
1544 1417 76 47 M.
1644 1417 150 46 Henri
1815 1416 172 61 Collet,
2004 1415 165 63 agrégé
2189 1416 56 46 de
2264 1412 318 61 l'Université,

82 1509 118 30 nous
223 1492 98 61 prie
346 1488 287 48 d'annoncer
666 1487 115 62 qu'il
816 1505 28 29 a
868 1486 165 62 déposé
1059 1503 60 30 en
1158 1486 255 59 Sorbonne,
1441 1486 32 45 il
1501 1503 30 47 y
1568 1503 27 30 a
1619 1484 102 63 plus
1745 1484 111 47 d'un
1882 1502 76 43 an,
1985 1486 42 45 le
2052 1486 105 45 titre
2183 1484 57 46 de
2263 1501 47 29 sa
2335 1483 249 61 prochaine

82 1561 130 47 thèse
237 1562 56 46 de
312 1557 462 49 doctorat-ès-lettres
797 1575 12 30 :
886 1557 257 46 VITTORIA
1164 1567 42 36 et
2382 1556 36 47 le
2503 1573 81 46 mys
2491 1550 93 49 Les

82 1630 92 49 très
198 1630 132 63 longs
353 1629 171 64 séjours
551 1629 56 46 de
645 1628 76 48 M.
750 1627 158 48 Collet
945 1644 58 30 en
1031 1625 229 64 Espagne,
1299 1627 159 59 depuis
1483 1624 224 62 plusieurs
1729 1624 171 47 années
1924 1636 84 35 ont
2044 1642 60 29 eu
2137 1623 306 62 précisément
2469 1637 114 46 pour

84 1703 82 46 but
191 1702 58 45 de
274 1700 156 47 réunir
454 1698 65 48 les
542 1698 227 47 éléments
793 1698 56 45 de
875 1713 53 32 ce
955 1708 120 35 vaste
1103 1695 174 48 travail.

223 1841 584 52 RECTIFICATION.
910 1841 135 50 Dans
1060 1841 42 47 la
1119 1840 331 64 bibliographie
1470 1840 63 47 du
1555 1851 56 49 15
1635 1837 166 49 février
1820 1854 118 32 nous
1954 1854 141 30 avons
2112 1835 214 49 annoncé
2353 1835 231 62 l'ouvrage

84 1915 175 48 illustré
283 1916 57 46 de
367 1914 76 48 M.
472 1914 243 47 Hendrich
735 1930 60 31 au
821 1914 101 60 prix
950 1912 56 46 de
1035 1923 63 49 50
1124 1911 73 60 fr.,
1223 1910 113 48 c'est
1364 1924 64 34 20
1454 1910 56 48 fr.
1536 1909 117 62 qu'il
1679 1909 97 47 faut
1802 1909 112 47 dire.
