3086 4257
1506 331 73 69 S.
1647 333 65 68 I.
1781 333 115 69 M.

606 395 0 0 162

451 472 418 59 reconnaissait
920 474 84 57 lui
1059 474 165 57 avoir
1275 472 143 60 cédé
1470 495 83 38 ses
1600 476 185 60 droits
1829 477 290 73 d'auteur,
2169 481 155 59 avait
2378 479 128 73 déjà
2555 477 110 61 fait
2712 495 130 43 tout
2891 482 52 56 le

451 560 136 79 plan
624 559 70 58 de
728 581 60 37 sa
819 562 296 79 musique.
1155 562 85 56 Le
1274 562 187 78 grand
1496 564 205 58 Gluck
1735 568 155 57 avait
1926 569 148 57 aussi
2108 589 103 37 son
2246 570 152 80 petit
2434 566 132 61 côté
2600 566 197 62 faible.

620 738 71 76 Je
718 736 395 80 m'apperçois
1139 759 115 57 que
1283 739 204 57 Salieri
1522 742 214 58 n'aime
1771 764 100 59 pas
1898 743 77 58 du
2006 758 130 46 tout
2167 745 246 82 Haydn,
2439 748 59 56 ni
2526 748 247 57 Mozart
2797 772 14 46 ;
2837 747 41 57 il
2912 768 31 36 a

452 846 80 35 un
568 825 126 57 soin
730 839 131 43 tout
898 828 344 77 particulier
1275 828 70 57 de
1382 849 146 39 nous
1561 828 145 60 faire
1740 835 386 77 appercevoir
2158 835 154 59 leurs
2345 834 190 60 fautes
2586 851 58 43 et
2690 857 71 37 ne
2797 857 147 37 nous

452 913 187 57 arrête
672 933 102 60 pas
805 935 97 36 sur
935 915 152 56 leurs
1122 914 255 60 beautés.

630 1089 59 58 Si
715 1088 117 59 l'on
856 1091 189 57 m'eut
1070 1091 87 58 dit
1183 1092 53 57 la
1263 1093 130 57 nuit
1418 1092 69 58 de
1512 1095 396 78 Clagenfurth
1931 1119 11 37 :
1969 1098 228 70 Allons,
2221 1121 257 60 courage
2506 1101 10 58 !
2545 1098 397 83 précisément

454 1177 139 59 dans
629 1197 77 37 un
743 1178 153 58 mois
930 1177 159 73 d'ici,
1124 1194 65 43 tu
1224 1201 149 38 seras
1405 1180 30 58 à
1472 1183 253 70 Vienne,
1762 1183 29 59 à
1819 1199 100 44 ton
1974 1187 199 79 piano,
2227 1210 143 37 avec
2422 1191 52 56 la
2530 1191 285 78 partition
2872 1190 71 57 de

445 1266 223 80 Joseph
701 1290 13 46 ;
766 1281 65 43 tu
866 1288 165 38 auras
1067 1267 126 80 déjà
1241 1271 291 79 plusieurs
1580 1272 224 59 bonnes
1852 1277 462 70 connaissances,
2365 1293 65 43 tu
2482 1300 164 37 auras
2680 1279 260 58 entendu

454 1354 97 58 des
578 1375 288 60 ouvrages
893 1355 71 58 de
995 1357 266 72 Mozart,
1310 1373 64 43 tu
1409 1380 165 38 auras
1599 1382 140 58 reçu
1767 1361 98 59 des
1893 1365 298 57 nouvelles
2218 1365 71 57 de
2324 1382 57 41 ta
2416 1365 180 72 mère,
2633 1382 137 55 etc.,
2806 1382 136 55 etc.,

452 1457 186 44 certes
662 1443 239 78 j'aurais
932 1443 92 59 été
1059 1446 141 58 dans
1233 1446 526 73 l'enchantement,
1796 1465 131 44 tout
1961 1473 66 37 ce
2063 1473 114 58 que
2211 1454 96 75 j'ai
2341 1455 245 59 souffert
2634 1477 74 35 ne
2752 1455 154 59 m'au-

454 1533 109 56 rait
598 1533 124 57 rien
752 1553 146 58 paru
926 1554 117 59 que
1070 1534 97 58 des
1194 1534 216 60 délices
1433 1558 12 37 :
1476 1535 74 59 eh
1585 1537 158 72 bien,
1772 1540 395 78 aujourd'hui,
2185 1542 58 78 je
2271 1544 117 57 suis
2413 1543 141 58 dans
2580 1558 156 43 cette
2762 1545 152 58 situa-

454 1620 127 57 tion
617 1634 56 43 et
710 1620 61 78 je
805 1622 117 58 suis
955 1622 141 59 dans
1129 1644 116 37 une
1289 1625 221 79 grande
1562 1628 191 77 peine,
1805 1650 95 35 car
1924 1629 60 78 je
2020 1631 187 57 crains
2240 1652 154 59 pour
2426 1632 264 71 l'avenir,
2737 1653 66 37 ce
2837 1634 106 79 qui

455 1708 377 80 m'empeche
887 1711 70 57 de
991 1711 165 78 jouir
1204 1712 79 58 du
1327 1712 253 81 présent.
1632 1716 288 58 Avouons
1965 1738 115 58 que
2133 1733 167 44 notre
2350 1741 222 58 pauvre
2628 1719 314 60 humanité

455 1812 82 42 est
576 1796 137 59 bien
748 1794 236 63 infirme
1019 1820 132 38 sous
1186 1815 132 44 tous
1351 1803 79 56 les
1465 1817 269 65 rapports
1760 1804 9 58 !
1800 1804 9 58 !
1840 1804 75 59 !...
1966 1807 187 57 Belles
2199 1806 311 61 réflexions
2544 1830 116 60 que
2695 1810 50 71 je
2778 1811 165 57 viens

452 1885 71 58 de
558 1885 145 59 faire
738 1901 56 43 et
828 1902 233 45 surtout
1095 1890 135 57 bien
1266 1891 173 57 utiles
1466 1891 9 58 !
1513 1892 159 59 Elles
1706 1914 95 37 me
1835 1892 243 60 mènent
2112 1897 456 59 naturellement
2602 1896 31 60 à
2668 1900 124 57 dire
2830 1921 114 57 que

455 1975 201 78 quand
680 1975 62 77 je
776 1976 330 58 reviendrai
1141 1998 75 36 au
1249 1978 218 58 monde
1492 1980 60 78 je
1588 2001 95 37 me
1717 1978 144 60 ferai
1891 1982 178 59 Dieu.

621 2064 71 76 Je
725 2064 165 58 viens
939 2065 345 58 d'entendre
1334 2088 115 37 une
1499 2067 98 59 des
1645 2067 194 80 pièces
1887 2071 52 56 le
1989 2072 131 78 plus
2168 2093 69 37 en
2289 2071 341 81 réputation
2681 2075 141 58 dans
2878 2097 66 36 ce

452 2172 160 59 pays,
649 2151 95 57 die
796 2152 676 75 Schweitzer-Familie,
1509 2156 71 59 de
1616 2158 223 80 Weigl.
1880 2160 128 57 Elle
2064 2182 71 37 ne
2188 2163 116 56 m'a
2352 2184 101 57 pas
2491 2161 106 60 fait
2647 2165 199 79 plaisir
2887 2179 57 43 et

451 2240 116 56 m'a
598 2238 107 59 fait
739 2240 190 59 naître
964 2243 70 58 de
1068 2243 350 78 singulières
1452 2244 157 60 idées
1642 2267 98 37 sur
1788 2268 141 37 mon
1980 2246 192 80 séjour
2223 2271 71 36 en
2345 2252 377 78 Allemagne.
2785 2254 159 57 C'est

451 2326 137 59 bien
621 2326 108 59 fait
752 2353 14 46 ;
804 2332 146 57 mais
984 2330 80 59 du
1099 2349 520 44 commencement
1661 2334 240 81 jusqu'à
1952 2338 52 56 la
2039 2334 101 74 fin,
2176 2339 138 57 c'est
2350 2340 266 78 toujours
2655 2342 53 57 la
2742 2342 198 57 même

451 2414 177 60 chose
664 2438 11 36 :
732 2418 39 56 il
824 2419 101 80 n'y
959 2441 31 35 a
1040 2420 126 58 rien
1217 2442 154 58 pour
1421 2423 51 56 le
1524 2422 288 59 chanteur
1837 2448 12 46 ;
1886 2439 57 42 et
1994 2447 154 59 pour
2190 2427 345 59 l'orchestre
2568 2431 40 57 ?.
2647 2429 293 80 qu'est-ce

452 2506 146 78 qu'il
648 2526 37 58 y
719 2527 31 36 a
783 2508 82 57 ?...
920 2507 103 59 Oh
1058 2528 116 59 que
1219 2508 61 80 je
1332 2511 116 57 suis
1500 2526 245 43 content
1779 2513 185 59 d'être
2003 2536 156 37 venu
2211 2516 79 57 ici
2345 2531 56 43 et
2450 2516 227 59 d'avoir
2726 2517 92 58 été
2868 2540 71 37 en

452 2592 172 58 Italie
649 2593 10 59 !
699 2594 270 72 Bonsoir,
995 2594 61 79 je
1089 2597 122 58 vais
1244 2619 96 36 me
1374 2598 280 60 coucher.

630 2771 160 57 C'est
836 2784 131 45 tout
1016 2774 363 78 particulier,
1416 2796 238 37 comme
1703 2776 209 80 depuis
1960 2798 39 56 4
2033 2779 167 78 jours
2237 2780 103 77 j'ai
2389 2780 99 58 des
2535 2780 158 60 idées
2746 2796 196 45 toutes

450 2860 319 57 nouvelles.
827 2861 112 76 J'ai
1002 2860 93 60 été
1160 2861 131 60 hier
1346 2865 131 56 voir
1539 2879 154 44 cette
1757 2864 276 61 éternelle
2091 2869 367 58 Cendrillon.
2520 2871 86 57 La
2662 2874 278 79 musique

450 2967 72 36 ne
555 2947 117 58 m'a
705 2968 100 60 pas
838 2946 179 82 déplu
1042 2974 14 45 ;
1108 2951 147 57 mais
1303 2954 299 77 pourquoi
1651 2974 73 37 ne
1772 2954 363 60 donne-t-on
2185 2958 77 56 ici
2313 2978 115 58 que
2478 2958 99 59 des
2624 2958 196 81 pièces
2869 2960 70 59 de

450 3034 148 58 chez
633 3057 147 38 nous
802 3038 19 56 ?
859 3038 307 63 Qu'est-ce
1202 3061 115 58 que
1353 3043 122 56 cela
1506 3057 140 43 veut
1683 3043 123 57 dire
1840 3045 18 55 ?
1889 3045 70 76 Je
1993 3066 95 35 me
2122 3047 117 57 suis
2272 3045 136 59 bien
2444 3047 257 58 informé
2752 3049 71 59 de
2873 3071 65 37 ce

451 3123 179 78 qu'on
667 3123 246 59 donnait
949 3141 91 43 cet
1092 3125 187 82 hyver
1327 3129 98 69 ici,
1462 3143 57 43 et
1561 3129 102 78 j'ai
1712 3132 198 78 appris
1943 3133 181 79 qu'on
2171 3155 36 58 y
2242 3133 246 60 donnait
2515 3157 11 36 :
2567 3135 369 73 Cendrillon,

442 3212 291 76 Joconde,
755 3213 146 77 Jean
930 3213 68 57 de
1029 3215 182 70 Paris,
1240 3217 86 57 La
1349 3217 256 71 Vestale,
1630 3232 134 57 etc.,
1790 3233 110 45 etc.
1933 3221 56 57 A
2011 3222 252 70 Vienne,
2287 3223 261 79 pendant
2574 3226 53 57 le
2649 3224 249 80 congrès
2924 3226 11 59 !

449 3299 260 80 pendant
737 3322 115 57 que
880 3316 167 44 toute
1081 3303 282 81 l'Europe
1390 3304 142 59 était
1560 3308 79 56 ici
1660 3307 10 58 !
1699 3307 216 58 l'hiver
1941 3309 51 56 le
2020 3311 129 77 plus
2177 3309 236 60 brillant
2440 3312 9 58 !
2482 3312 103 58 Oh
2611 3313 77 59 !...
2719 3316 184 57 Atten-

447 3388 146 57 dons
628 3391 80 57 les
739 3388 383 62 événements
1155 3407 56 43 et
1245 3415 255 58 prenons
1534 3416 78 37 un
1647 3398 155 78 parti
1826 3417 11 37 :
1880 3397 61 79 je
1976 3419 352 40 commence
2361 3400 31 58 à
2426 3401 244 60 devenir
2708 3405 183 57 vieux
2922 3403 11 59 !

447 3476 140 58 dans
621 3492 127 65 sept
784 3481 151 56 mois
959 3480 213 78 j'aurai
1203 3501 75 59 25
1317 3504 99 37 ans
1451 3497 55 44 et
1532 3483 60 79 je
1636 3486 218 57 n'aurai
1905 3485 108 59 fait
2070 3487 184 80 qu'un
2313 3492 267 56 mauvais
2630 3495 301 77 ouvrage?

450 3562 454 76 Réfléchissons,
940 3589 74 37 ne
1052 3589 146 38 nous
1232 3569 368 85 précipitons
1633 3594 121 61 pas,
1791 3575 147 57 mais
1971 3596 257 60 prenons
2261 3577 52 58 le
2348 3577 119 59 bon
2501 3581 175 79 parti.
