3086 4257
1115 331 132 67 LE
1321 332 278 69 MOIS

2447 363 149 67 205

806 516 403 69 LETTRE
1273 519 658 71 D'ASTRAKAN

1846 727 68 60 15
1968 707 220 60 février
2246 731 69 56 19
2335 731 90 40 10.

637 790 175 57 CHER
861 790 136 57 AMI
1038 788 9 59 !

341 914 66 76 Je
441 927 152 43 mets
625 913 53 57 la
705 933 128 37 mer
855 914 335 79 Caspienne
1217 914 30 59 à
1274 917 52 56 la
1353 917 348 80 disposition
1727 919 100 60 des
1849 922 174 57 Amis
2050 923 70 56 de
2147 924 53 56 la
2227 926 276 78 musique
2535 927 12 57 !

110 1002 176 57 Voici
319 1002 53 56 le
407 999 410 81 télégramme,
852 999 32 59 à
916 1000 223 59 l'instar
1171 1003 71 58 de
1277 1007 155 56 celui
1467 1006 70 58 de
1573 1008 175 56 Cook
1782 1030 76 36 ou
1888 1009 69 57 de
2006 1011 183 80 Peary
2242 1033 115 58 que
2407 1013 51 71 je
2506 1036 98 37 me

103 1091 304 78 proposais
440 1089 70 58 de
543 1110 146 37 vous
723 1089 270 59 adresser.
1037 1092 231 79 Depuis
1300 1094 53 56 le
1387 1096 153 57 mois
1573 1096 251 71 dernier,
1858 1100 297 57 Astrakan
2196 1122 32 36 a
2277 1124 115 34 une
2441 1103 160 79 ligne

103 1177 71 58 de
231 1177 244 58 chemin
532 1176 72 58 de
654 1174 110 73 fer,
817 1191 57 44 et
924 1180 80 55 les
1051 1180 227 58 artistes
1330 1183 102 77 qui
1482 1183 355 59 voudraient
1885 1187 168 56 venir
2101 1187 226 59 donner
2374 1190 79 57 ici
2505 1191 99 58 des

103 1280 288 56 concerts,
451 1286 76 36 ou
579 1266 80 57 les
715 1280 296 44 amateurs
1067 1266 258 60 désirant
1382 1271 227 57 assister
1664 1271 30 57 à
1750 1272 99 59 des
1912 1272 233 61 séances
2196 1276 408 62 intéressantes

104 1354 273 58 n'auront
413 1355 130 79 plus
577 1352 30 59 à
640 1351 146 60 faire
822 1354 99 58 des
954 1356 300 58 centaines
1288 1356 70 58 de
1392 1373 216 43 verstes
1642 1380 72 37 en
1749 1360 283 60 traîneau.
2073 1362 157 60 C'est
2274 1387 113 35 une
2436 1380 167 45 toute

103 1444 187 78 petite
323 1442 383 80 promenade.
748 1444 165 57 Vous
946 1464 220 58 prenez
1199 1446 52 56 le
1288 1446 484 80 Nord-Express,
1806 1470 148 37 vous
1997 1451 119 59 êtes
2163 1454 53 56 le
2265 1455 338 59 lendemain

103 1530 32 58 à
169 1531 221 69 Berlin,
424 1531 54 56 le
511 1530 438 58 surlendemain
986 1531 30 59 à
1057 1533 307 71 Varsovie,
1415 1555 69 36 en
1536 1536 195 58 moins
1780 1536 69 59 de
1904 1539 76 57 26
2032 1539 211 60 heures
2290 1562 147 38 vous
2484 1544 121 58 êtes

102 1618 33 58 à
193 1619 285 70 Moscou,
527 1619 52 56 le
626 1619 338 57 lendemain
1015 1619 31 58 à
1096 1621 264 69 Saratov,
1410 1642 146 38 vous
1603 1623 271 80 changez
1923 1628 226 56 ensuite
2200 1630 141 56 trois
2388 1628 112 61 fois
2533 1632 71 57 de

103 1708 201 68 trains,
360 1728 147 37 vous
564 1728 198 59 passez
811 1709 53 56 la
916 1709 194 79 Volga
1157 1731 71 37 en
1280 1710 287 72 traîneau,
1620 1733 76 36 ou
1731 1733 97 37 sur
1861 1735 79 36 un
1976 1714 210 59 bateau
2285 1718 236 58 ledokal

104 1797 105 78 qui
266 1794 152 60 brise
470 1797 54 56 la
581 1798 185 76 glace,
825 1817 143 37 vous
1024 1812 289 44 traversez
1367 1799 213 57 durant
1653 1799 156 59 deux
1866 1803 157 57 nuits
2075 1818 58 42 et
2186 1826 77 36 un
2310 1806 157 77 jour,
2526 1808 80 57 les

106 1886 247 78 Steppes
386 1884 70 58 de
497 1884 326 70 Kalmouk,
859 1900 58 42 et
963 1906 147 38 vous
1157 1886 155 58 voilà
1345 1901 134 44 tout
1512 1886 139 59 frais
1684 1903 57 44 et
1776 1891 277 78 pimpant
2093 1892 141 58 dans
2267 1895 52 55 la
2354 1896 252 77 capitale

104 1973 80 57 du
240 1973 215 57 caviar.
511 1973 100 57 Un
662 1973 371 78 majestueux
1082 1975 294 58 chameau
1410 1977 291 57 attendait
1735 1977 31 57 à
1799 1980 53 56 la
1886 2000 137 58 gare
2059 2000 151 58 pour
2244 1995 363 67 transporter

104 2082 143 36 mon
282 2061 266 57 clavecin
583 2060 141 57 dans
757 2062 54 56 la
844 2063 134 56 salle
1028 2062 80 57 du
1160 2079 259 42 concert.
1465 2063 120 79 (M.
1627 2066 172 80 Lyon
1835 2066 92 57 n'a
1962 2067 204 71 jamais
2199 2067 133 59 rêvé
2378 2070 71 57 de
2497 2074 109 55 tels

104 2149 392 76 honneurs...)
541 2149 137 57 Une
713 2151 260 56 certaine
1007 2152 326 56 excitation
1371 2151 229 80 régnait
1636 2152 140 59 dans
1809 2155 53 56 la
1894 2156 159 69 ville,
2106 2157 104 78 qui
2257 2157 213 59 n'avait
2505 2182 101 57 pas

104 2259 215 37 encore
361 2258 79 37 vu
491 2236 257 59 d'artiste
797 2253 217 43 venant
1065 2240 71 56 de
1184 2239 335 81 l'étranger.
1579 2241 86 57 Le
1730 2241 213 59 mérite
2001 2244 185 58 d'être
2238 2246 51 56 le
2347 2250 259 76 premier

106 2326 143 59 n'est
304 2347 100 58 pas
452 2325 207 80 grand,
705 2329 149 56 mais
901 2329 142 57 c'est
1077 2329 267 79 toujours
1378 2344 289 45 amusant.
1708 2331 331 60 D'ailleurs.
2077 2334 319 71 Astrakan,
2431 2336 86 58 dit
2552 2338 53 57 le

122 2413 177 61 Guide
535 2414 65 57 de
728 2414 58 57 la
925 2415 195 78 Volga,
742 2429 84 43 est
861 2417 52 55 la
948 2415 292 80 première
1279 2418 135 57 ville
1456 2417 303 81 d'Europe
1808 2441 153 58 pour
2009 2441 58 36 sa
2115 2420 194 71 saleté,
2351 2425 147 56 mais
2531 2446 72 35 en

103 2502 296 59 revanche
438 2503 106 79 (sic
578 2503 36 76 !)
656 2524 232 37 aucune
921 2505 138 56 ville
1096 2527 71 36 ne
1200 2508 54 56 la
1287 2527 261 58 surpasse
1581 2528 155 59 pour
1764 2509 56 56 la
1854 2509 321 59 mortalité.
2228 2510 376 80 L'épidémie

103 2590 73 59 de
207 2592 55 56 la
297 2606 160 65 peste
492 2590 212 59 battait
738 2612 102 37 son
875 2593 159 79 plein
1073 2593 140 57 dans
1245 2594 81 57 les
1359 2596 277 57 environs
1684 2596 71 57 de
1804 2597 53 57 la
1903 2598 159 69 ville,
2103 2598 500 80 principalement

103 2681 193 80 parmi
330 2681 79 57 les
446 2679 352 60 Kalmouks.
837 2681 158 58 C'est
1033 2704 113 35 une
1180 2684 357 79 population
1573 2684 275 70 nomade,
1899 2707 72 36 au
2022 2700 142 66 type
2209 2691 247 76 mongol
2491 2688 114 60 très

103 2766 325 82 prononcé,
466 2767 174 58 d'une
675 2784 208 43 nature
917 2771 211 68 calme,
1165 2770 117 58 bon
1317 2770 203 59 enfant
1556 2786 56 43 et
1647 2771 115 60 très
1801 2773 285 59 modeste.
2140 2776 160 56 Leur
2349 2777 252 79 religion

104 2858 130 56 leur
289 2870 232 66 permet
563 2856 70 58 de
684 2857 248 79 prendre
958 2858 236 79 jusqu'à
1230 2874 284 64 quatorze
1548 2858 272 73 femmes,
1856 2876 56 42 et
1946 2862 69 57 ils
2059 2883 57 36 se
2150 2878 348 44 contentent
2533 2865 72 58 de

104 2946 166 69 trois,
304 2959 132 43 tout
470 2965 74 37 au
579 2946 130 79 plus
742 2945 72 57 de
849 2961 226 64 quatre.
1115 2949 85 56 Le
1237 2949 308 57 Kalmouk
1581 2950 105 79 qui
1721 2971 29 36 a
1783 2950 132 79 plus
1950 2950 70 57 de
2054 2952 89 56 six
2182 2950 272 60 chevaux
2487 2974 30 36 a
2550 2955 54 56 le

104 3034 158 57 droit
296 3032 73 59 de
403 3046 199 66 porter
633 3035 53 56 le
719 3035 139 56 titre
892 3036 71 56 de
999 3036 222 79 prince.
1275 3036 99 59 On
1427 3052 209 43 trouve
1669 3040 194 78 parmi
1907 3040 80 57 les
2036 3041 231 78 princes
2317 3041 98 59 des
2463 3063 141 58 gens

106 3123 105 78 qui
244 3135 200 45 savent
478 3121 106 58 lire
619 3137 57 42 et
711 3123 214 78 signer.
967 3124 48 57 Il
1048 3145 38 59 y
1119 3125 177 69 avait,
1331 3124 286 80 paraît-il,
1654 3128 286 77 quelques
1976 3129 230 77 princes
2241 3128 29 58 à
2305 3151 124 36 mes
2463 3152 107 35 con-

107 3224 169 45 certs.
338 3212 112 55 Les
498 3212 198 57 Perses
746 3225 56 44 et
851 3213 80 57 les
982 3214 323 78 Kirguizes
1354 3234 71 37 ne
1475 3228 131 44 sont
1647 3236 100 58 pas
1782 3237 116 35 non
1936 3218 129 77 plus
2100 3215 114 60 très
2248 3218 249 58 cultivés
2530 3241 73 35 au

107 3300 171 79 point
314 3298 71 58 de
417 3319 114 36 vue
564 3300 268 69 musical,
869 3302 58 54 ni
962 3302 81 57 les
1076 3303 277 56 Tartares
1387 3302 160 71 d'ici,
1590 3302 52 77 (à
1679 3304 196 57 Kasan
1900 3304 125 78 j'en
2060 3307 51 54 ai
2145 3326 80 37 vu
2260 3327 100 59 pas
2408 3309 118 56 mal
2575 3307 30 58 à

106 3407 125 37 mes
266 3387 316 79 concerts).
621 3388 88 56 Le
742 3387 206 80 public
993 3410 56 36 se
1099 3411 283 58 compose
1429 3412 250 59 presque
1727 3393 472 59 exclusivement
2249 3393 72 59 de
2371 3396 233 70 Russes,

107 3474 206 82 public
347 3477 312 70 excellent,
695 3474 114 59 très
842 3476 259 71 attentif,
1137 3477 243 80 capable
1414 3477 306 60 d'écouter
1752 3501 141 37 avec
1935 3479 234 72 intérêt,
2205 3482 157 58 deux
2396 3482 211 60 soirées

107 3563 71 59 de
212 3565 173 68 suite,
421 3563 78 57 du
534 3563 164 59 Bach
733 3577 56 43 et
825 3563 78 59 du
938 3566 328 79 Couperin,
1303 3580 57 43 et
1406 3567 130 56 d'en
1571 3565 286 59 réclamer
1890 3589 117 35 une
2050 3568 320 60 troisième.
2426 3571 50 56 Il
2524 3585 83 43 est

106 3651 345 60 intéressant
501 3653 147 58 mais
698 3653 299 79 peut-être
1047 3653 272 59 honteux
1368 3655 299 71 d'avouer,
1714 3676 115 59 que
1877 3657 52 56 la
1978 3659 284 77 province
2319 3680 157 37 russe
2524 3675 82 42 est

2577 3763 28 52 5
