3086 4257
1512 252 74 67 S.
1660 252 63 68 I.
1799 252 117 68 M.

624 322 0 0 202

466 410 282 44 concerto
797 417 70 37 en
919 394 79 60 mi
1041 395 246 79 majeur,
1340 415 106 59 par
1497 398 293 77 exemple,
1844 418 153 58 pour
2053 396 395 80 comprendre
2500 394 32 60 à
2601 398 141 77 quel
2791 398 173 78 point

465 481 500 82 l'interprétation
1017 504 127 37 sans
1200 503 256 37 nuances
1508 483 70 57 de
1632 485 202 57 Serato
1883 501 83 41 est
2002 499 167 43 toute
2204 483 376 81 mécanique.
2636 485 70 56 Sa
2739 483 226 81 fougue

467 574 283 56 italienne
806 574 92 55 n'a
948 574 52 55 le
1053 592 128 38 sens
1233 572 61 56 ni
1346 570 99 59 des
1501 574 247 70 valeurs,
1801 575 62 56 ni
1926 574 99 57 des
2075 573 253 58 variétés
2376 573 71 58 de
2715 588 58 42 et
2831 573 31 57 à
2912 575 53 56 la

466 662 222 77 longue
720 659 247 80 produit
1002 681 114 35 une
1150 657 474 80 décourageante
1676 661 351 80 impression
2081 662 71 57 de
2204 663 373 56 monotonie.
2632 661 51 57 Il
2730 659 130 59 faut
2893 682 71 37 en

466 748 293 57 revanche
795 762 170 43 noter
998 747 32 57 à
1063 769 103 35 son
1202 746 155 58 actif
1379 748 53 56 le
1459 748 124 57 soin
1621 749 150 79 qu'il
1806 772 30 35 a
1870 751 112 57 mis
2015 749 31 59 à
2079 771 56 37 se
2168 749 146 59 faire
2349 770 459 59 accompagner,
2846 771 118 36 non

465 838 133 79 plus
630 857 105 59 par
767 838 53 55 le
854 836 187 79 grand
1075 835 299 57 orchestre
1423 836 304 71 moderne,
1765 840 146 56 mais
1944 860 104 57 par
2081 860 78 36 un
2194 841 153 77 petit
2397 838 299 58 orchestre
2745 836 218 72 réduit,

465 939 205 43 autant
720 946 118 57 que
871 923 255 80 possible
1174 923 322 59 semblable
1530 923 31 59 à
1594 927 154 56 celui
1785 929 104 76 qui
1922 929 251 77 pouvait
2207 926 404 71 fonctionner,
2649 926 209 80 auprès
2893 927 71 57 de

468 1014 162 57 Bach
664 1015 340 67 lui-même,
1042 1012 141 57 dans
1218 1012 80 57 les
1332 1010 235 61 séances
1602 1014 70 57 de
1707 1016 276 78 musique
2018 1016 233 56 intime.

645 1103 160 55 Pour
838 1097 138 61 finir
1023 1122 149 35 nous
1220 1122 179 36 avons
1454 1104 53 54 la
1553 1103 124 77 joie
1736 1103 358 58 d'annoncer
2150 1125 117 58 que
2319 1104 81 57 les
2452 1101 354 82 préparatifs
2862 1104 102 58 des

465 1190 248 79 grandes
746 1191 289 58 semaines
1066 1190 313 57 musicales
1414 1191 224 58 Strauss
1671 1205 58 44 et
1765 1191 245 59 Mahler
2043 1193 71 57 de
2143 1207 168 43 notre
2338 1191 94 59 été
2461 1207 287 43 avancent
2777 1193 184 78 grand

462 1279 174 57 train.
677 1278 270 57 Munich
979 1298 74 37 va
1084 1278 123 57 être
1240 1277 321 59 désormais
1609 1278 193 72 dotée,
1839 1279 163 80 après
2038 1294 126 43 tant
2198 1280 70 57 de
2303 1280 180 57 belles
2514 1280 165 57 salles
2712 1279 72 58 de
2819 1301 109 36 con-

462 1382 124 42 cert
640 1367 247 78 grandes
920 1382 58 42 et
1011 1368 236 79 petites,
1301 1367 140 57 d'un
1496 1367 118 58 hall
1666 1367 30 58 à
1747 1367 146 59 fêtes
1942 1370 311 56 musicales
2286 1370 294 58 vraiment
2629 1368 331 80 grandiose.

466 1457 94 57 De
594 1457 164 57 telles
806 1457 440 57 constructions
1279 1458 320 78 paraissent
1634 1456 379 59 décidément
2048 1459 323 78 inaugurer
2405 1480 114 35 une
2555 1457 95 58 ère
2686 1459 277 56 nouvelle

462 1566 152 58 pour
663 1543 345 59 l'orchestre
1059 1544 306 70 moderne,
1425 1560 58 42 et
1534 1566 301 37 annoncer
1867 1547 53 56 le
1955 1561 202 43 retour
2189 1569 118 34 aux
2340 1547 435 79 compositions
2808 1567 155 59 pour

462 1633 320 58 immenses
830 1654 214 37 masses
1077 1632 283 59 chorales.
1398 1635 114 56 Les
1547 1633 364 59 dimensions
1944 1635 99 57 des
2091 1635 389 78 symphonies
2514 1633 141 59 d'un
2691 1633 268 73 Mahler,

461 1722 142 57 d'un
661 1722 244 69 Strauss,
942 1721 144 58 d'un
1121 1720 241 58 Nicodé
1418 1720 313 81 préparées
1762 1744 107 58 par
1902 1724 173 57 celles
2123 1722 99 59 des
2255 1744 230 37 œuvres
2537 1722 73 57 de
2665 1725 187 67 Liszt,
2889 1724 72 57 de

465 1809 251 58 Brahms
750 1824 57 43 et
842 1810 71 57 de
950 1809 308 58 Bruckner
1285 1824 104 43 ont
1423 1806 159 60 enfin
1618 1809 209 58 trouvé
1865 1831 79 36 un
1978 1811 262 78 premier
2272 1811 152 57 local
2451 1810 30 57 à
2507 1811 128 57 leur
2662 1812 179 56 taille.
2872 1812 89 56 Le

461 1899 224 57 monde
719 1899 71 57 de
821 1898 347 58 l'orchestre
1223 1898 466 71 Beethovenien,
1718 1900 142 56 sorti
1911 1899 98 58 des
2057 1900 165 57 salles
2270 1899 97 58 des
2399 1901 184 78 palais
2617 1899 71 57 de
2723 1900 238 57 Vienne

459 1989 200 77 risque
693 1988 71 57 de
797 1986 98 80 n'y
929 1986 124 58 être
1086 1988 133 78 plus
1252 1986 141 58 dans
1426 2008 104 36 son
1566 1986 171 58 cadre
1773 2008 116 58 que
1922 1985 270 60 renforcé
2226 1988 71 57 de
2329 1989 56 56 la
2418 1986 264 59 manière
2717 1988 147 57 dont
2904 2009 56 37 se

461 2077 372 57 scandalisait
867 2074 280 80 naguère,
1182 2074 31 58 à
1246 2089 119 42 tort
1392 2075 158 57 selon
1587 2096 168 49 nous,
1789 2089 168 43 votre
1983 2075 463 80 correspondant
2474 2077 72 57 de
2574 2077 382 58 New-York.

459 2164 223 57 Autres
715 2177 214 65 temps,
984 2177 193 43 autres
1209 2162 327 58 orchestres
1585 2177 57 43 et
1676 2178 192 43 autres
1916 2163 443 58 architectures.
2419 2166 81 55 Et
2550 2166 303 78 pourquoi
2886 2186 74 37 ne

461 2272 101 59 pas
595 2249 300 60 renforcer
927 2252 80 56 les
1040 2251 127 58 bois
1201 2251 71 57 de
1307 2251 346 58 Beethoven
1705 2253 681 78 proportionnellement
2420 2273 117 36 aux
2571 2253 206 57 cordes
2817 2256 19 54 ?
2872 2252 88 58 Là

459 2338 80 60 où
571 2361 106 37 son
702 2339 300 59 orchestre
1036 2342 365 76 comportait
1435 2361 115 37 une
1577 2341 307 79 vingtaine
1919 2342 71 56 de
2024 2342 231 57 violons
2288 2341 134 57 n'en
2455 2341 368 58 fourre-t-on
2858 2362 102 60 pas

461 2426 498 61 communément
993 2449 114 35 une
1140 2430 368 56 soixantaine
1543 2428 378 78 aujourd'hui
1953 2431 19 56 ?

2166 2532 611 57 William
2776 2532 1 57 Ritter.

1220 2851 401 67 LETTRE
1696 2852 132 66 DE
1905 2851 291 67 ROME

640 3050 85 56 La
758 3049 188 57 saison
983 3049 283 57 musicale
1300 3047 71 58 de
1408 3049 198 56 Rome
1656 3069 29 36 a
1735 3046 351 59 commencé
2136 3047 157 59 deux
2342 3050 152 57 mois
2541 3051 130 78 plus
2706 3051 88 56 tôt
2841 3072 116 57 que

459 3135 350 58 d'habitude
833 3162 13 44 ;
900 3138 108 55 elle
1060 3157 31 35 a
1141 3134 218 59 débuté
1412 3157 103 58 par
1563 3136 140 79 cinq
1752 3150 271 43 concerts
2071 3136 473 59 exclusivement
2589 3136 304 59 consacrés
2927 3138 30 58 à

461 3224 369 71 Beethoven,
891 3239 57 43 et
1006 3224 218 79 dirigés
1301 3246 106 58 par
1464 3246 79 35 un
1600 3223 146 58 chef
1792 3224 360 58 d'orchestre
2204 3227 317 69 allemand,
2565 3228 252 77 Balling.
2870 3228 87 57 Le

459 3313 418 57 monumental
928 3312 445 80 amphithéâtre
1431 3314 210 69 Corea,
1694 3312 160 80 érigé
1888 3333 98 37 sur
2020 3313 79 57 les
2131 3312 379 59 fondements
2545 3314 79 59 du
2658 3313 299 60 mausolée

458 3402 339 79 d'Auguste
830 3416 56 43 et
922 3399 352 60 transformé
1312 3423 72 36 en
1418 3402 291 57 immense
1761 3403 136 55 salle
1947 3402 69 57 de
2069 3417 243 43 concert
2366 3420 265 63 pouvant
2684 3404 273 57 contenir

458 3491 145 57 trois
637 3491 164 56 mille
837 3510 335 58 personnes,
1209 3503 82 44 est
1327 3488 232 59 devenu
1594 3489 208 79 depuis
1836 3491 145 56 trois
2029 3511 100 36 ans
2184 3492 53 56 le
2272 3506 202 43 centre
2507 3492 71 57 de
2612 3512 94 37 ces
2739 3491 182 58 exécu-

459 3580 157 57 tions
649 3578 311 57 musicales
983 3578 90 70 ;il
1107 3592 83 43 est
1247 3577 30 58 à
1313 3599 343 58 remarquer
1690 3599 117 58 que
1975 3578 388 79 Augusteum
2467 3580 104 80 (tel
2606 3595 84 43 est
2723 3581 53 57 le
2811 3601 145 37 nom
