3086 4257
1521 251 73 69 S.
1662 252 51 69 I.
1803 254 117 71 M.

637 318 0 0 200

477 391 413 60 catholicisme
946 393 311 59 d'audaces
1312 395 268 77 toujours
1634 400 131 76 plus
1821 401 267 77 grandes.
2147 401 193 80 Après
2395 402 81 57 les
2530 423 232 39 œuvres
2817 425 152 59 pour

476 500 185 59 orgue
711 481 70 58 de
833 482 256 70 Franck,
1139 484 53 55 la
1241 482 393 79 grand'messe
1690 486 70 57 de
1817 490 328 71 Bruckner,
2201 492 53 55 le
2311 491 259 79 Requiem
2624 491 71 57 de
2751 513 218 59 paysan

476 566 262 83 tchèque
773 570 71 57 de
880 570 269 71 Dvorak,
1183 571 55 56 la
1285 574 278 77 musique
1613 575 344 81 catholique
1991 578 126 58 doit
2151 579 299 80 s'inspirer
2483 580 71 57 de
2592 581 53 56 la
2677 581 95 56 vie
2807 595 57 42 et
2898 580 70 59 de

474 656 273 71 l'amour,
787 679 126 37 sans
961 658 269 58 craindre
1272 660 54 55 la
1368 660 252 59 lumière
1664 665 303 71 moderne,
2018 682 58 43 et
2126 688 71 37 ne
2238 688 100 58 pas
2372 668 311 57 demeurer
2716 668 140 58 dans
2888 669 81 58 les

474 743 359 81 pénombres
884 748 425 77 monastiques,
1345 746 147 60 dont
1525 752 108 55 elle
1667 767 83 43 est
1799 752 31 58 à
1876 768 130 43 tout
2048 755 212 78 jamais
2295 755 367 82 émancipée.
2700 758 86 57 Le
2823 755 146 60 Père

477 834 347 57 Hartmann
858 856 50 48 a,
945 854 72 37 en
1053 835 378 79 Allemagne,
1465 838 54 57 le
1572 838 203 80 public
1810 862 115 58 que
1976 844 264 57 Gounod
2292 859 100 42 eut
2445 866 71 35 en
2572 846 243 69 France,
2852 867 117 57 que

479 920 202 59 Perosi
715 943 30 35 a
777 942 74 37 en
886 923 170 56 Italie
1112 947 14 46 ;
1164 923 41 56 il
1239 937 83 43 est
1359 940 282 63 pourtant
1676 928 178 79 digne
1888 929 71 59 de
1994 932 205 57 mieux
2236 932 10 58 !
2286 933 100 57 S'il
2432 934 248 78 pouvait
2713 933 154 57 donc
2914 934 54 58 le

475 1009 244 58 devenir
752 1011 72 56 de
872 1012 137 56 n'en
1059 1013 164 56 avoir
1274 1014 132 78 plus
1440 1014 79 58 du
1571 1030 132 44 tout
1740 1017 10 58 !
1797 1020 71 76 Je
1920 1021 83 56 lui
2055 1041 72 37 en
2160 1042 158 36 veux
2352 1021 70 58 de
2474 1042 72 36 ne
2599 1042 100 59 pas
2730 1021 234 72 borner,

472 1097 145 57 c'est
650 1096 32 58 à
715 1097 126 58 dire
874 1097 238 60 hausser
1145 1120 84 38 ses
1262 1100 321 60 ambitions
1618 1102 30 60 à
1681 1125 103 37 son
1820 1107 122 57 seul
1990 1108 170 58 ordre
2194 1111 310 76 religieux.
2544 1110 77 57 Et
2660 1110 61 77 je
2757 1124 211 44 trouve

474 1206 81 37 un
588 1206 194 59 vague
832 1185 195 59 fumet
1055 1187 71 57 de
1177 1188 282 82 sacrilège
1509 1190 30 58 à
1590 1206 193 45 toutes
1816 1215 94 37 ces
1958 1194 236 82 épaules
2244 1218 162 49 nues,
2443 1199 104 78 qui
2580 1199 285 57 viennent
2908 1219 59 38 se

474 1287 267 44 montrer
788 1272 31 60 à
867 1295 68 38 ce
983 1277 223 71 moine,
1243 1277 141 59 dans
1432 1300 82 37 un
1558 1301 142 60 pays
1728 1280 104 72 où,
1868 1284 488 72 ordinairement,
2392 1308 78 35 on
2519 1307 72 36 ne
2625 1308 72 35 va
2744 1308 101 58 pas
2893 1308 74 37 au

472 1376 244 45 concert
752 1361 308 62 décolleté.
1100 1366 50 56 Il
1202 1388 73 37 ne
1326 1367 80 58 les
1437 1370 130 57 voit
1605 1370 79 57 du
1736 1387 150 41 reste
1937 1394 100 59 pas
2074 1374 53 57 !..
2185 1375 116 57 Car
2352 1376 90 55 s'il
2490 1390 83 42 est
2622 1397 116 35 une
2786 1375 179 59 chose

474 1450 146 80 qu'il
653 1454 127 54 faut
816 1450 262 81 préférer
1110 1451 32 59 à
1175 1456 53 56 la
1263 1458 279 78 musique
1576 1456 79 59 du
1691 1458 145 58 Père
1873 1460 366 71 Hartmann,
2276 1464 138 56 c'est
2464 1483 57 37 sa
2568 1463 291 58 modestie
2907 1477 58 44 et

472 1559 104 38 son
611 1541 312 69 maintien,
960 1562 132 37 sous
1139 1543 53 57 le
1225 1541 99 61 feu
1364 1544 188 60 croisé
1587 1545 98 59 des
1719 1549 234 78 regards
2001 1563 59 43 et
2107 1550 52 56 la
2192 1549 213 59 chaîne
2439 1550 98 59 des
2570 1549 394 72 décorations,

474 1648 115 60 que
623 1629 52 56 la
708 1627 201 59 vanité
945 1629 71 57 de
1050 1651 104 38 son
1190 1633 170 57 ordre
1394 1634 230 79 impose
1657 1634 32 57 à
1722 1656 103 38 son
1859 1635 282 60 humilité
2175 1652 59 43 et
2268 1638 31 57 à
2332 1660 58 36 sa
2424 1637 178 81 piété.

650 1717 100 57 Au
1114 1719 314 73 Konzertvérein,
1429 1722 98 58 MM.
1528 1723 177 59 Lœwe
1740 1740 57 42 et
1834 1727 143 56 Prill
2010 1728 355 56 continuent
2399 1726 30 58 à
2461 1726 145 58 faire
2639 1728 325 70 merveille,

474 1804 140 59 dans
639 1806 53 56 le
720 1827 127 37 sens
870 1827 115 59 que
1008 1808 108 79 j'ai
1143 1808 270 81 indiqué,
1436 1811 54 57 le
1520 1815 258 74 premier
1803 1813 234 80 prêtant
2065 1835 103 37 son
2196 1817 203 78 appui,
2429 1815 206 80 auprès
2658 1816 79 57 du
2760 1815 204 81 public

471 1891 389 75 fashionable,
895 1895 32 58 à
961 1911 167 43 toute
1154 1919 207 38 œuvre
1396 1900 285 58 moderne
1714 1902 73 57 de
1818 1903 220 70 valeur,
2066 1905 53 56 le
2146 1905 217 57 second
2398 1919 254 43 mettant
2687 1926 104 37 son
2824 1903 139 59 élite

472 1980 385 75 d'étudiants,
912 1985 307 72 d'artistes,
1270 1987 71 57 de
1390 1990 460 77 pensionnaires,
1901 2013 76 35 ou
2028 2006 132 43 tout
2210 1994 382 78 simplement
2641 1994 70 55 de
2761 1994 204 58 braves

472 2089 164 58 gens,
672 2070 31 58 à
750 2072 200 57 même
985 2072 70 59 de
1089 2074 333 81 compléter
1456 2098 115 35 une
1605 2075 320 61 éducation
1961 2081 301 69 musicale,
2297 2081 79 56 ici
2424 2102 239 35 comme
2702 2094 262 66 partout,

474 2156 309 84 beaucoup
849 2179 134 62 trop
1048 2160 294 83 générale,
1402 2185 103 59 par
1567 2165 99 58 des
1728 2166 423 60 exhumations
2215 2169 289 58 d'œuvres
2582 2169 385 79 injustement

474 2246 264 60 oubliées
771 2263 57 43 et
863 2249 374 81 dédaignées.
1277 2254 362 57 Restons-en
1674 2255 246 57 d'abord
1947 2255 30 59 à
2010 2258 261 56 celles-ci
2295 2279 11 36 :
2348 2256 150 59 Raff
2511 2279 29 36 a
2566 2278 115 37 une
2715 2256 250 59 seconde

470 2333 114 61 fois
618 2335 287 60 bénéficié
941 2339 71 57 de
1046 2343 52 54 la
1133 2340 280 60 curiosité
1449 2344 372 79 intelligente
1857 2345 69 56 de
1962 2347 98 57 M.
2100 2347 144 58 Prill
2293 2361 59 43 et
2400 2366 149 38 nous
2597 2367 179 37 avons
2819 2347 145 57 ainsi

471 2427 220 76 appris,
729 2447 114 57 que
879 2427 80 57 du
993 2442 194 66 temps
1222 2429 71 57 de
1341 2451 66 37 ce
1456 2430 214 59 maître
1703 2432 334 72 charmant,
2072 2455 80 36 un
2550 2455 151 58 pour
2748 2436 189 55 instru-

472 2527 195 44 ments
716 2513 32 60 à
804 2530 142 44 vent
997 2518 308 79 s'appelait
1361 2533 132 45 tout
1543 2522 277 57 uniment
2249 2524 113 58 Cet
2545 2523 67 59 18
2627 2523 55 70 8,
2732 2519 233 83 enjoué,

472 2603 304 76 gracieux,
813 2608 251 69 naturel,
1101 2608 147 56 mais
1300 2630 80 35 un
1432 2630 117 57 peu
1600 2607 194 74 facile,
1830 2631 72 37 ne
1937 2612 116 56 m'a
2100 2632 101 59 pas
2246 2610 166 61 laissé
2447 2632 116 37 une
2612 2612 355 79 impression

472 2691 150 57 aussi
656 2690 300 59 favorable
993 2715 114 58 que
1143 2696 77 56 les
1256 2695 176 58 belles
1467 2697 247 78 grandes
1747 2697 389 80 symphonies
2412 2714 57 43 et
2781 2697 183 79 forêt.

474 2777 50 59 Il
557 2794 83 43 est
673 2782 123 56 vrai
834 2803 117 57 que
993 2780 196 81 j'étais
1223 2786 119 55 mal
1375 2784 250 80 disposé.
1664 2786 224 57 Tandis
1923 2808 116 58 que
2090 2789 54 56 le
2177 2789 130 77 plus
2356 2785 213 61 écouté
2608 2787 98 59 des
2740 2785 195 82 profes-

472 2869 256 58 sionnels
761 2870 143 57 d'ici
936 2870 72 58 l'a
1042 2870 171 60 taxée
2033 2872 55 58 &
2090 2872 233 80 exquise.
1575 2875 85 56 Le
1698 2890 282 42 concerto
2017 2898 73 35 en
2217 2878 255 68 mineur,
2508 2898 152 58 pour
2692 2875 163 71 flûte,
2894 2876 71 57 de

476 2956 267 71 Mozart,
777 2955 253 61 exécuté
1083 2980 103 59 par
1238 2982 80 35 un
1369 2959 154 59 frère
1556 2963 69 55 de
1662 2964 97 56 M.
1799 2964 165 68 Prill,
2001 2965 217 70 Emile,
2258 2964 221 58 flûtiste
2513 2964 73 57 de
2634 2985 228 49 renom,
2911 2965 54 57 le

495 3044 255 74 Quatuor
1067 3060 98 44 concertant
1166 3069 213 36 en
1957 3048 76 58 mi
1309 3046 202 60 bémol
1544 3050 227 70 majeur
1804 3050 79 57 du
1918 3053 198 56 même
2151 3050 233 74 maître,
2420 3073 152 60 pour
2596 3054 81 56 les
2725 3053 148 71 bois,
2907 3067 58 43 et

471 3147 234 43 surtout
739 3154 57 37 sa
829 3135 311 77 grandiose
1173 3152 59 42 et
1266 3138 328 79 poignante
2789 3140 180 79 Symph
2320 3163 152 57 pour
2497 3142 203 57 violon
2733 3156 57 43 et
2824 3142 140 70 alto,

472 3218 80 61 où
601 3242 148 38 nous
799 3224 296 59 touchons
1128 3223 457 62 véritablement
1634 3227 31 58 à
1700 3228 365 70 Beethoven,
2102 3243 104 43 ont
2255 3228 223 58 alterné
2527 3251 141 37 avec
2716 3232 54 56 la
2815 3232 114 79 Sym-

467 3309 191 79 phonie
689 3323 80 68 op.
819 3331 69 39 12
932 3312 217 80 (1883)
1192 3314 70 58 de
1293 3314 269 59 Richard
1596 3317 244 70 Strauss,
1874 3317 367 58 l'ouverture
2276 3318 71 57 de
2380 3318 222 59 Dmitri
2626 3321 250 57 Donskoï
2894 3318 71 59 de

476 3398 384 71 Rubinstein,
912 3401 53 57 le
1016 3403 153 78 petit
1205 3403 255 57 rondino
1493 3426 154 57 pour
1694 3407 80 56 les
1822 3405 131 58 bois
1986 3405 72 58 de
2095 3407 54 56 la
2183 3403 244 82 période
2475 3407 371 59 adolescente
2894 3407 71 57 de

474 3487 368 71 Beethoven,
879 3502 57 45 et
970 3510 105 37 son
1109 3488 301 82 fragment
1446 3493 70 56 de
1552 3509 280 42 concerto
1868 3492 349 60 abandonné
2253 3516 72 37 en
2452 3497 245 79 majeur,
2734 3496 146 57 dont
2911 3496 54 58 le

472 3577 328 57 manuscrit
833 3591 84 45 est
968 3579 53 57 la
1072 3579 306 79 propriété
1412 3580 71 58 de
1533 3582 54 56 la
1624 3581 454 59 Philharmonie
2112 3584 71 57 de
2218 3584 254 69 Vienne,
2525 3581 156 61 enfin
2733 3605 140 37 avec
2911 3584 57 58 la
