2349 4318
748 278 332 53 BRUNO'S
1146 281 346 50 WEEKLY

2015 282 94 53 765

159 409 285 62 watching
475 410 71 50 all
579 428 142 43 your
754 413 376 51 dissentions?
1183 417 89 48 Do
1305 433 112 43 you
1450 426 101 42 not
1584 435 91 33 see
1709 419 122 50 that
1864 419 233 51 notwith-

157 474 263 58 standing
451 476 91 47 the
573 476 383 60 divergencies
988 479 60 48 of
1076 482 229 48 method
1337 483 107 48 and
1474 482 60 50 of
1563 483 197 51 tactics
1789 499 111 44 you
1932 501 91 33 are
2055 485 73 49 all

155 536 211 60 aiming
395 541 213 47 toward
640 541 91 49 the
763 558 151 33 same
946 544 163 57 goal?
1143 545 171 48 Come
1346 548 151 47 now!
1531 548 105 48 Let
1665 564 62 32 us
1760 548 138 49 have
1932 548 196 49 union!

157 601 104 48 Let
288 619 64 31 us
380 603 138 50 have
547 606 195 57 peace!
801 606 93 47 All
923 606 60 50 of
1008 624 111 42 you
1147 617 148 40 must
1323 610 151 49 unite
1505 610 40 48 if
1570 628 110 42 you
1709 611 139 50 wish
1877 620 58 41 to
1965 611 163 50 avoid

154 666 229 58 making
414 668 328 57 yourselves
777 670 304 60 inevitably
1114 690 29 30 a
1176 672 269 60 laughing
1478 676 177 47 stock.
1724 676 119 48 The
1879 676 251 49 socialist

155 730 279 49 members
474 732 61 48 of
571 733 334 57 parliament
945 734 139 50 have
1126 736 143 48 their
1308 738 105 47 bad
1454 738 204 59 points,
1699 739 98 49 but
1838 739 132 59 they
2008 739 120 50 also

155 793 138 48 have
327 794 144 48 their
504 797 149 58 good
688 813 151 32 ones.
910 798 158 58 They
1103 799 195 48 harass
1333 800 92 49 the
1460 800 303 60 bourgeois
1798 802 107 48 and
1942 810 188 42 extort

155 857 146 49 from
330 859 151 48 them
510 859 258 59 reforms,
796 861 380 57 concessions,
1205 865 72 59 by
1304 864 180 49 which
1512 882 111 42 you
1652 865 183 60 profit.
1901 866 229 50 Instead

154 920 59 49 of
242 922 290 60 attacking
561 924 169 58 them,
764 925 127 59 help
924 926 169 48 them.
1162 927 51 49 It
1243 927 112 50 will
1388 929 66 47 be
1487 929 183 48 better
1703 945 79 33 so.
1850 929 90 49 No
1973 946 155 32 more

151 987 272 58 grudges!
490 988 89 49 No
611 1005 156 33 more
799 990 222 49 hatred!
1087 991 90 48 All
1210 992 153 50 unite
1396 992 87 50 for
1515 993 93 49 the
1643 993 356 50 Revolution.

222 1051 222 49 FIRST
477 1052 686 52 SECRETARY—Who
1194 1056 43 49 is
1269 1056 110 49 this
1411 1056 282 50 intruder?

221 1114 311 51 SECOND
585 1117 586 50 SECRETARY—A
1220 1137 141 42 poor
1411 1119 208 51 fanatic
1671 1120 59 50 of
1782 1120 188 51 Christ
2018 1123 109 48 and

155 1178 214 59 Jaure's
400 1188 147 52 type,
578 1181 127 50 who
738 1198 136 43 goes
905 1199 71 33 on
1008 1183 309 62 preaching
1345 1184 94 49 the
1473 1184 323 61 discarding
1825 1185 60 50 of
1914 1185 214 61 hatred,

151 1244 107 47 and
293 1260 267 42 manages
594 1254 59 40 to
686 1246 139 62 keep
858 1247 52 47 in
945 1247 191 61 prison
1172 1249 93 48 the
1298 1249 181 49 whole
1512 1265 134 43 year
1679 1250 195 49 round.

218 1307 163 48 THE
428 1308 494 52 MOB—Remove
965 1312 137 48 him!
1183 1312 183 50 Down
1411 1312 133 51 with
1589 1313 138 49 him!
1807 1313 137 50 Hiss
1989 1313 138 51 him!

152 1371 214 50 Drown
399 1372 139 51 him!

148 1484 216 47 SCENE
394 1486 299 48 III.—Cast
720 1487 166 49 Arms
914 1489 197 48 Aside!

216 1595 162 47 THE
416 1597 454 52 MOB-—Bravo!
941 1600 184 51 Good!
1197 1604 225 48 Hurrah
1459 1606 88 48 for
1582 1607 343 51 So-and-So!
1966 1609 162 60 Long

151 1658 104 50 live
298 1659 347 62 Somebody!
724 1664 89 49 No
853 1680 156 33 more
1050 1666 221 50 hatred!
1349 1669 104 50 Let
1493 1687 63 32 us
1596 1672 182 49 throw
1818 1673 164 49 down
2024 1691 103 33 our

148 1726 176 46 arms!
392 1726 252 50 Hurrah!
712 1727 252 51 Hurrah!

216 1788 48 47 A
298 1787 463 52 SECRETARY
796 1792 102 50 OF
933 1792 915 57 SYNDICALISM—Brothers!
1914 1801 105 50 We
2055 1805 72 46 all

148 1862 150 39 must
327 1853 177 50 unite!

214 1918 50 47 A
298 1918 259 51 UNION
593 1920 580 61 DEPUTY—LTnite,
1208 1926 284 49 brothers!

214 1981 49 49 A
300 1981 842 55 SYNDICALIST—Brother
1178 1988 262 52 Socialist
1476 1992 195 49 shake!

214 2046 50 47 A
294 2045 591 55 SOCIALIST—Let
913 2068 62 32 us
1006 2053 273 58 embrace,
1309 2054 231 49 brother
1568 2055 310 51 anarchist!

214 2111 164 47 THE
415 2112 166 50 MOB
588 2114 326 50 —Hurrah!
984 2116 253 50 Hurrah!
1307 2119 104 48 Let
1445 2135 64 33 us
1543 2120 168 49 unite.
1782 2121 103 48 Let
1920 2138 62 33 us
2019 2122 82 50 dis-

148 2174 130 49 card
311 2192 102 32 our
443 2177 212 50 hatred.
722 2178 105 50 Let
858 2196 64 32 us
954 2180 120 49 face
1106 2197 102 33 our
1239 2199 263 33 common
1535 2183 117 50 foe!

208 2239 50 48 A
284 2241 247 48 VOICE
535 2242 252 49 —There
816 2244 45 47 is
889 2244 93 49 the
1009 2247 225 57 enemy!
1295 2247 127 58 Just
1449 2247 133 49 look
1608 2257 56 39 at
1690 2248 94 50 the
1812 2249 315 59 scoundrel,

148 2301 93 50 the
277 2319 200 45 scurvy
512 2305 189 50 fellow
734 2308 127 48 who
895 2309 203 48 caused
1134 2326 62 33 us
1232 2326 63 33 so
1328 2310 164 49 much
1529 2312 173 49 harm.
1773 2312 181 50 Down
1991 2313 135 49 with

148 2368 110 48 this
293 2369 207 49 bandit.

226 2432 147 60 (The
419 2450 128 33 man
592 2434 240 50 without
876 2454 29 32 a
950 2445 240 52 country
1234 2446 205 42 enters.
1519 2439 106 50 His
1671 2440 172 51 beard
1887 2441 108 50 and
2039 2441 87 51 his

148 2496 120 48 hair
303 2514 92 31 are
432 2515 153 42 gray.
658 2500 87 48 He
782 2501 45 48 is
861 2502 189 48 bound
1086 2502 133 50 with
1256 2503 244 59 fetters.)

212 2562 165 48 THE
416 2563 173 50 MAN
627 2564 391 52 WITHOUT
1058 2568 49 48 A
1149 2568 727 57 COUNTRY—Brothers
1948 2618 10 9 .
2032 2618 10 10 .
2116 2619 10 9 .

148 2624 290 60 Brothers,
468 2627 164 49 listen
664 2635 58 42 to
753 2646 88 31 me
914 2670 9 9 .
997 2671 9 8 .
1081 2633 35 47 .!

214 2690 163 48 THE
413 2691 166 50 MOB
585 2693 254 49 —Down
874 2695 133 48 with
1041 2696 140 50 him!
1250 2699 184 50 Death
1469 2709 59 41 to
1561 2702 139 50 him!

213 2754 164 49 THE
409 2756 552 52 UNIONIST—He
993 2760 282 51 criticized
1307 2779 101 33 our
1437 2766 277 50 methods.

218 2818 51 47 A
311 2818 690 54 SYNDICALIST—He
1041 2826 262 48 attacked
1342 2844 103 32 our
1486 2827 261 52 theories.

213 2883 164 48 THE
421 2884 426 52 MOB—Down
889 2888 131 50 with
1064 2891 140 48 him!
1276 2892 120 48 The
1436 2893 219 52 bandit!
1728 2897 121 50 The
1888 2900 237 49 wretch!

147 2947 120 49 The
300 2948 242 49 maniac!
609 2950 172 59 Hang
813 2952 138 48 him!
1006 2953 125 47 .Kill
1167 2954 138 50 him!
1371 2957 145 48 Tear
1551 2958 113 48 him
1698 2967 57 42 to
1789 2961 210 59 pieces!

218 3011 379 52 Commotion.
669 3015 160 60 They
869 3018 130 47 rush
1039 3034 148 43 upon
1228 3020 93 49 the
1360 3037 126 33 man
1526 3023 239 51 without
1803 3043 29 31 a
1872 3034 254 52 country.

147 3076 159 60 They
338 3077 138 59 drag
504 3077 113 49 him
648 3079 72 59 by
750 3080 93 48 the
874 3080 134 50 hair.
1073 3083 159 59 They
1263 3093 92 39 cut
1384 3085 80 48 off
1495 3085 85 50 his
1610 3088 141 48 head
1783 3090 108 47 and
1921 3090 132 50 hold
2088 3091 42 51 it

151 3157 70 44 up
261 3157 72 32 on
372 3159 29 31 a
439 3142 261 60 bayonet.
775 3143 209 50 Shouts
1023 3145 61 49 of
1119 3146 114 61 joy.
1308 3147 309 61 Socialists,
1658 3150 240 62 liberals,
1939 3154 158 59 syndi-

147 3204 207 60 calists,
385 3207 207 58 united,
622 3216 184 53 stamp
834 3226 71 33 on
936 3210 84 48 his
1050 3212 163 58 body.
1280 3212 217 51 Hatred
1529 3215 43 48 is
1603 3215 337 55 discarded.)

217 3269 367 52 CURTAIN.

153 3384 343 58 (Translated
520 3384 85 61 for
631 3387 215 46 Bruno's
880 3387 210 60 Weekly
1120 3389 63 59 by
1208 3391 169 47 Renee
1405 3390 64 49 de
1497 3394 249 57 Lacoste.)

213 3528 225 50 FIRST
984 3530 157 50 there
1182 3531 44 49 is
1267 3532 253 61 whiskey
1558 3533 183 53 which
1781 3536 193 51 makes
2012 3554 113 43 you

148 3592 187 60 happy
372 3592 107 49 and
516 3593 158 50 there
713 3593 45 50 is
793 3593 254 62 whiskey
1081 3596 183 49 which
1302 3598 193 50 makes
1531 3615 113 43 you

217 3655 313 51 SECOND
595 3657 224 50 HOBO
1127 3660 177 60 thing,
1366 3662 100 49 but
1525 3678 111 45 you
1696 3663 127 61 give
1883 3682 89 33 me
2034 3666 94 50 the

148 3720 189 59 dough
385 3720 107 50 and
540 3737 169 44 every
751 3721 256 63 whiskey
1052 3724 193 49 makes
1292 3739 89 34 me
