2349 4318
847 370 332 51 BRUNO'S
1246 373 347 49 WEEKLY

235 503 95 50 the
371 503 194 60 world,
605 504 136 51 with
779 502 75 52 all
894 504 71 51 its
1007 506 284 59 tragedies
1331 507 108 51 and
1480 507 74 51 all
1594 507 73 51 its
1707 525 311 34 romances.
2093 508 122 51 The

234 565 220 61 World,
493 567 94 50 the
626 567 150 62 daily
813 584 189 45 paper,
1038 586 113 43 you
1190 569 165 51 could
1393 572 141 56 have
1574 572 218 59 bought
1830 572 91 49 for
1959 588 31 33 a
2027 587 189 46 penny

238 631 317 60 anywhere.
634 631 79 51 Of
753 649 215 43 course,
1009 650 83 34 we
1133 650 147 35 were
1322 643 187 53 stung.
1584 637 112 49 But
1733 652 85 34 we
1860 635 148 51 liked
2050 644 58 43 to
2149 637 69 49 be

233 701 186 54 stung.
488 695 131 51 And
652 711 84 36 we
771 705 127 42 sent
930 713 104 34 our
1067 697 213 51 friends
1316 706 60 44 to
1409 699 68 51 be
1513 706 187 52 stung,
1735 708 114 42 too.

300 757 123 51 The
450 758 239 61 makeup
718 760 183 59 might
927 761 68 50 be
1025 761 278 60 different,
1334 764 99 48 but
1461 762 94 51 the
1587 764 158 49 show
1774 764 108 49 and
1913 764 94 50 the
2036 764 179 50 music

237 837 95 34 are
376 822 94 49 the
516 822 141 51 least
701 823 191 60 things
938 824 334 51 considered
1315 826 73 61 by
1432 842 102 35 our
1579 827 295 51 theatrical
1918 842 300 46 managers

237 885 163 51 when
437 887 316 59 producing
788 888 94 51 the
920 889 284 51 comedies
1240 889 61 51 of
1336 907 103 33 our
1476 907 123 34 new
1639 907 249 34 seasons.
1961 893 87 50 To
2086 893 136 50 look

237 948 90 50 for
356 967 30 31 a
417 965 123 35 new
569 950 121 60 plot
720 951 54 49 in
805 951 94 50 the
931 953 238 61 comedy
1199 971 65 33 or
1294 953 89 51 for
1413 971 30 34 a
1473 971 125 34 new
1630 955 166 50 motif
1827 955 53 50 in
1913 955 95 50 the
2040 955 179 51 music

233 1011 189 52 would
452 1014 68 51 be
549 1014 268 52 fruitless.
883 1018 109 48 But
1020 1034 103 33 our
1152 1018 188 60 public
1372 1018 44 50 is
1448 1035 65 33 so
1541 1020 510 61 accommodating,
2083 1020 135 61 they

233 1075 171 52 know
454 1077 133 61 they
637 1094 92 34 are
781 1087 186 54 stung.
1053 1081 160 61 They
1264 1098 94 33 are
1409 1082 186 61 happy
1646 1084 240 49 because
1937 1084 135 59 they
2121 1101 94 33 are

235 1148 187 52 stung,
459 1142 109 50 and
606 1143 301 60 therefore,
945 1145 134 59 they
1115 1145 113 50 will
1266 1146 139 51 send
1442 1146 146 51 their
1626 1147 230 51 friends.
1928 1148 130 50 And
2096 1150 123 49 that

235 1204 234 50 musical
518 1207 239 59 comedy
805 1225 116 33 was
971 1226 30 32 a
1051 1209 250 61 howling
1349 1226 226 35 success
1623 1211 61 50 of
1733 1212 109 49 last
1890 1228 203 35 season
2143 1230 72 34 on

237 1266 331 61 Broadway.

301 1331 121 50 The
468 1341 255 52 operette
769 1332 45 53 is
860 1334 269 61 designed
1175 1344 60 42 to
1279 1336 156 51 solve
1480 1338 95 49 the
1621 1346 293 44 tenseness
1960 1340 256 61 imposed

231 1410 153 44 upon
418 1411 65 35 us
517 1397 73 60 by
623 1397 94 50 the
750 1399 221 49 routine
1005 1400 61 49 of
1098 1401 94 50 the
1227 1401 123 61 day.
1420 1402 112 51 But
1564 1402 42 50 it
1639 1404 175 61 really
1848 1404 70 50 is:
1952 1421 70 33 an
2058 1421 128 35 over-

234 1466 123 42 ture
399 1459 61 50 of
606 1461 163 59 night
1018 1465 94 49 the
1169 1465 231 61 prelude
1460 1475 58 42 to
1578 1467 73 50 all
1710 1468 94 50 the
1863 1468 352 63 happenings

233 1522 298 52 hereafter.

304 1586 54 49 It
398 1585 129 51 isn't
568 1586 244 63 healthy.
889 1589 54 50 It
982 1589 46 51 is
1068 1589 223 64 foreign
1333 1600 60 44 to
1433 1594 94 50 the
1567 1594 140 52 lives
1747 1594 61 52 of
1844 1604 153 43 most
2036 1597 61 50 of
2135 1613 81 43 us,

235 1647 43 50 it
310 1649 46 49 is
388 1656 99 45 too
518 1659 159 43 tense
711 1651 53 51 in
799 1653 154 50 itself
986 1663 58 43 to
1076 1655 184 51 afford
1292 1673 65 34 us
1388 1658 332 52 relaxation.
1788 1660 54 50 It
1875 1660 46 51 is
1955 1678 68 33 an
2058 1677 130 35 over-

233 1713 138 50 dose
399 1713 61 51 of
487 1731 30 33 a
548 1715 292 52 stimulant
869 1719 168 50 taken
1067 1720 212 61 mostly
1308 1721 74 61 by
1410 1721 94 51 the
1534 1740 202 45 wrong
1763 1726 135 48 kind
1928 1725 61 51 of
2016 1726 202 61 people

233 1786 56 39 at
329 1778 93 50 the
459 1795 202 44 wrong
699 1781 134 49 time
873 1782 53 48 in
965 1800 202 44 wrong
1202 1785 204 61 places.
1480 1787 330 61 Therefore,
1848 1788 97 51 the
1983 1790 235 50 musical

231 1842 242 59 comedy
522 1860 73 33 on
649 1844 316 61 Broadway
1019 1847 44 49 is
1115 1857 101 41 not
1266 1866 31 33 a
1348 1851 237 59 popular
1637 1851 320 53 institution
2009 1854 61 50 of
2121 1854 93 51 the

231 1919 234 36 masses.
532 1907 55 49 It
616 1907 46 50 is
694 1917 115 49 not,
841 1910 109 49 and
981 1927 171 34 never
1184 1928 102 34 can
1317 1913 84 60 be,
1434 1931 70 33 an
1536 1914 311 61 important
1876 1924 127 54 part
2035 1917 54 50 in
2122 1919 94 51 the

234 1967 137 51 lives
407 1970 61 50 of
502 1971 217 60 people.
789 1974 121 49 The
948 1975 301 51 American
1287 1978 200 62 people
1524 1995 94 35 are
1655 1980 231 62 healthy
1922 1983 109 49 and
2068 1999 114 35 mor-

233 2031 228 52 bidness
496 2034 53 49 in
582 2035 72 49 all
689 2035 72 51 its
793 2036 206 61 phases
1032 2037 45 52 is
1109 2039 169 52 hated
1311 2058 61 33 as
1405 2041 126 51 well
1564 2059 59 33 as
1658 2060 69 33 an
1761 2053 194 53 empty
1987 2046 200 61 pocket-

233 2096 166 52 book.

301 2158 170 52 Some
504 2161 108 62 day
645 2178 84 36 we
764 2163 114 51 will
911 2164 141 52 have
1085 2183 32 35 a
1150 2167 292 63 distinctly
2089 2174 130 51 And

231 2223 141 49 until
408 2224 123 51 that
564 2225 135 51 time
733 2243 104 34 our
870 2228 372 54 showhouses
1278 2232 113 52 will
1427 2234 67 51 be
1529 2235 186 61 costly
1750 2237 188 52 curios
1973 2238 110 51 and
2119 2247 101 43 not

231 2288 240 59 popular
508 2289 370 54 institutions.

2007 2369 65 48 G.
2099 2370 58 48 B.

229 2478 267 103 Jingo
528 2479 61 102 I,
624 2482 436 103 Emperor
1091 2487 101 84 of
1224 2487 621 104 Monkeydom

597 2616 94 51 the
727 2618 278 62 monkeys
1039 2638 116 34 was
1192 2638 106 36 one
1334 2625 203 50 named
1571 2627 188 61 Jingo,
1794 2628 129 52 who
1957 2646 116 35 was
2108 2630 86 52 dis-

366 2684 229 61 pleased
626 2686 135 51 with
795 2704 169 47 every
996 2690 133 51 kind
1161 2693 62 50 of
1493 2696 189 53 While
1716 2699 95 51 the
1843 2700 196 52 others
2072 2718 147 36 were

230 2747 261 61 working
525 2750 87 51 for
647 2751 145 51 their
823 2754 151 61 daily
1006 2755 172 52 bread
1212 2756 54 51 in
1301 2759 94 50 the
1430 2769 176 43 sweat
1637 2761 63 51 of
1731 2762 145 53 their
1909 2765 206 61 brows,
2149 2769 70 49 he

233 2829 118 33 was
404 2812 273 64 lounging
727 2818 216 51 around
995 2818 181 64 lazily.
1260 2822 130 52 And
1440 2823 195 64 finally
1678 2836 75 42 lie
1804 2844 158 37 came
2012 2839 61 43 to
2124 2834 96 49 the

234 2876 330 53 conclusion
607 2874 124 56 that
770 2881 70 50 he
880 2898 117 36 was
1038 2884 185 52 better
1264 2887 136 51 than
1442 2888 86 51 his
1570 2888 516 68 fellow-monkeys,
2125 2896 65 51 be-

233 2956 167 34 cause
451 2940 67 52 he
568 2959 117 35 was
734 2953 103 42 not
884 2945 301 65 following
1233 2949 96 52 the
1377 2950 215 64 plough
1641 2971 75 34 on
1767 2956 101 52 hot
1917 2957 141 63 days
2108 2961 111 50 and

234 3003 240 52 because
518 3005 86 52 his
651 3006 180 54 hands
873 3027 148 35 were
1065 3020 102 43 not
1209 3014 139 51 hard
1391 3016 112 51 and
1546 3016 185 63 horny
1773 3019 151 52 from
1968 3022 119 52 toil.
2167 3023 55 52 It

234 3067 226 51 seemed
496 3076 58 45 to
588 3069 116 52 him
738 3070 125 53 that
896 3072 69 52 he
1000 3074 109 52 had
1145 3076 141 52 been
1322 3077 212 53 chosen
1567 3081 78 61 by
1681 3081 214 54 Nature
1931 3093 61 44 to
2026 3086 194 52 obtain

234 3130 88 50 his
358 3131 136 52 food
530 3132 90 53 for
656 3136 242 61 nothing
931 3140 109 49 and
1077 3149 60 43 to
1174 3142 68 50 be
1279 3151 212 43 master
1527 3161 137 36 over
1700 3146 73 51 all
1810 3149 211 52 others.
2091 3151 129 52 And

235 3201 59 43 to
327 3196 237 52 confirm
598 3197 110 52 this
742 3199 232 64 opinion
1007 3202 69 52 he
1109 3203 198 62 placed
1339 3224 33 33 a
1404 3222 190 37 crown
1628 3226 152 46 upon
1814 3212 89 51 his
1935 3213 160 52 head.

300 3258 52 51 A
386 3259 110 52 few
526 3262 277 63 monkeys
832 3265 133 52 who
997 3267 245 64 thought
1273 3269 87 52 his
1395 3270 241 55 laziness
1670 3276 553 61 super-fashionable

237 3324 133 58 kept
417 3324 114 49 htm
579 3342 281 48 company
905 3330 109 51 and
1061 3330 188 54 loafed
1294 3333 136 52 with
1477 3335 116 52 him
1640 3354 74 35 on
1759 3340 263 63 working
2065 3342 157 63 days.

233 3392 172 55 Jingo
441 3387 199 52 lauded
678 3386 155 56 them
869 3392 90 51 for
993 3394 130 61 this,
1156 3396 109 51 and
1300 3414 110 34 one
1443 3399 111 63 day
1588 3400 70 52 he
1693 3403 233 53 decided
1962 3414 61 43 to
2058 3408 164 52 make

237 3450 154 50 them
445 3452 225 59 princes
719 3456 108 49 and
879 3466 205 43 counts
1134 3461 112 50 and
1296 3461 227 62 barons,
1574 3466 113 51 and
1738 3467 68 50 he
1860 3471 279 61 arranged
2190 3489 33 34 a

235 3514 209 60 special
477 3532 304 47 ceremony
814 3527 60 44 to
906 3522 282 63 solemnly
1218 3526 164 51 make
1416 3526 245 65 friendly
1694 3530 211 53 loafers
1938 3536 284 52 members

234 3579 63 48 of
330 3579 86 50 his
451 3582 182 50 order.

303 3641 138 52 This
479 3660 116 36 was
635 3645 94 52 the
767 3646 186 63 origin
991 3649 62 52 of
1089 3650 304 62 kingdoms
1430 3655 111 51 and
1579 3657 394 55 aristocracies
2012 3678 207 47 among

233 3706 278 62 monkeys
550 3710 178 51 under
765 3711 173 62 Jingo
976 3714 95 51 the
1112 3715 165 52 First.
1349 3718 163 62 They
1548 3721 305 60 permitted
1893 3725 146 52 their
2077 3728 143 53 nails

234 3776 61 44 to
333 3786 160 45 grow
532 3771 152 65 long.
756 3776 163 62 They
955 3778 276 61 wriggled
1269 3780 145 52 their
1453 3784 128 50 tails
1621 3785 53 49 in
1715 3804 30 33 a
1783 3804 153 35 most
1974 3792 248 60 peculiar

234 3836 223 49 fashion
506 3838 108 50 and
662 3837 135 63 they
841 3841 192 51 curled
1080 3843 146 50 their
1270 3845 303 63 belly-hair
1617 3850 136 50 with
1801 3853 419 63 curling-irons.

237 3898 147 52 Now
442 3900 159 52 these
662 3903 362 55 distinctions
1082 3908 188 52 would
1331 3911 141 52 have
1532 3913 141 52 been
1731 3932 139 47 very
1928 3919 123 53 nice
2111 3923 111 51 and

234 3961 258 61 pleasant
538 3965 40 50 if
621 3966 94 51 the
761 3969 565 66 working-monkeys
1371 3975 188 52 would
1603 3978 136 62 only
1782 3983 141 51 have
1968 3984 129 61 paid
2139 3994 84 44 at-

232 366 96 51 760
