3485 4427
1731 175 93 56 162

164 321 78 51 ein
273 320 171 52 kleiner
473 320 128 52 Theil
633 318 79 53 des
741 317 291 64 Publicums;
1075 339 105 34 man
1216 321 172 53 konnte
1432 318 95 53 also
1573 337 156 51 sagen,

169 405 107 51 dass
308 405 231 68 derjenige
569 404 286 68 Componist,
888 405 164 52 dessen
1084 406 270 52 Herrschaft
1383 406 42 50 in
1457 405 86 49 den
1578 405 122 52 Welt-

172 489 199 59 städten,
416 487 91 51 und
552 504 134 34 wenn
731 489 83 48 wir
845 489 131 52 dabei
1007 491 125 51 nicht
1161 509 55 32 an
1249 491 87 50 den
1368 505 198 52 engeren
1595 489 136 49 Kreis

172 572 82 51 der
277 570 348 67 Eingeweihten
657 571 197 64 denken,
886 576 314 66 gegenwärtig
1231 574 293 52 entschieden
1555 572 73 60 ist,
1663 572 71 51 bei

171 674 88 34 uns
289 655 119 51 noch
440 654 85 51 fast
555 673 115 49 ganz
703 658 265 52 unbekannt
1000 678 110 33 war.
1151 660 94 50 Das
1275 677 97 33 war
1399 658 235 68 jedenfalls
1664 658 71 50 ein

172 738 296 52 Uebelstand.
526 740 109 51 Man
676 759 127 34 muss
845 744 70 49 die
945 745 182 50 Mächte
1167 744 80 51 des
1278 744 151 65 Tages
1460 743 276 67 wenigstens

172 823 197 58 kennen,
414 839 136 36 wenn
595 843 105 33 man
746 826 133 51 ihnen
922 828 115 49 auch
1082 828 124 51 nicht
1247 826 284 53 Weihrauch
1574 833 162 43 streut.

172 908 119 49 Dass
322 906 95 51 sich
447 906 144 53 daher
621 909 70 51 die
712 910 252 68 königliche
983 910 159 51 Bühne
1171 910 271 59 entschloss,
1472 910 88 50 den
1587 910 119 50 Trou-

173 992 197 60 badour,
411 992 100 52 eine
540 993 83 52 der
652 994 353 52 verbreitetsten
1037 997 175 67 Opern,
1246 1013 81 32 zur
1358 993 293 68 Aufführung
1682 1012 56 33 zu

173 1075 212 69 bringen,
416 1093 96 33 war
541 1094 89 33 nur
659 1077 80 50 mit
769 1078 133 51 Dank
931 1079 363 51 anzuerkennen.

305 1160 103 50 Von
441 1160 102 50 dem
574 1160 275 61 Eindrucke,
893 1163 89 51 den
1026 1163 82 51 der
1137 1164 254 51 Trovatore
1419 1163 81 51 auf
1536 1163 81 51 das
1649 1164 61 49 Pu-

178 1244 168 50 blicum
378 1244 210 66 gemacht
616 1246 94 57 hat,
742 1246 111 50 lässt
884 1247 92 49 sich
1002 1247 240 66 eigentlich
1274 1247 145 49 nichts
1444 1248 295 50 Bestimmtes

179 1346 155 49 sagen.
369 1328 81 50 Die
469 1328 128 69 Oper
621 1346 94 33 war
746 1329 105 51 sehr
874 1331 222 67 glänzend
1128 1338 305 61 ausgestattet
1461 1332 93 49 und
1579 1331 161 50 wurde

177 1411 251 50 theilweise
459 1412 260 67 vorzüglich
750 1413 296 69 dargestellt;
1090 1432 50 35 so
1185 1416 172 49 konnte
1401 1416 70 49 ein
1521 1416 219 66 gewisser

178 1494 160 68 Erfolg
367 1494 124 51 nicht
520 1494 283 63 ausbleiben,
847 1516 78 33 um
954 1516 51 34 so
1037 1500 144 59 mehr,
1213 1500 54 50 da
1298 1517 103 33 man
1433 1500 114 50 doch
1580 1500 159 67 irgend

179 1587 144 43 etwas
341 1580 153 50 Neues
525 1599 57 31 zu
610 1581 145 52 hören
784 1583 95 51 und
910 1602 54 32 zu
991 1585 142 50 sehen
1159 1585 229 67 verlangt;
1420 1585 94 49 und
1533 1583 207 51 dennoch

178 1663 219 51 schienen
427 1665 71 49 die
527 1666 199 51 Meisten
756 1685 56 33 zu
842 1667 169 60 fühlen,
1056 1668 104 51 dass
1200 1668 83 51 der
1312 1668 127 51 Stoff
1471 1668 81 51 der
1583 1668 126 50 Hand-

183 1747 115 67 lung
341 1748 92 50 und
477 1748 82 50 der
596 1750 123 51 Text
760 1750 291 52 abscheulich
1098 1751 92 52 und
1235 1752 73 51 die
1347 1752 149 50 Musik
1538 1751 202 52 ziemlich

184 1831 220 51 werthlos
446 1832 76 50 sei.
581 1832 231 52 Aeussere
837 1835 253 52 Umstände
1134 1836 164 50 kamen
1343 1836 150 60 hinzu,
1538 1835 70 51 die
1637 1836 105 50 dem

182 1915 189 67 Erfolge
400 1915 83 51 der
512 1916 130 69 Oper
673 1917 248 52 hinderlich
966 1938 170 34 waren.
1195 1921 85 48 Die
1307 1920 437 68 Haupt-Darsteller

183 1999 193 52 wurden
422 2000 170 61 krank;
634 2002 208 53 Johanna
887 2005 228 67 Wagner,
1159 2005 175 50 welche
1373 2005 74 50 die
1486 2005 132 51 Rolle
1664 2005 80 50 der

178 2084 277 67 Zigeunerin
487 2084 112 67 gibt,
629 2086 79 51 hat
737 2104 81 33 vor
850 2089 176 67 einigen
1047 2089 221 52 Wochen
1300 2089 128 51 ihren
1458 2088 177 52 Urlaub
1664 2107 53 31 an-

181 2174 216 61 getreten
412 2187 11 40 ;
452 2169 117 49 nach
599 2169 93 51 vier
723 2170 110 51 oder
858 2173 99 49 fünf
974 2171 373 68 Aufführungen,
1377 2190 56 33 zu
1463 2173 140 49 deren
1635 2171 88 51 letz-

179 2259 73 42 ter
289 2251 122 51 noch
452 2253 124 50 Frau
615 2254 347 70 Palm-Spatzer
1005 2273 82 33 aus
1137 2255 248 67 Hamburg
1428 2255 316 52 verschrieben

183 2335 177 59 wurde,
404 2345 177 41 musste
619 2354 107 35 man
771 2339 93 51 sich
905 2340 344 60 entschliessen,
1292 2340 80 51 das
1401 2357 120 34 neue
1552 2339 166 52 Cassen-

183 2419 132 51 stück
356 2419 67 51 bis
465 2438 106 33 zum
611 2422 221 52 nächsten
866 2424 187 50 Winter
1094 2443 56 32 zu
1192 2432 233 59 vertagen.
1482 2423 154 51 Ueber
1667 2424 80 51 das

186 2503 133 67 Sujet
348 2504 209 51 herrscht
604 2507 119 49 wohl
772 2526 88 33 nur
901 2509 113 50 Eine
1044 2509 219 59 Stimme;
1306 2527 95 33 was
1432 2508 69 51 die
1532 2508 192 51 französi-

187 2588 144 51 schen
361 2588 160 69 Opern
553 2589 206 51 früherer
789 2593 100 48 Zeit
920 2592 42 51 in
995 2593 321 51 Grausamkeit
1347 2592 208 68 geleistet
1584 2592 164 57 haben,

186 2672 59 49 ist
272 2670 121 53 noch
422 2672 146 51 nichts
593 2691 146 49 gegen
764 2674 80 51 das
865 2676 309 50 Raffinement
1204 2677 146 49 dieses
1381 2676 250 50 Italiäners.
1661 2676 87 50 Die

183 2756 154 49 Musik
369 2756 56 49 ist
452 2757 125 49 nicht
602 2775 113 49 ganz
748 2777 51 33 so
827 2761 353 58 unmenschlich,
1225 2761 110 50 aber
1367 2761 115 50 doch
1514 2761 71 49 bei
1617 2761 99 50 Wei-

183 2848 95 41 tem
327 2839 411 68 geschmackloser,
781 2843 65 51 als
892 2844 70 50 die
1004 2846 179 49 Werke
1227 2846 197 49 Bellini's
1468 2844 94 51 und
1606 2844 114 50 Doni-

184 2924 162 58 zetti's,
393 2924 92 51 und
517 2926 240 51 unendlich
788 2931 152 47 ärmer
969 2946 57 32 an
1061 2930 270 66 Erfindung.
1392 2928 141 51 Verdi
1575 2928 59 51 ist
1677 2928 71 50 ein

184 3007 282 58 Eklektiker,
511 3010 81 49 der
623 3010 86 50 den
741 3012 306 50 melodischen
1077 3012 150 51 Inhalt
1256 3031 87 32 von
1374 3013 155 50 seinen
1560 3012 167 50 italiäni-

184 3092 139 51 schen
352 3092 306 67 Vorgängern
691 3096 205 49 entlehnt
936 3096 92 51 und
1061 3096 73 51 ihn
1167 3097 80 50 mit
1280 3096 338 69 rhythmischen
1653 3095 94 52 und

184 3176 381 51 instrumentalen
599 3177 256 52 Gewürzen
887 3198 81 33 aus
1000 3181 81 50 der
1113 3181 334 50 französischen
1477 3180 160 49 Küche
1668 3198 51 31 zu-

184 3258 206 53 bereitet.
422 3261 86 51 Die
534 3261 241 67 Wirkung
806 3264 80 49 auf
911 3265 70 48 die
1011 3265 153 49 Masse
1194 3265 174 49 scheint
1394 3265 80 49 das
1504 3264 211 50 vornehm-

186 3342 159 51 liebste
365 3345 91 49 Ziel
484 3346 146 50 seines
653 3346 249 60 Strebens;
934 3347 43 50 in
1002 3349 501 49 einzelnenMelodieen
1534 3346 211 51 herrscht

186 3427 101 51 eine
318 3427 245 51 Trivialität
593 3430 79 51 des
699 3431 261 69 Rhythmus
1005 3432 90 50 und
1141 3432 81 49 der
1254 3432 264 56 Harmonie,
1564 3431 71 50 die
1675 3430 72 51 für

181 3512 130 65 jedes
356 3530 88 32 nur
491 3514 168 66 einiger
686 3516 211 50 Maassen
944 3515 222 50 civilisirte
1200 3516 102 50 Ohr
1347 3514 285 68 beleidigend
1675 3515 72 50 ist.

187 3594 95 51 Uns
313 3595 96 51 sind
441 3614 81 32 aus
554 3598 114 49 allen
699 3599 310 51 italiänischen
1042 3600 160 67 Opern
1250 3617 196 33 neuerer
1475 3599 115 57 Zeit,
1631 3599 116 49 auch

186 3697 82 31 aus
300 3679 88 49 den
422 3679 229 61 besseren,
682 3683 201 50 einzelne
899 3683 254 50 Melodieen
1180 3683 215 58 bekannt,
1425 3684 42 48 in
1499 3683 146 49 denen
1675 3681 73 52 die

187 3763 330 67 Componisten
560 3765 146 50 nichts
736 3766 208 51 Anderes
985 3768 203 49 erstrebt
1228 3786 54 31 zu
1327 3766 148 51 haben
1521 3766 226 56 scheinen,

184 3846 67 50 als
358 3846 68 50 ich
460 3864 126 33 muss
619 3848 117 49 mich
769 3849 144 52 dieses
944 3852 300 50 Ausdruckes
1275 3850 223 51 bedienen
1613 3850 132 50 einen

182 3930 246 66 möglichst
469 3930 366 52 vollkommenen
868 3934 320 51 Gassenhauer
1228 3953 55 32 zu
1316 3934 173 50 Stande
1531 3951 54 33 zu
1620 3932 98 50 brin-

183 4032 116 49 gen;
331 4014 139 51 Verdi
502 4014 77 50 hat
610 4015 63 50 sie
706 4017 103 48 weit
840 4018 126 49 darin
997 4019 296 51 übertroffen.
1325 4018 129 51 Aber
1486 4017 70 50 bei
1589 4017 155 50 Bellini

183 4099 92 50 und
308 4098 232 51 Donizetti
578 4099 112 50 wird
724 4117 99 32 man
859 4100 142 50 durch
1033 4102 165 49 andere
1230 4104 177 50 Scenen
1443 4100 301 67 entschädigt,

179 4184 45 50 in
257 4183 162 61 denen,
472 4201 133 33 wenn
638 4183 113 51 auch
785 4184 127 51 keine
944 4184 117 60 tiefe,
1104 4203 51 33 so
1199 4186 115 52 doch
1355 4187 98 51 eine
1495 4193 123 43 zarte
1650 4186 92 50 und

1826 320 131 59 feine,
2001 318 100 54 eine
2142 320 204 53 förmlich
2394 318 324 55 wohlthuende
2749 317 313 71 Empfindung
3093 317 298 65 hervortritt;

1827 405 72 51 bei
1943 402 138 54 Verdi
2128 406 58 51 ist
2229 406 148 52 dieser
2427 415 123 42 zarte
2599 406 114 50 Duft
2766 402 82 51 der
2888 402 309 51 italiänischen
3241 406 152 51 Musik

1828 505 122 34 zwar
1979 489 126 50 nicht
2136 490 205 67 gänzlich
2371 490 379 57 verschwunden,
2791 487 110 51 aber
2931 486 116 51 auch
3080 504 86 33 nur
3197 489 121 50 noch
3347 490 44 49 in

1828 574 155 51 seinen
2027 574 169 52 letzten
2227 576 183 68 Spuren
2453 575 278 52 vorhanden.
2791 574 156 51 Wenn
2989 571 153 51 indess
3182 589 87 34 von
3302 574 60 51 Be-

1829 656 258 69 friedigung
2129 659 198 52 höherer
2356 659 272 70 Ansprüche
2667 659 87 49 fast
2792 656 214 69 nirgends
3048 655 70 51 die
3147 655 131 51 Rede
3320 656 73 60 ist,

1829 759 52 33 so
1912 741 110 51 lässt
2053 741 92 52 sich
2176 743 117 50 doch
2323 744 137 49 Eines
2491 743 122 50 nicht
2642 743 213 67 läugnen,
2890 740 80 51 das
2986 739 203 52 formelle
3208 740 153 69 Opern-

1829 826 229 66 geschick,
2096 828 80 49 das
2206 826 87 51 den
2324 828 307 51 italiänischen
2662 826 330 69 Componisten
3022 823 117 53 eben
3170 842 51 33 so
3253 843 112 51 ange-

1832 909 142 52 boren
2006 910 189 59 scheint,
2225 910 85 51 wie
2340 910 89 52 den
2457 910 334 52 französischen
2815 909 219 51 Dichtern
3064 909 78 51 das
3173 909 216 52 Bühnen-

1830 995 177 52 Talent.
2053 997 99 49 Nur
2181 995 202 51 dadurch
2411 995 184 52 können
2627 997 82 49 wir
2741 1012 85 34 uns
2858 995 86 50 den
2973 994 160 67 Erfolg
3165 994 226 60 erklären,

1832 1078 89 51 den
1964 1079 82 52 der
2086 1080 254 51 Trovatore
2380 1087 121 44 trotz
2545 1080 83 50 der
2670 1079 273 67 Nichtigkeit
2986 1078 94 51 und
3114 1078 279 68 Widrigkeit

1833 1163 147 51 seines
2009 1163 173 51 Inhalts
2223 1162 170 68 gehabt
2431 1164 93 51 hat.
2578 1164 285 51 Namentlich
2907 1163 176 50 enthält
3126 1163 81 51 der
3252 1163 141 53 vierte

1833 1248 90 50 Act
1946 1246 201 52 einzelne
2169 1249 196 57 Scenen,
2396 1248 43 51 in
2469 1248 146 52 denen
2646 1248 92 50 sich
2770 1248 122 50 diese
2923 1247 203 51 formelle
3149 1247 216 52 Geschick-

1832 1329 180 51 lichkeit
2040 1348 52 33 so
2120 1332 202 66 steigert,
2354 1332 103 51 dass
2486 1350 101 33 man
2619 1329 199 52 darüber
2849 1332 84 48 fast
2963 1329 71 51 die
3066 1329 296 52 Unbedeuten-

1834 1414 93 50 heit
1957 1413 80 51 des
2068 1414 298 68 eigentlichen
2397 1416 171 51 Inhalts
2609 1432 244 50 vergessen
2883 1414 136 58 kann,
3057 1432 79 32 um
3166 1432 51 33 so
3249 1416 144 57 mehr,

1833 1498 65 51 als
1943 1497 94 52 hier
2081 1498 115 51 auch
2242 1500 81 49 der
2374 1500 268 68 Componist
2686 1497 190 52 bemüht
2933 1515 214 49 gewesen
3194 1517 54 32 zu
3296 1500 95 49 sein

1835 1582 190 59 scheint,
2055 1582 70 51 die
2164 1583 195 69 Klippen
2392 1583 78 52 des
2504 1583 298 51 künstlerisch
2835 1581 274 51 Unschönen
3141 1582 91 51 und
3259 1600 106 49 gera-

1835 1667 114 50 dezu
1983 1667 334 51 Verletzenden
2363 1686 52 32 zu
2462 1667 273 51 vermeiden.
2793 1668 93 49 Für
2915 1665 156 50 Italien
3116 1682 104 51 mag
3252 1667 138 50 Verdi

1835 1751 117 51 noch
1984 1752 99 50 eine
2121 1751 256 52 besondere
2407 1752 274 68 Bedeutung
2718 1751 165 57 haben,
2928 1751 40 50 in
3000 1766 51 33 so
3083 1751 95 48 fern
3210 1768 50 31 er
3290 1751 78 50 der-

1830 1835 153 67 jenige
2026 1835 71 58 ist,
2136 1836 82 50 der
2262 1836 87 51 den
2379 1836 408 69 eigenthümlichen
2820 1834 82 52 Stil
2948 1835 81 49 der
3058 1834 336 50 französischen

1837 1920 129 67 Oper
1997 1920 216 66 gewisser
2243 1921 208 50 Maassen
2481 1920 186 51 italisirt.
2724 1920 139 49 Jedes
2895 1917 119 51 Volk
3046 1917 76 50 hat
3152 1916 79 52 das
3263 1919 105 50 Stre-

1838 2002 103 59 ben,
1973 2004 77 49 das
2081 2004 90 49 ihm
2205 2005 194 51 Fremde
2430 2004 91 51 sich
2552 2005 81 50 auf
2657 2005 70 50 die
2758 2004 88 48 ihm
2879 2005 210 65 gemässe
3121 2002 162 53 Weise
3314 2020 54 32 an-

1838 2088 235 66 zueignen.
2103 2086 102 52 Und
2237 2088 174 50 sowohl
2443 2088 179 50 Rossini
2652 2088 64 50 als
2745 2086 155 51 Bellini
2931 2085 93 51 und
3056 2085 227 51 Donizetti
3318 2086 51 50 ha-

1838 2170 88 51 ben
1957 2171 201 50 einzelne
2176 2173 160 68 Opern
2359 2170 311 69 geschrieben,
2700 2173 41 49 in
2773 2171 147 50 denen
2951 2187 48 31 es
3029 2169 135 51 ihnen
3192 2188 79 32 um
3296 2170 99 51 eine

1837 2255 393 67 Verschmelzung
2248 2256 80 51 des
2357 2255 305 52 italiänischen
2685 2255 93 51 und
2806 2253 331 52 französischen
3159 2254 236 51 Elements

1839 2357 55 30 zu
1926 2338 113 51 thun
2072 2357 110 33 war.
2237 2340 95 50 Für
2373 2358 138 33 unser
2542 2340 163 51 Gefühl
2738 2339 97 51 sind
2874 2356 51 33 es
2954 2336 124 51 nicht
3108 2338 95 49 ihre
3232 2336 163 53 besten

1839 2424 206 57 Werke;
2076 2423 118 51 denn
2227 2424 62 51 sie
2318 2425 98 51 sind
2448 2425 42 51 in
2520 2424 81 51 der
2631 2424 257 66 Erfindung
2919 2423 213 49 meistens
3159 2422 207 50 unbedeu-

1841 2508 162 49 tender
2046 2508 92 49 und
2181 2508 146 52 haben
2369 2518 143 42 etwas
2538 2509 222 57 Stilloses,
2803 2505 432 52 Unentschiedenes.
3288 2507 107 50 Man

1842 2590 103 51 darf
1969 2590 109 51 aber
2109 2592 121 51 nicht
2261 2594 274 57 verkennen,
2566 2594 103 49 dass
2689 2592 239 52 Versuche
2958 2590 146 50 dieser
3128 2592 104 58 Art,
3263 2608 133 33 wenn

1842 2674 66 51 sie
1951 2676 116 49 auch
2111 2676 358 66 augenblicklich
2516 2674 335 71 unerquicklich
2912 2674 93 50 sein
3064 2678 185 62 mögen,
3309 2692 86 33 von

1842 2759 146 50 einem
2021 2759 203 51 höheren
2256 2761 451 50 culturhistorischen
2726 2759 319 66 Standpunkte
3075 2776 80 32 aus
3188 2758 182 51 betrach-

1843 2850 83 52 tet,
1969 2842 99 51 eine
2106 2843 401 69 Nothwendigkeit
2553 2843 93 51 und
2691 2844 69 50 ein
2802 2842 274 49 Fortschritt
3119 2842 113 51 sind.
3292 2843 106 50 Wir

1843 2924 212 69 glauben,
2107 2927 103 51 dass
2244 2928 136 50 Verdi
2423 2928 124 51 diese
2577 2928 276 65 Bedeutung
2891 2926 71 49 für
2991 2926 156 49 Italien
3192 2927 91 56 hat,
3328 2927 71 50 die

1841 3010 259 50 Aufnahme
2131 3012 78 48 des
2242 3012 331 51 französischen
2590 3013 235 49 Elements
2855 3012 42 48 in
2929 3011 79 48 das
3038 3010 224 49 nationale
3293 3029 103 31 zum

1841 3092 255 52 Abschluss
2128 3114 53 30 zu
2214 3096 174 51 führen.
2420 3097 50 50 In
2500 3114 52 33 so
2584 3096 95 49 fern
2711 3096 77 49 hat
2817 3095 114 49 auch
2963 3111 50 32 er
3043 3093 125 51 seine
3197 3095 169 49 Berech-

1839 3178 165 68 tigung
2045 3178 42 50 in
2129 3180 81 49 der
2241 3181 141 50 Reihe
2425 3181 89 57 der.
2542 3181 325 67 Componisten
2906 3180 145 48 seines
3080 3178 316 55 Vaterlandes,

1841 3262 203 66 weniger
2074 3264 142 49 durch
2250 3265 95 57 das,
2377 3283 93 31 was
2501 3283 51 31 er
2582 3264 141 49 selbst
2752 3264 56 49 ist
2840 3262 91 51 und
2962 3262 161 56 leistet,
3156 3262 64 50 als
3252 3264 143 49 durch

1841 3346 95 59 das,
1971 3346 153 51 wohin
2166 3347 68 51 die
2275 3366 86 32 von
2392 3349 90 49 ihm
2514 3355 257 43 vertretene
2802 3347 231 65 Richtung
3064 3346 158 50 führen
3258 3347 132 50 kann.

1839 3430 96 49 Für
1964 3429 157 52 Italien
2152 3431 203 50 entsteht
2384 3432 98 50 eine
2512 3431 337 66 Bereicherung
2879 3429 219 58 dadurch,
3140 3430 70 48 die
3241 3431 41 48 in
3315 3430 81 49 der

1839 3512 205 51 Zukunft
2100 3532 56 33 zu
2209 3515 207 57 reiferen,
2474 3515 386 51 einheitsvolleren
2923 3514 89 49 und
3061 3512 333 69 gediegeneren

1839 3598 327 67 Schöpfungen
2197 3599 159 51 führen
2388 3599 132 57 kann,
2550 3599 64 51 als
2647 3599 70 51 die
2750 3599 216 63 heutigen
2998 3596 110 51 sind.

1965 3683 84 49 Die
2079 3681 294 69 Aufführung
2403 3684 78 51 des
2511 3685 253 48 Trovatore
2797 3699 94 33 war
2923 3681 249 51 theilweise
3205 3684 164 62 vorzüg-

1841 3765 83 50 lich
1959 3783 53 32 zu
2042 3783 195 36 nennen.
2295 3768 282 51 Namentlich
2623 3766 231 50 zeichnete
2896 3766 91 50 sich
3022 3766 118 49 Frau
3173 3765 225 48 Köster

1841 3849 63 50 als
1937 3850 211 49 Leonore
2192 3850 141 51 durch
2380 3852 71 49 die
2495 3849 308 52 untadelhafte
2846 3848 285 52 Correctheit
3178 3846 91 50 und
3316 3846 79 50 das

1841 3933 299 51 dramatische
2172 3935 150 50 Feuer
2360 3935 121 50 ihres
2512 3935 234 65 Gesanges
2787 3951 96 33 aus.
2948 3932 151 49 Fräul.
3133 3932 265 64 Wagner

1839 4015 89 68 gab
1959 4017 68 49 die
2058 4019 272 66 Zigeunerin
2361 4019 80 50 mit
2470 4019 86 48 fast
2590 4036 52 31 zu
2675 4018 171 66 grellen
2873 4015 203 59 Farben;
3107 4015 292 51 maassvoller

1841 4100 158 50 wurde
2030 4102 122 51 diese
2181 4103 131 50 Rolle
2345 4121 85 32 von
2458 4103 120 48 Frau
2613 4102 462 66 Palm-Spatzer
3117 4098 282 67 dargestellt,

1839 4202 54 32 an
1928 4184 81 51 der
2040 4187 81 49 wir
2152 4186 258 67 überhaupt
2431 4193 118 43 trotz
2576 4184 215 52 mancher
2816 4183 281 52 natürlichen
3114 4183 282 51 Schwächen
