3324 4572
584 458 45 39 18

702 633 642 157 Tribüne
1410 641 264 149 der
1740 643 480 150 Kunst
2289 646 318 147 und
2670 646 302 147 Zeit

1390 831 369 57 Herausgeber:
1790 832 210 47 Kasimir
2029 832 256 48 Edsdimid

804 961 192 38 Künstler
1024 964 69 36 mit
1122 963 108 38 ihrer
1265 963 262 50 Konfession,
1563 966 207 46 Gelehrte,
1805 967 64 37 die
1898 966 233 38 Sachliches
2160 966 243 38 dichterisch
2433 979 47 24 zu
2510 977 118 38 sagen
2659 969 158 44 wissen,
2854 966 116 38 Essa-

699 1024 145 46 yisten,
874 1023 64 37 die
962 1025 108 37 nicht
1100 1024 237 48 spielerisch
1370 1026 264 48 „zerfasern“,
1663 1028 176 37 sondern
1864 1028 219 47 produktiv
2112 1030 52 35 im
2196 1028 265 47 eigentlichen
2492 1028 97 37 Sinn
2620 1028 71 37 der
2721 1028 133 37 Kritik
2882 1027 88 38 auf-

701 1084 141 46 bauen,
871 1085 212 37 schreiben
1113 1086 88 37 hier
1229 1098 47 26 an
1306 1089 113 35 einer
1447 1088 163 38 kleinen
1641 1088 247 39 Geschichte
1917 1101 168 26 unserer
2114 1090 129 36 Kunst
2273 1090 81 36 und
2384 1100 167 27 unserer
2580 1090 98 39 Zeit.

1589 1211 174 47 Bisher
1792 1213 301 46 erschienen:

700 1298 210 48 Schickele,
949 1302 83 36 Der
1060 1310 147 29 neunte
1237 1303 235 38 November
1496 1302 303 50 (Doppelband)

707 1357 210 51 Wolfradi,
947 1363 76 38 Die
1053 1375 103 26 neue
1186 1364 151 38 Plastik

698 1422 132 47 Bonn,
862 1425 80 36 Das
972 1425 194 38 moderne
1196 1426 66 37 Ich

698 1483 137 48 Hiller,
867 1484 117 39 Geist
1011 1488 134 36 werde
1176 1488 108 36 Herr
1312 1486 303 50 (Doppelband)

700 1545 283 49 Mierendorff,
1015 1548 118 37 Hätte
1163 1549 64 37 ich
1257 1550 70 37 das
1357 1550 107 37 Kino

697 1606 217 47 Harilaub,
943 1609 77 37 Die
1049 1621 103 26 neue
1182 1611 193 37 deutsche
1403 1611 187 48 Graphik

696 1668 126 46 Krell,
853 1661 111 47 Über
992 1682 103 27 neue
1125 1672 125 37 Prosa

700 1731 310 47 Schöpferische
1042 1733 250 38 Konfession

1864 1303 225 47 Edsdimid,
2132 1297 111 47 Über
2281 1307 78 36 den
2400 1307 379 47 Expressionismus
2819 1307 38 35 in
2901 1305 71 37 der

1918 1368 195 37 Literatur

1864 1427 198 48 Daubier,
2092 1430 56 36 Im
2179 1429 149 48 Kampf
2356 1441 66 25 um
2453 1430 63 37 die
2547 1430 193 36 moderne
2771 1428 131 37 Kunst

1864 1489 181 46 Bekker,
2076 1491 115 37 Neue
2221 1491 138 37 Musik

1865 1550 290 47 Hausenstein,
2187 1543 112 47 Über
2328 1554 76 35 den
2431 1553 376 47 Expressionismus
2837 1553 39 34 in
2901 1550 70 37 der

1917 1612 167 38 Malerei

1866 1672 151 39 Müller
2021 1695 17 8 -
2049 1670 209 50 Wulckow,
2286 1674 161 37 Aufbau
2456 1697 17 6 -
2482 1674 258 38 Architektur

1867 1733 103 47 Goll,
2001 1737 77 36 Die
2107 1737 85 36 drei
2222 1744 118 40 guten
2372 1736 163 38 Geister
2565 1735 263 38 Frankreichs

1377 1827 132 45 Preis
1547 1827 89 46 des
1673 1827 290 47 Bändchens
2000 1829 281 45 3Mark

702 2010 401 76 ERICH
1182 2012 353 76 REISS
1601 2015 551 96 VERLAG,
2218 2015 477 76 BERLIN
2746 2015 73 73 W
2819 2015 148 73 62

1196 2403 264 117 DIE
1516 2403 447 122 ROTE
2019 2403 447 117 ERDE

733 2551 894 66 MONATSSCHRIFT
1670 2541 190 74 FÜR
1909 2551 340 66 KUNST
2295 2554 200 63 UND
2541 2554 378 63 KULTUR

1192 2641 425 42 HERAUSGEBER:
1632 2642 140 39 KARL
1783 2642 215 41 LORENZ
2008 2651 23 28 /
2044 2642 146 41 ROSA
2201 2642 275 41 SCHAPIRE

1194 2722 62 28 Die
1265 2723 81 27 Rote
1357 2721 86 29 Erde
1456 2722 119 39 pflegt]
1582 2723 118 37 üngste
1709 2722 339 38 expressionistische
2057 2723 102 28 Kunst
2170 2723 59 27 mit
2235 2723 84 28 allen
2330 2723 146 28 Kräften.

1193 2762 58 29 Die
1267 2763 80 28 Rote
1369 2762 86 29 Erde
1481 2763 40 28 ist
1539 2763 55 28 die
1613 2764 129 37 einzige
1757 2764 191 28 Zeitschrift
1966 2763 60 28 der
2043 2763 88 28 Welt
2154 2763 54 29 die
2226 2764 71 27 sich
2319 2763 56 28 die
2396 2764 79 28 Auf-

1189 2804 87 38 gabe
1307 2805 146 36 gestellt:
1489 2805 60 28 Die
1575 2804 83 29 Erde
1681 2805 55 28 für
1760 2803 55 29 die
1839 2813 117 29 grosse
1980 2805 198 28 kommende
2204 2805 273 28 Menschlichkeit

1190 2844 176 38 gründlich
1376 2845 263 29 vorzubereiten.
1651 2846 67 28 Alle
1728 2846 154 28 Künstler
1894 2854 142 20 unserer
2043 2845 79 39 Zeit,
2130 2845 52 28 die
2189 2846 55 27 für
2253 2845 57 28 das
2322 2847 152 26 Mensch-

1190 2885 308 30 heits-Erde-Werk
1511 2894 60 21 von
1588 2886 195 39 Bedeutung
1797 2885 84 40 sind,
1895 2885 149 30 arbeiten
2061 2887 56 28 mit
2135 2896 39 19 an
2194 2885 60 30 der
2272 2887 101 28 Roten
2390 2886 84 29 Erde

1192 2962 910 31 MITARBEITER
2185 2963 290 30 SIND

727 3016 84 34 Kurt
829 3015 90 35 Bock
943 3025 24 26 /
997 3015 106 46 Georg
1126 3015 151 46 Brittting
1305 3025 23 26 /
1357 3016 113 34 Alfred
1488 3016 101 34 Brust
1615 3026 22 26 /
1664 3017 116 34 Albert
1798 3016 192 34 Ehrenstein
2018 3026 23 26 /
2070 3016 82 34 Paul
2178 3016 40 33 Ulf,
2247 3015 112 35 Eisold
2378 3026 23 26 /
2429 3016 122 46 Lyone!
2573 3016 170 46 Feininger
2768 3028 23 24 /
2818 3018 120 34 Rudolf

728 3066 97 35 Fried
826 3079 95 22 mann
949 3077 24 26 /
1000 3067 86 34 Erna
1109 3066 136 35 Ger!ach
1274 3076 23 26 /
1329 3067 134 34 Werner
1483 3067 132 35 Goihein
1643 3068 80 35 /0.
1747 3068 39 33 M.
1811 3068 84 33 Graf
1923 3068 122 33 Walter
2066 3067 170 34 Gramatte
2263 3066 85 36 /A.
2373 3068 40 33 de
2435 3068 89 34 Haer
2544 3078 22 25 /
2590 3068 108 47 Sylvia
2721 3080 59 22 von
2803 3069 132 34 Harden

732 3118 41 34 W.
789 3118 32 34 G.
834 3118 181 35 Hartmann
1033 3129 23 25 /
1074 3118 93 34 Erich
1180 3118 122 35 Hecke!
1308 3125 25 28 /
1345 3118 80 34 Kurt
1435 3118 158 47 Heynicke
1604 3126 24 28 /
1641 3119 87 34 Hans
1740 3120 204 45 Jauquemar
1952 3126 25 28 /
1989 3118 96 35 Ed/ef
2091 3118 129 45 Kuppen
2234 3128 22 25 /
2268 3118 81 34 Kar!
2356 3118 109 35 Kriete
2477 3120 69 35 /A.
2559 3120 122 33 Rudolf
2687 3119 130 35 Leinert
2825 3127 25 28 /
2864 3120 76 34 Carl

729 3170 110 33 Mense
870 3177 24 28 /
926 3170 121 34 Rudolf
1068 3170 113 33 Mense
1212 3176 25 29 /
1268 3169 85 34 Emil
1375 3170 146 33 Maetzel
1543 3177 25 28 /
1602 3170 169 34 Paulfried
1794 3171 147 33 Martens
1968 3177 24 28 /
2019 3169 208 34 Felixmüller
2251 3177 25 28 /
2304 3169 74 35 Otto
2406 3170 115 34 Müller
2545 3178 25 28 /
2601 3170 139 35 Wilhelm
2767 3170 172 48 Niemeyer

732 3221 121 34 Walter
868 3221 120 47 Petrey
1003 3228 24 29 /
1044 3221 79 34 Max
1139 3221 170 35 Pechsiein
1326 3228 25 28 /
1372 3221 122 34 Walter
1508 3221 142 34 Rheiner
1663 3228 25 28 /
1709 3221 79 34 Willi
1801 3221 115 35 Reindl
1928 3228 24 28 /
1969 3221 87 34 Rene
2074 3221 167 34 Schicke/e
2257 3228 24 28 /
2299 3221 306 35 Schmidt-Rottluff
2622 3229 24 28 /
2668 3222 103 34 Anton
2788 3222 151 34 Schnack

727 3271 163 35 Hermann
913 3272 135 34 Schütte
1070 3280 24 28 /
1117 3272 118 34 Martin
1258 3272 187 34 Schwemer
1468 3279 25 29 /
1525 3271 79 35 Willi
1630 3272 185 46 Tegtmeier
1833 3280 24 28 /
1879 3272 116 35 Alfred
2011 3272 207 35 Wolfenstein
2239 3280 25 28 /
2286 3272 168 34 Friedrich
2475 3273 84 35 Wolf
2575 3280 25 28 /
2624 3273 74 34 Otto
2715 3273 112 35 Zarek
2847 3286 29 22 u.
2905 3286 30 22 a.

1190 3356 1284 32 BEZUGSBEDINGUNGEN

733 3409 40 27 Es
802 3408 198 29 erscheinen
1030 3409 37 27 12
1094 3409 100 27 Hefte
1218 3409 40 27 im
1284 3410 93 28 Jahr.
1425 3409 64 28 Der
1515 3408 96 28 Preis
1632 3408 57 28 für
1712 3407 61 29 das
1801 3408 181 28 Einzelheft
2007 3408 132 39 beträgt
2164 3409 30 27 in
2219 3408 62 28 den
2309 3409 137 27 meisten
2477 3409 109 27 Fällen
2613 3417 49 21 ca.
2688 3409 59 28 Mk.
2773 3409 31 28 3.
2812 3425 33 4 —
2893 3410 40 26 Im

729 3450 351 28 Jahresabonnement
1125 3450 60 30 Mk.
1214 3450 58 28 30.
1277 3466 49 12 —.
1388 3449 304 38 Vorzugsausgabe
1736 3449 58 28 auf
1832 3453 111 35 gutem
1987 3450 120 37 Papier
2145 3449 166 39 gedruckt
2347 3449 149 38 jährlich
2536 3450 36 27 12
2611 3450 96 28 Hefte
2748 3450 62 29 Mk.
2849 3450 85 28 250.

1193 3491 63 28 Die
1281 3490 299 39 Vorzugsausgabe
1631 3489 80 29 wird
1768 3499 62 19 nur
1877 3499 40 19 an
1963 3489 269 29 Subskribenten
2279 3490 196 38 abgegeben

1192 3568 61 28 Die
1294 3569 80 26 Rote
1411 3567 87 28 Erde
1539 3567 41 28 ist
1623 3566 110 29 durch
1778 3567 61 28 alle
1885 3566 159 29 besseren
2086 3568 110 27 Buch-
2242 3565 64 30 und
2351 3567 116 28 Kunst-

1189 3607 224 40 handlungen,
1437 3607 107 30 durch
1571 3607 56 30 die
1653 3609 80 27 Post
1754 3607 84 30 oder
1862 3607 112 30 direkt
1996 3617 71 20 vom
2095 3609 120 37 Verlag
2240 3617 37 18 zu
2305 3607 159 28 beziehen

745 3730 328 63 VERLAG
1111 3730 132 61 DIE
1279 3730 221 63 ROTE
1530 3730 224 61 ERDE
1779 3730 23 63 /
1825 3730 414 63 HAMBURG
2267 3732 28 61 1
2317 3732 28 64 /
2363 3732 498 64 ALSTERTOR
2889 3735 46 61 2
