3348 4572
1285 452 140 42 DER
1470 455 141 39 ZWE
1632 455 30 38 E
1682 451 199 42 MANN

2806 454 45 41 15

310 3251 67 26 um
413 3240 72 37 des
521 3239 111 37 Tuns
666 3239 149 46 willen,
849 3250 46 26 so
931 3239 143 37 Dienst
1110 3251 63 26 am
1210 3241 119 47 Ding,
1364 3241 185 38 zeichnet

310 3308 77 36 den
414 3307 150 38 Herrn.
609 3307 68 38 Ich
701 3307 157 48 glaube,
877 3306 77 38 daß
981 3307 145 47 Engert
1150 3308 92 36 dem
1269 3308 107 47 Ding
1400 3309 148 46 diente,

310 3374 77 38 daß
412 3375 140 37 darum
579 3375 65 37 die
669 3375 131 47 Dinge
825 3375 82 36 ihm
933 3374 147 38 dienen
1100 3374 176 48 werden,
1300 3375 103 37 auch
1428 3375 120 48 dann,

307 3453 118 26 wenn
454 3454 45 26 er
527 3442 147 38 einmal
703 3444 112 36 seine
846 3441 105 39 Insel
980 3441 167 39 verläßt.

310 3509 84 38 Der
413 3509 295 38 Betrachtende
726 3518 122 30 werte
863 3521 73 27 vor
955 3510 91 37 dem
1060 3509 128 38 Werk
1206 3511 112 36 eines
1333 3509 214 39 Künstlers

308 3579 166 46 geistige
497 3577 170 46 Gestalt,
691 3577 299 38 künstlerische
1017 3577 243 47 Gesinnung
1284 3577 83 37 und
1397 3577 125 48 schöp-

309 3643 177 39 ferische
517 3645 169 47 Potenz;
715 3656 75 26 vor
819 3645 178 38 Werken
1036 3645 69 38 das
1142 3644 301 47 Gestaltetsein,
1470 3647 77 35 wie

309 3713 145 36 immer
477 3723 75 27 vor
574 3711 125 38 Taten
729 3713 70 36 das
823 3712 293 38 Tatsächliche.
1162 3713 115 36 Dann
1302 3719 80 30 erst
1410 3711 71 49 gilt
1504 3722 44 27 es

311 3779 213 48 Ursprung
541 3779 107 37 Welt
665 3779 139 49 Wege,
823 3780 130 37 Mittel
973 3780 182 37 Material
1175 3779 141 47 Sache,
1335 3779 106 37 Stoff
1461 3779 58 38 Ge-

308 3847 193 47 genstand
526 3859 48 25 zu
599 3847 139 37 sehen.
784 3847 133 38 Kunst
940 3849 50 36 ist
1013 3859 76 25 nur
1112 3847 196 38 erlebbar.
1354 3846 193 39 Gelöstes

309 3914 136 39 erlöst.
480 3914 196 48 Sinnlich,
698 3914 170 49 Geistig,
888 3915 194 38 Seelisch.
1119 3915 148 37 Immer
1286 3916 52 35 im
1359 3913 98 38 Sinn
1478 3913 71 38 der

1612 602 217 48 Synthese:
1868 601 177 48 Aufbau,
2080 604 64 36 nie
2185 604 53 36 im
2275 603 99 37 Sinn
2410 604 73 37 der
2516 604 194 49 Analyse:
2751 606 75 38 Zer-

1611 678 179 39 setzung,
1808 670 343 47 zeitgenössische
2172 670 269 38 Kunstkritik.
2465 671 132 38 Wenn
2617 673 64 37 die
2700 674 125 48 schöp-

1611 736 179 39 ferische
1831 737 194 38 Sekunde
2069 740 100 46 ewig
2208 738 114 47 wird,
2373 738 105 38 kann
2532 741 81 36 sies
2671 752 76 26 nur
2796 743 54 35 im

1612 804 347 49 Schöpferischen
1984 806 101 36 sein.
2126 806 83 37 Das
2229 806 231 48 Erregende
2486 809 49 35 ist
2565 808 285 38 Schmerzlust.

1610 874 97 36 Man
1743 872 121 38 wolle
1903 872 163 38 endlich
2107 873 252 48 erschüttert,
2401 874 110 38 nicht
2547 876 164 47 gerührt
2749 878 101 45 sein,

1611 941 169 37 Erleber
1824 949 141 29 anstatt
2015 941 233 37 bestenfalls
2294 941 267 39 Nachfühler.
2629 943 77 38 Die
2755 944 72 37 bür-

1610 1008 178 48 gerliche
1818 1008 274 48 Anschauung
2126 1008 93 48 geht
2248 1009 92 37 eitel
2375 1009 362 39 beschwätzerisch
2768 1012 82 36 und

1610 1088 80 26 von
1710 1076 248 38 vornherein
1978 1076 206 46 verbohrt,
2203 1075 152 39 falsche
2368 1077 138 49 Wege.
2537 1077 67 39 Sie
2618 1078 232 48 vergleicht.

1611 1145 107 38 Setzt
1732 1145 66 37 die
1812 1143 129 39 Sache
1956 1142 85 40 fürs
2053 1143 119 49 Ding.
2196 1143 105 38 Mißt
2316 1143 231 40 Kunstwert
2560 1157 62 26 am
2635 1145 215 38 Sachwert.

1611 1211 153 38 Glaubt
1783 1211 204 48 zunächst,
1997 1213 89 36 vier
2100 1210 315 49 Quadratmeter
2427 1212 194 38 bemalter
2633 1214 217 37 Leinwand

1610 1281 112 36 seien
1758 1279 116 38 mehr
1902 1279 57 37 als
1994 1281 64 36 ein
2090 1279 264 48 Kupferstich
2389 1283 171 38 10X12.
2619 1280 109 39 Geht
2764 1281 86 37 aufs

1611 1347 246 38 Motivische
1876 1347 82 37 und
1977 1347 106 37 zieht
2103 1349 145 35 immer
2267 1347 66 38 die
2352 1348 206 37 Madonna
2577 1348 71 38 des
2670 1349 180 37 Pinslers

1611 1415 91 37 dem
1729 1414 203 38 Stuhlbild
1961 1425 75 27 van
2069 1414 145 48 Goghs
2238 1426 84 26 vor.
2368 1415 52 38 Es
2450 1417 49 36 ist
2527 1428 50 25 zu
2601 1417 249 46 versichern,

1612 1482 76 37 daß
1724 1483 233 46 irgendeine
1987 1483 230 47 Radierung
2253 1482 269 39 Rembrandts
2553 1484 76 37 den
2666 1484 183 47 gleichen

1612 1549 231 38 Kunstwert
1867 1549 129 38 haben
2021 1550 105 37 kann
2144 1552 75 35 wie
2245 1550 69 37 das
2335 1550 157 38 Porträt
2516 1553 70 35 mit
2606 1552 72 37 der
2697 1551 153 48 Saskia,

1610 1617 259 48 gleichgültig
1897 1628 80 26 was
2007 1617 71 38 der
2109 1617 184 38 Händler
2321 1618 204 37 vorziehe.
2570 1618 117 38 Auch
2719 1619 131 37 macht

1611 1684 122 47 nicht,
1758 1684 76 37 daß
1865 1695 64 26 ein
1957 1684 256 38 Holzschnitt
2237 1687 64 35 ein
2331 1686 256 37 Holzschnitt
2616 1688 62 45 ist,
2708 1687 140 36 diesen

1608 1752 232 38 wertvoller
1858 1752 58 37 als
1940 1760 98 29 etwa
2063 1754 118 36 einen
2204 1742 201 57 Öldruck,
2424 1753 207 48 belanglos
2650 1765 81 26 was
2756 1754 91 37 dem

1610 1820 109 37 Snob
1744 1819 128 38 lieber
1896 1821 61 36 ist.
2003 1820 94 37 Man
2121 1820 115 37 stelle
2260 1820 110 37 nicht
2387 1821 288 48 vergleichend
2695 1822 127 37 neben-

1610 1888 193 37 einander
1822 1887 78 38 den
1916 1884 218 41 Grabstein
2154 1888 82 37 und
2257 1888 69 37 das
2340 1888 221 48 Theatron;
2580 1890 70 36 das
2664 1888 183 38 höfische

1611 1955 109 47 Epos
1751 1954 80 37 und
1861 1955 71 37 das
1956 1954 242 48 Minnelied;
2227 1955 65 37 die
2320 1957 139 36 zweite
2484 1956 251 48 Symphonie
2765 1956 81 38 und

1610 2024 90 36 eine
1726 2022 298 38 Schubertsche
2048 2023 249 47 Vertonung.
2342 2022 90 38 Daß
2462 2024 64 36 ein
2552 2024 186 37 Diamant
2761 2024 63 37 dia-

1610 2090 222 37 mantische
1854 2090 306 47 Eigenschaften
2185 2090 77 47 hat,
2286 2090 173 38 schließt
2482 2092 65 36 nie
2571 2102 84 36 aus,
2680 2091 76 37 daß
2781 2093 63 35 ein

1611 2157 245 39 Kieselstein
1869 2158 298 36 wunderschön
2187 2159 61 36 ist.
2279 2158 93 36 Man
2386 2158 232 48 vergleiche
2638 2158 121 48 nicht,
2779 2158 65 38 hie

1611 2225 72 37 der
1703 2224 147 48 Juwel,
1879 2225 65 37 hie
1975 2225 71 37 der
2070 2225 111 37 Kies.
2227 2224 88 38 Daß
2345 2225 86 37 sich
2462 2227 39 35 in
2531 2227 133 35 einem
2689 2226 154 37 Roman

1611 2292 115 38 mehr
1753 2303 120 36 sagen
1904 2292 79 37 läßt
2012 2292 56 37 als
2092 2294 40 35 in
2159 2294 112 35 einer
2293 2292 228 46 Anekdote,
2546 2300 204 30 entwertet
2779 2294 65 36 die

1611 2359 214 38 Anekdote
1855 2359 120 38 nicht.
2027 2359 211 37 Natürlich
2267 2361 62 45 ist,
2358 2367 98 30 etwa
2490 2372 47 25 zu
2574 2359 271 39 Grünewalds

1613 2427 259 48 Kreuzigung
1916 2427 181 47 gedacht,
2142 2427 161 47 größtes
2336 2427 126 37 Werk
2507 2427 61 47 da,
2603 2439 63 26 wo
2706 2427 138 48 größte

1612 2494 200 38 seelische
1837 2495 106 37 Welt
1971 2496 71 36 mit
2070 2494 162 48 größter
2260 2496 188 46 geistiger
2474 2494 112 38 Kraft
2615 2497 38 35 in
2683 2495 162 47 größtes

1611 2561 282 49 körperliches
1909 2562 180 38 Da-Sein
2104 2562 198 48 bewältigt
2316 2563 61 37 ist.
2398 2561 195 38 Aberdaß
2608 2562 236 47 bewältigt

1611 2630 101 39 wird
1742 2629 124 38 bleibt
1895 2630 70 37 das
1983 2629 249 48 Wichtigste,
2256 2641 116 26 wenn
2401 2631 73 36 wir
2500 2629 151 38 wieder
2680 2638 97 29 etwa
2795 2641 48 25 zu

1613 2696 273 38 Grünewalds
1917 2697 124 37 Höhe
2069 2697 160 38 wollen.

1612 2765 168 47 Engerts
1810 2764 182 48 Stellung
2026 2772 116 29 unter
2176 2765 77 36 den
2284 2764 218 37 Künstlern
2534 2775 76 26 von
2640 2764 120 37 heute
2794 2766 49 35 ist

1611 2832 66 37 die
1714 2834 111 35 eines
1862 2832 248 48 Abseitigen,
2142 2832 227 37 Einsamen.
2415 2832 103 37 Kein
2549 2831 294 38 Wesentlicher

1611 2899 125 38 außer
1749 2899 83 37 ihm
1853 2900 65 36 hat
1938 2899 87 38 sich
2050 2902 70 34 mit
2139 2899 386 38 Schattenschnitten
2541 2906 144 40 gesagt.
2723 2899 119 37 Seine

1611 2968 183 47 wenigen
1810 2967 327 47 Lithographien,
2153 2967 291 45 Holzschnitte,
2459 2966 287 48 Zeichnungen
2760 2967 82 36 und

1613 3034 312 37 Nadelarbeiten
1949 3034 132 37 lassen
2098 3034 87 37 sich
2204 3034 108 37 nicht
2336 3033 220 38 einreihen.
2596 3033 118 37 Seine
2734 3033 87 37 Blät-

1613 3109 59 30 ter
1695 3102 91 37 sind
1816 3101 129 38 durch
1969 3101 86 38 ihre
2082 3102 145 37 Kultur
2255 3101 204 48 geeinzelt.
2499 3100 146 48 Engert
2669 3100 64 37 hat
2758 3100 83 37 Stil.

1615 3170 120 37 Seine
1756 3168 257 49 Darstellung
2031 3168 116 38 wirkt
2169 3168 159 47 flächig:
2353 3168 64 36 die
2438 3167 185 37 Schatten
2648 3167 193 38 scheinen

1612 3236 215 49 gleichviel
1867 3235 287 49 Raumgebilde
2193 3247 74 26 vor
2306 3235 90 37 dem
2434 3235 126 36 Raum
2600 3246 48 25 zu
2688 3235 153 37 stehen.

1613 3304 130 38 Wenn
1769 3304 69 37 das
1864 3302 438 48 Kunstschöpferische
2327 3304 132 35 einem
2486 3302 355 37 Raumerschaffen

1613 3383 71 26 aus
1713 3372 93 37 dem
1835 3371 178 37 Allraum
2050 3369 301 48 gleichkommt,
2381 3370 70 36 das
2481 3369 361 48 Zeitlichbedingte

1613 3442 54 34 im
1684 3439 226 49 Rhythmus
1924 3437 214 48 darlegend
2213 3436 269 49 gleichgültig,
2493 3436 51 37 ob
2559 3436 86 38 sich
2657 3436 87 37 Zeit
2755 3436 66 38 the-

1613 3507 175 38 oretisch
1801 3506 139 48 jemals
1957 3506 56 36 als
2028 3504 283 38 Schnittfläche
2325 3504 72 37 des
2414 3504 174 37 Raumes
2608 3506 167 35 erwiese

1611 3586 46 26 so
1688 3574 127 48 ergibt
1840 3574 85 36 dies
1950 3573 63 36 für
2036 3572 77 37 den
2143 3571 296 38 darstellenden
2465 3571 193 38 Künstler
2681 3571 138 38 keines-

1611 3653 106 37 wegs
1731 3642 64 36 die
1810 3641 231 46 Forderung
2055 3640 71 36 der
2138 3638 367 48 Raumspiegelung
2518 3638 69 37 auf
2601 3638 71 37 der
2685 3638 157 38 Fläche.

1613 3710 276 47 Projizierung
1928 3707 405 37 dreidimensionaler
2372 3706 168 37 Illusion
2586 3708 40 35 in
2666 3706 150 37 Zweidi-

1613 3776 281 45 mensionales,
1918 3774 83 37 also
2027 3774 65 37 die
2116 3781 243 40 sogenannte
2392 3773 167 48 flächige
2586 3772 254 47 Darstellung

1613 3846 49 36 ist
1697 3855 74 27 nur
1805 3843 122 46 Frage
1961 3842 254 37 stilistischer
2250 3841 175 47 Lösung.
2481 3841 71 37 Stil
2587 3840 87 36 hier
2709 3842 38 34 in
2783 3841 38 35 ei-

1613 3923 90 27 nem
1738 3908 293 40 individuellen
2071 3909 137 46 Sinne,
2246 3910 77 36 wie
2365 3916 99 29 etwa
2498 3908 63 36 bei
2602 3907 237 37 Primitiven

458 3101 276 32 Schattenschnitt,
743 3101 126 40 Judith.

1194 3103 38 34 E.
1244 3104 49 32 M.
1306 3104 120 40 Engert
1426 3129 9 9 .
