<?xml version="1.0" encoding="UTF-8"?>
<alto xmlns:xsi="http://www.w3.org/2001/XMLSchema-instance" xmlns="http://www.loc.gov/standards/alto/ns-v2#" xsi:schemaLocation="http://www.loc.gov/standards/alto/ns-v2# http://www.loc.gov/standards/alto/alto-v2.0.xsd" xmlns:xlink="http://www.w3.org/1999/xlink">
	<Description>
		<MeasurementUnit>mm10</MeasurementUnit>
		<sourceImageInformation>
			<fileName>//fileserver7/IN2/Princeton/jp2/pudl0097/2980652/013/19221005_01/00000188.jp2</fileName>
		</sourceImageInformation>
		<OCRProcessing ID="OCRPROCESSING_1">
			<preProcessingStep>
				<processingSoftware>
					<softwareCreator>CCS Content Conversion Specialists GmbH, Germany</softwareCreator>
					<softwareName>CCS docWORKS</softwareName>
					<softwareVersion>6.6-0.29</softwareVersion>
				</processingSoftware>
			</preProcessingStep>
			<ocrProcessingStep>
				<processingSoftware>
					<softwareCreator>ABBYY (BIT Software), Russia</softwareCreator>
					<softwareName>FineReader</softwareName>
					<softwareVersion>10.0</softwareVersion>
				</processingSoftware>
			</ocrProcessingStep>
		</OCRProcessing>
	</Description>
	<Styles>
		<TextStyle ID="TXT_0" FONTSIZE="10" FONTFAMILY="Times New Roman"/>
		<ParagraphStyle ID="PAR_RIGHT" ALIGN="Right"/>
		<ParagraphStyle ID="PAR_BLOCK" ALIGN="Block"/>
		<ParagraphStyle ID="PAR_LEFT" ALIGN="Left"/>
	</Styles>
	<Layout>
		<Page ID="P5" PHYSICAL_IMG_NR="5" HEIGHT="5631" WIDTH="3901" PRINTED_IMG_NR="143" PC="0.983">
			<TopMargin ID="P5_TM00001" HPOS="0" VPOS="0" WIDTH="3901" HEIGHT="5"/>
			<LeftMargin ID="P5_LM00001" HPOS="0" VPOS="5" WIDTH="4" HEIGHT="5321"/>
			<RightMargin ID="P5_RM00001" HPOS="3895" VPOS="5" WIDTH="6" HEIGHT="5321"/>
			<BottomMargin ID="P5_BM00001" HPOS="0" VPOS="5326" WIDTH="3901" HEIGHT="305">
				<TextBlock ID="P5_TB00001" HPOS="3486" VPOS="5330" WIDTH="115" HEIGHT="57" STYLEREFS="TXT_0 PAR_RIGHT">
					<TextLine ID="P5_TL00001" HPOS="3486" VPOS="5330" WIDTH="115" HEIGHT="57">
						<String ID="P5_ST00001" HPOS="3486" VPOS="5330" WIDTH="115" HEIGHT="57" CONTENT="143" WC="0.64" CC="307"/>
					</TextLine>
				</TextBlock>
			</BottomMargin>
			<PrintSpace ID="P5_PS00001" HPOS="4" VPOS="5" WIDTH="3891" HEIGHT="5321">
				<TextBlock ID="P5_TB00002" HPOS="277" VPOS="291" WIDTH="1613" HEIGHT="4935" STYLEREFS="TXT_0 PAR_BLOCK">
					<TextLine ID="P5_TL00002" HPOS="339" VPOS="296" WIDTH="1546" HEIGHT="76">
						<String ID="P5_ST00002" HPOS="339" VPOS="296" WIDTH="372" HEIGHT="73" CONTENT="Verhältnis," WC="1.00" CC="30000005104"/>
						<SP ID="P5_SP00001" HPOS="711" VPOS="369" WIDTH="59"/>
						<String ID="P5_ST00003" HPOS="770" VPOS="298" WIDTH="110" HEIGHT="57" CONTENT="das" WC="1.00" CC="000"/>
						<SP ID="P5_SP00002" HPOS="880" VPOS="369" WIDTH="43"/>
						<String ID="P5_ST00004" HPOS="923" VPOS="296" WIDTH="100" HEIGHT="59" CONTENT="die" WC="1.00" CC="000"/>
						<SP ID="P5_SP00003" HPOS="1023" VPOS="369" WIDTH="37"/>
						<String ID="P5_ST00005" HPOS="1060" VPOS="296" WIDTH="491" HEIGHT="76" CONTENT="Widersprüche" WC="1.00" CC="000020040040"/>
						<SP ID="P5_SP00004" HPOS="1551" VPOS="372" WIDTH="51"/>
						<String ID="P5_ST00006" HPOS="1602" VPOS="298" WIDTH="110" HEIGHT="59" CONTENT="der" WC="0.98" CC="006"/>
						<SP ID="P5_SP00005" HPOS="1712" VPOS="372" WIDTH="40"/>
						<String ID="P5_ST00007" HPOS="1752" VPOS="301" WIDTH="100" HEIGHT="56" CONTENT="ein" SUBS_TYPE="HypPart1" SUBS_CONTENT="einzelnen" WC="0.99" CC="020"/>
						<HYP HPOS="1852" VPOS="301" WIDTH="33" CONTENT="-"/>
					</TextLine>
					<TextLine ID="P5_TL00003" HPOS="337" VPOS="389" WIDTH="1549" HEIGHT="76">
						<String ID="P5_ST00008" HPOS="337" VPOS="391" WIDTH="217" HEIGHT="56" CONTENT="zelnen" SUBS_TYPE="HypPart2" SUBS_CONTENT="einzelnen" WC="1.00" CC="100000"/>
						<SP ID="P5_SP00006" HPOS="554" VPOS="447" WIDTH="64"/>
						<String ID="P5_ST00009" HPOS="618" VPOS="389" WIDTH="491" HEIGHT="59" CONTENT="verschiedenen" WC="1.00" CC="0000062000702"/>
						<SP ID="P5_SP00007" HPOS="1109" VPOS="448" WIDTH="66"/>
						<String ID="P5_ST00010" HPOS="1175" VPOS="389" WIDTH="510" HEIGHT="76" CONTENT="Erscheinungen" WC="1.00" CC="0200600007000"/>
						<SP ID="P5_SP00008" HPOS="1685" VPOS="465" WIDTH="64"/>
						<String ID="P5_ST00011" HPOS="1749" VPOS="392" WIDTH="103" HEIGHT="56" CONTENT="auf" SUBS_TYPE="HypPart1" SUBS_CONTENT="auflöst," WC="0.99" CC="030"/>
						<HYP HPOS="1852" VPOS="392" WIDTH="34" CONTENT="-"/>
					</TextLine>
					<TextLine ID="P5_TL00004" HPOS="339" VPOS="479" WIDTH="1546" HEIGHT="74">
						<String ID="P5_ST00012" HPOS="339" VPOS="482" WIDTH="138" HEIGHT="71" CONTENT="löst," SUBS_TYPE="HypPart2" SUBS_CONTENT="auflöst," WC="0.98" CC="41033"/>
						<SP ID="P5_SP00009" HPOS="477" VPOS="553" WIDTH="43"/>
						<String ID="P5_ST00013" HPOS="520" VPOS="482" WIDTH="78" HEIGHT="56" CONTENT="ist" WC="0.99" CC="200"/>
						<SP ID="P5_SP00010" HPOS="598" VPOS="553" WIDTH="42"/>
						<String ID="P5_ST00014" HPOS="640" VPOS="482" WIDTH="207" HEIGHT="56" CONTENT="Liebe." WC="0.99" CC="040600"/>
						<SP ID="P5_SP00011" HPOS="847" VPOS="553" WIDTH="86"/>
						<String ID="P5_ST00015" HPOS="933" VPOS="481" WIDTH="120" HEIGHT="57" CONTENT="Das" WC="1.00" CC="000"/>
						<SP ID="P5_SP00012" HPOS="1053" VPOS="553" WIDTH="46"/>
						<String ID="P5_ST00016" HPOS="1099" VPOS="479" WIDTH="213" HEIGHT="59" CONTENT="Setzen" WC="1.00" CC="000200"/>
						<SP ID="P5_SP00013" HPOS="1312" VPOS="553" WIDTH="46"/>
						<String ID="P5_ST00017" HPOS="1358" VPOS="482" WIDTH="198" HEIGHT="59" CONTENT="dieses" WC="0.99" CC="900000"/>
						<SP ID="P5_SP00014" HPOS="1556" VPOS="553" WIDTH="42"/>
						<String ID="P5_ST00018" HPOS="1598" VPOS="484" WIDTH="252" HEIGHT="59" CONTENT="Verhält" SUBS_TYPE="HypPart1" SUBS_CONTENT="Verhältnisses" WC="0.99" CC="0040040"/>
						<HYP HPOS="1850" VPOS="484" WIDTH="35" CONTENT="-"/>
					</TextLine>
					<TextLine ID="P5_TL00005" HPOS="339" VPOS="570" WIDTH="1547" HEIGHT="75">
						<String ID="P5_ST00019" HPOS="339" VPOS="572" WIDTH="196" HEIGHT="58" CONTENT="nisses" SUBS_TYPE="HypPart2" SUBS_CONTENT="Verhältnisses" WC="1.00" CC="020000"/>
						<SP ID="P5_SP00015" HPOS="535" VPOS="630" WIDTH="17"/>
						<String ID="P5_ST00020" HPOS="552" VPOS="570" WIDTH="410" HEIGHT="75" CONTENT="beabsichtigt" WC="1.00" CC="400600040700"/>
						<SP ID="P5_SP00016" HPOS="962" VPOS="645" WIDTH="15"/>
						<String ID="P5_ST00021" HPOS="977" VPOS="570" WIDTH="101" HEIGHT="58" CONTENT="die" WC="1.00" CC="010"/>
						<SP ID="P5_SP00017" HPOS="1078" VPOS="645" WIDTH="16"/>
						<String ID="P5_ST00022" HPOS="1094" VPOS="570" WIDTH="321" HEIGHT="61" CONTENT="Vernunft." WC="1.00" CC="004022000"/>
						<SP ID="P5_SP00018" HPOS="1415" VPOS="645" WIDTH="43"/>
						<String ID="P5_ST00023" HPOS="1458" VPOS="574" WIDTH="112" HEIGHT="57" CONTENT="Die" WC="1.00" CC="000"/>
						<SP ID="P5_SP00019" HPOS="1570" VPOS="645" WIDTH="11"/>
						<String ID="P5_ST00024" HPOS="1581" VPOS="574" WIDTH="305" HEIGHT="59" CONTENT="Vernunft" WC="0.99" CC="00514205"/>
					</TextLine>
					<TextLine ID="P5_TL00006" HPOS="339" VPOS="663" WIDTH="1546" HEIGHT="72">
						<String ID="P5_ST00025" HPOS="339" VPOS="663" WIDTH="238" HEIGHT="58" CONTENT="enthält" WC="1.00" CC="0004000"/>
						<SP ID="P5_SP00020" HPOS="577" VPOS="721" WIDTH="16"/>
						<String ID="P5_ST00026" HPOS="593" VPOS="663" WIDTH="110" HEIGHT="58" CONTENT="das" WC="1.00" CC="000"/>
						<SP ID="P5_SP00021" HPOS="703" VPOS="721" WIDTH="18"/>
						<String ID="P5_ST00027" HPOS="721" VPOS="663" WIDTH="232" HEIGHT="72" CONTENT="Gesetz," WC="1.00" CC="5000100"/>
						<SP ID="P5_SP00022" HPOS="953" VPOS="735" WIDTH="21"/>
						<String ID="P5_ST00028" HPOS="974" VPOS="663" WIDTH="159" HEIGHT="58" CONTENT="nach" WC="0.99" CC="0400"/>
						<SP ID="P5_SP00023" HPOS="1133" VPOS="735" WIDTH="17"/>
						<String ID="P5_ST00029" HPOS="1150" VPOS="663" WIDTH="145" HEIGHT="60" CONTENT="dem" WC="1.00" CC="000"/>
						<SP ID="P5_SP00024" HPOS="1295" VPOS="735" WIDTH="19"/>
						<String ID="P5_ST00030" HPOS="1314" VPOS="665" WIDTH="100" HEIGHT="59" CONTENT="die" WC="1.00" CC="000"/>
						<SP ID="P5_SP00025" HPOS="1414" VPOS="735" WIDTH="15"/>
						<String ID="P5_ST00031" HPOS="1429" VPOS="667" WIDTH="418" HEIGHT="59" CONTENT="Verschieden" SUBS_TYPE="HypPart1" SUBS_CONTENT="Verschiedenheiten" WC="1.00" CC="00600000000"/>
						<HYP HPOS="1847" VPOS="667" WIDTH="38" CONTENT="-"/>
					</TextLine>
					<TextLine ID="P5_TL00007" HPOS="337" VPOS="755" WIDTH="1548" HEIGHT="73">
						<String ID="P5_ST00032" HPOS="337" VPOS="755" WIDTH="208" HEIGHT="57" CONTENT="heiten" SUBS_TYPE="HypPart2" SUBS_CONTENT="Verschiedenheiten" WC="0.99" CC="500003"/>
						<SP ID="P5_SP00026" HPOS="545" VPOS="812" WIDTH="63"/>
						<String ID="P5_ST00033" HPOS="608" VPOS="760" WIDTH="596" HEIGHT="68" CONTENT="zusammengesetzt" WC="1.00" CC="000000020000400"/>
						<SP ID="P5_SP00027" HPOS="1204" VPOS="828" WIDTH="49"/>
						<String ID="P5_ST00034" HPOS="1253" VPOS="758" WIDTH="276" HEIGHT="59" CONTENT="werden." WC="1.00" CC="0000003"/>
						<SP ID="P5_SP00028" HPOS="1529" VPOS="828" WIDTH="83"/>
						<String ID="P5_ST00035" HPOS="1612" VPOS="760" WIDTH="113" HEIGHT="56" CONTENT="Die" WC="0.99" CC="100"/>
						<SP ID="P5_SP00029" HPOS="1725" VPOS="828" WIDTH="41"/>
						<String ID="P5_ST00036" HPOS="1766" VPOS="760" WIDTH="80" HEIGHT="56" CONTENT="Zu" SUBS_TYPE="HypPart1" SUBS_CONTENT="Zusammensetzungen" WC="0.99" CC="00"/>
						<HYP HPOS="1846" VPOS="760" WIDTH="39" CONTENT="-"/>
					</TextLine>
					<TextLine ID="P5_TL00008" HPOS="337" VPOS="848" WIDTH="1548" HEIGHT="76">
						<String ID="P5_ST00037" HPOS="337" VPOS="851" WIDTH="623" HEIGHT="70" CONTENT="sammensetzungen" SUBS_TYPE="HypPart2" SUBS_CONTENT="Zusammensetzungen" WC="1.00" CC="020005000004802"/>
						<SP ID="P5_SP00030" HPOS="960" VPOS="921" WIDTH="64"/>
						<String ID="P5_ST00038" HPOS="1024" VPOS="848" WIDTH="61" HEIGHT="56" CONTENT="in" WC="0.89" CC="02"/>
						<SP ID="P5_SP00031" HPOS="1085" VPOS="921" WIDTH="61"/>
						<String ID="P5_ST00039" HPOS="1146" VPOS="848" WIDTH="112" HEIGHT="58" CONTENT="der" WC="0.98" CC="004"/>
						<SP ID="P5_SP00032" HPOS="1258" VPOS="921" WIDTH="39"/>
						<String ID="P5_ST00040" HPOS="1297" VPOS="850" WIDTH="413" HEIGHT="74" CONTENT="Wortgestalt," WC="1.00" CC="001070002423"/>
						<SP ID="P5_SP00033" HPOS="1710" VPOS="924" WIDTH="75"/>
						<String ID="P5_ST00041" HPOS="1785" VPOS="850" WIDTH="100" HEIGHT="57" CONTENT="die" WC="1.00" CC="000"/>
					</TextLine>
					<TextLine ID="P5_TL00009" HPOS="337" VPOS="938" WIDTH="1546" HEIGHT="74">
						<String ID="P5_ST00042" HPOS="337" VPOS="938" WIDTH="626" HEIGHT="74" CONTENT="Wortkomposition," WC="1.00" CC="0440010000003050"/>
						<SP ID="P5_SP00034" HPOS="963" VPOS="1012" WIDTH="65"/>
						<String ID="P5_ST00043" HPOS="1028" VPOS="939" WIDTH="76" HEIGHT="56" CONTENT="ist" WC="1.00" CC="000"/>
						<SP ID="P5_SP00035" HPOS="1104" VPOS="1012" WIDTH="61"/>
						<String ID="P5_ST00044" HPOS="1165" VPOS="939" WIDTH="110" HEIGHT="60" CONTENT="das" WC="0.98" CC="040"/>
						<SP ID="P5_SP00036" HPOS="1275" VPOS="1012" WIDTH="44"/>
						<String ID="P5_ST00045" HPOS="1319" VPOS="941" WIDTH="564" HEIGHT="59" CONTENT="Wortkunstwerk." WC="1.00" CC="00300430000603"/>
					</TextLine>
					<TextLine ID="P5_TL00010" HPOS="335" VPOS="1029" WIDTH="1546" HEIGHT="78">
						<String ID="P5_ST00046" HPOS="335" VPOS="1029" WIDTH="136" HEIGHT="59" CONTENT="Nur" WC="0.98" CC="230"/>
						<SP ID="P5_SP00037" HPOS="471" VPOS="1088" WIDTH="39"/>
						<String ID="P5_ST00047" HPOS="510" VPOS="1048" WIDTH="133" HEIGHT="39" CONTENT="wer" WC="1.00" CC="000"/>
						<SP ID="P5_SP00038" HPOS="643" VPOS="1088" WIDTH="22"/>
						<String ID="P5_ST00048" HPOS="665" VPOS="1029" WIDTH="281" HEIGHT="59" CONTENT="Einsicht" WC="1.00" CC="00300060"/>
						<SP ID="P5_SP00039" HPOS="946" VPOS="1088" WIDTH="43"/>
						<String ID="P5_ST00049" HPOS="989" VPOS="1033" WIDTH="61" HEIGHT="55" CONTENT="in" WC="0.88" CC="02"/>
						<SP ID="P5_SP00040" HPOS="1050" VPOS="1088" WIDTH="28"/>
						<String ID="P5_ST00050" HPOS="1078" VPOS="1033" WIDTH="168" HEIGHT="57" CONTENT="diese" WC="0.99" CC="80000"/>
						<SP ID="P5_SP00041" HPOS="1246" VPOS="1090" WIDTH="24"/>
						<String ID="P5_ST00051" HPOS="1270" VPOS="1033" WIDTH="257" HEIGHT="59" CONTENT="Absicht" WC="1.00" CC="0000100"/>
						<SP ID="P5_SP00042" HPOS="1527" VPOS="1092" WIDTH="24"/>
						<String ID="P5_ST00052" HPOS="1551" VPOS="1034" WIDTH="120" HEIGHT="73" CONTENT="hat," WC="1.00" CC="0100"/>
						<SP ID="P5_SP00043" HPOS="1671" VPOS="1107" WIDTH="44"/>
						<String ID="P5_ST00053" HPOS="1715" VPOS="1036" WIDTH="166" HEIGHT="54" CONTENT="kann" WC="0.98" CC="0352"/>
					</TextLine>
					<TextLine ID="P5_TL00011" HPOS="337" VPOS="1121" WIDTH="1546" HEIGHT="62">
						<String ID="P5_ST00054" HPOS="337" VPOS="1121" WIDTH="110" HEIGHT="57" CONTENT="das" WC="1.00" CC="000"/>
						<SP ID="P5_SP00044" HPOS="447" VPOS="1178" WIDTH="19"/>
						<String ID="P5_ST00055" HPOS="466" VPOS="1121" WIDTH="550" HEIGHT="59" CONTENT="Wortkunstwerk" WC="1.00" CC="0030000000030"/>
						<SP ID="P5_SP00045" HPOS="1016" VPOS="1180" WIDTH="18"/>
						<String ID="P5_ST00056" HPOS="1034" VPOS="1124" WIDTH="261" HEIGHT="58" CONTENT="wirken." WC="1.00" CC="0010040"/>
						<SP ID="P5_SP00046" HPOS="1295" VPOS="1182" WIDTH="26"/>
						<String ID="P5_ST00057" HPOS="1321" VPOS="1126" WIDTH="137" HEIGHT="57" CONTENT="Wie" WC="1.00" CC="000"/>
						<SP ID="P5_SP00047" HPOS="1458" VPOS="1183" WIDTH="17"/>
						<String ID="P5_ST00058" HPOS="1475" VPOS="1126" WIDTH="132" HEIGHT="57" CONTENT="sich" WC="0.99" CC="0003"/>
						<SP ID="P5_SP00048" HPOS="1607" VPOS="1183" WIDTH="18"/>
						<String ID="P5_ST00059" HPOS="1625" VPOS="1126" WIDTH="258" HEIGHT="57" CONTENT="Absicht" WC="1.00" CC="1000060"/>
					</TextLine>
					<TextLine ID="P5_TL00012" HPOS="337" VPOS="1210" WIDTH="1544" HEIGHT="77">
						<String ID="P5_ST00060" HPOS="337" VPOS="1210" WIDTH="132" HEIGHT="58" CONTENT="und" WC="0.98" CC="500"/>
						<SP ID="P5_SP00049" HPOS="469" VPOS="1268" WIDTH="49"/>
						<String ID="P5_ST00061" HPOS="518" VPOS="1212" WIDTH="308" HEIGHT="75" CONTENT="Wirkung" WC="0.99" CC="0060230"/>
						<SP ID="P5_SP00050" HPOS="826" VPOS="1287" WIDTH="61"/>
						<String ID="P5_ST00062" HPOS="887" VPOS="1214" WIDTH="315" HEIGHT="73" CONTENT="scheiden," WC="1.00" CC="000000040"/>
						<SP ID="P5_SP00051" HPOS="1202" VPOS="1287" WIDTH="71"/>
						<String ID="P5_ST00063" HPOS="1273" VPOS="1234" WIDTH="70" HEIGHT="39" CONTENT="so" WC="1.00" CC="00"/>
						<SP ID="P5_SP00052" HPOS="1343" VPOS="1287" WIDTH="62"/>
						<String ID="P5_ST00064" HPOS="1405" VPOS="1215" WIDTH="280" HEIGHT="58" CONTENT="scheidet" WC="1.00" CC="00000002"/>
						<SP ID="P5_SP00053" HPOS="1685" VPOS="1287" WIDTH="64"/>
						<String ID="P5_ST00065" HPOS="1749" VPOS="1217" WIDTH="132" HEIGHT="56" CONTENT="sich" WC="1.00" CC="0020"/>
					</TextLine>
					<TextLine ID="P5_TL00013" HPOS="335" VPOS="1302" WIDTH="1550" HEIGHT="79">
						<String ID="P5_ST00066" HPOS="335" VPOS="1302" WIDTH="163" HEIGHT="59" CONTENT="auch" WC="0.98" CC="6005"/>
						<SP ID="P5_SP00054" HPOS="498" VPOS="1361" WIDTH="44"/>
						<String ID="P5_ST00067" HPOS="542" VPOS="1302" WIDTH="103" HEIGHT="59" CONTENT="die" WC="1.00" CC="000"/>
						<SP ID="P5_SP00055" HPOS="645" VPOS="1361" WIDTH="41"/>
						<String ID="P5_ST00068" HPOS="686" VPOS="1307" WIDTH="577" HEIGHT="73" CONTENT="vernunftgemässe" WC="0.89" CC="005105300000000"/>
						<SP ID="P5_SP00056" HPOS="1263" VPOS="1380" WIDTH="41"/>
						<String ID="P5_ST00069" HPOS="1304" VPOS="1307" WIDTH="428" HEIGHT="74" CONTENT="Ausdehnung" WC="0.99" CC="0300001049"/>
						<SP ID="P5_SP00057" HPOS="1732" VPOS="1381" WIDTH="41"/>
						<String ID="P5_ST00070" HPOS="1773" VPOS="1307" WIDTH="112" HEIGHT="59" CONTENT="der" WC="0.99" CC="001"/>
					</TextLine>
					<TextLine ID="P5_TL00014" HPOS="335" VPOS="1395" WIDTH="1548" HEIGHT="78">
						<String ID="P5_ST00071" HPOS="335" VPOS="1395" WIDTH="400" HEIGHT="74" CONTENT="Wortgestalt" WC="1.00" CC="00500000300"/>
						<SP ID="P5_SP00058" HPOS="735" VPOS="1469" WIDTH="59"/>
						<String ID="P5_ST00072" HPOS="794" VPOS="1417" WIDTH="125" HEIGHT="39" CONTENT="von" WC="0.95" CC="812"/>
						<SP ID="P5_SP00059" HPOS="919" VPOS="1469" WIDTH="63"/>
						<String ID="P5_ST00073" HPOS="982" VPOS="1398" WIDTH="113" HEIGHT="58" CONTENT="der" WC="0.98" CC="006"/>
						<SP ID="P5_SP00060" HPOS="1095" VPOS="1469" WIDTH="63"/>
						<String ID="P5_ST00074" HPOS="1158" VPOS="1403" WIDTH="511" HEIGHT="70" CONTENT="naturgemässen" WC="0.87" CC="3200300000006"/>
						<SP ID="P5_SP00061" HPOS="1669" VPOS="1473" WIDTH="53"/>
						<String ID="P5_ST00075" HPOS="1722" VPOS="1400" WIDTH="121" HEIGHT="58" CONTENT="Aus" SUBS_TYPE="HypPart1" SUBS_CONTENT="Ausdehnung." WC="0.99" CC="021"/>
						<HYP HPOS="1843" VPOS="1400" WIDTH="40" CONTENT="-"/>
					</TextLine>
					<TextLine ID="P5_TL00015" HPOS="337" VPOS="1486" WIDTH="1544" HEIGHT="78">
						<String ID="P5_ST00076" HPOS="337" VPOS="1486" WIDTH="316" HEIGHT="77" CONTENT="dehnung." SUBS_TYPE="HypPart2" SUBS_CONTENT="Ausdehnung." WC="0.99" CC="01040090"/>
						<SP ID="P5_SP00062" HPOS="653" VPOS="1563" WIDTH="85"/>
						<String ID="P5_ST00077" HPOS="738" VPOS="1490" WIDTH="114" HEIGHT="57" CONTENT="Die" WC="0.97" CC="510"/>
						<SP ID="P5_SP00063" HPOS="852" VPOS="1563" WIDTH="42"/>
						<String ID="P5_ST00078" HPOS="894" VPOS="1490" WIDTH="306" HEIGHT="74" CONTENT="Wirkung" WC="1.00" CC="0060020"/>
						<SP ID="P5_SP00064" HPOS="1200" VPOS="1564" WIDTH="58"/>
						<String ID="P5_ST00079" HPOS="1258" VPOS="1491" WIDTH="64" HEIGHT="56" CONTENT="in" WC="0.91" CC="01"/>
						<SP ID="P5_SP00065" HPOS="1322" VPOS="1564" WIDTH="65"/>
						<String ID="P5_ST00080" HPOS="1387" VPOS="1491" WIDTH="111" HEIGHT="56" CONTENT="der" WC="1.00" CC="000"/>
						<SP ID="P5_SP00066" HPOS="1498" VPOS="1564" WIDTH="48"/>
						<String ID="P5_ST00081" HPOS="1546" VPOS="1491" WIDTH="166" HEIGHT="60" CONTENT="Welt" WC="0.99" CC="0040"/>
						<SP ID="P5_SP00067" HPOS="1712" VPOS="1564" WIDTH="61"/>
						<String ID="P5_ST00082" HPOS="1773" VPOS="1491" WIDTH="108" HEIGHT="58" CONTENT="des" WC="1.00" CC="000"/>
					</TextLine>
					<TextLine ID="P5_TL00016" HPOS="335" VPOS="1578" WIDTH="1546" HEIGHT="76">
						<String ID="P5_ST00083" HPOS="335" VPOS="1578" WIDTH="266" HEIGHT="59" CONTENT="Willens" WC="1.00" CC="0003000"/>
						<SP ID="P5_SP00068" HPOS="601" VPOS="1637" WIDTH="61"/>
						<String ID="P5_ST00084" HPOS="662" VPOS="1581" WIDTH="78" HEIGHT="56" CONTENT="ist" WC="1.00" CC="000"/>
						<SP ID="P5_SP00069" HPOS="740" VPOS="1637" WIDTH="42"/>
						<String ID="P5_ST00085" HPOS="782" VPOS="1579" WIDTH="373" HEIGHT="75" CONTENT="geschieden" WC="1.00" CC="0001610002"/>
						<SP ID="P5_SP00070" HPOS="1155" VPOS="1654" WIDTH="44"/>
						<String ID="P5_ST00086" HPOS="1199" VPOS="1600" WIDTH="123" HEIGHT="39" CONTENT="von" WC="0.97" CC="041"/>
						<SP ID="P5_SP00071" HPOS="1322" VPOS="1654" WIDTH="46"/>
						<String ID="P5_ST00087" HPOS="1368" VPOS="1581" WIDTH="110" HEIGHT="58" CONTENT="der" WC="1.00" CC="000"/>
						<SP ID="P5_SP00072" HPOS="1478" VPOS="1654" WIDTH="41"/>
						<String ID="P5_ST00088" HPOS="1519" VPOS="1581" WIDTH="259" HEIGHT="59" CONTENT="Absicht" WC="1.00" CC="2400000"/>
						<SP ID="P5_SP00073" HPOS="1778" VPOS="1654" WIDTH="40"/>
						<String ID="P5_ST00089" HPOS="1818" VPOS="1585" WIDTH="63" HEIGHT="54" CONTENT="in" WC="0.79" CC="04"/>
					</TextLine>
					<TextLine ID="P5_TL00017" HPOS="337" VPOS="1669" WIDTH="1546" HEIGHT="61">
						<String ID="P5_ST00090" HPOS="337" VPOS="1669" WIDTH="113" HEIGHT="59" CONTENT="der" WC="0.99" CC="002"/>
						<SP ID="P5_SP00074" HPOS="450" VPOS="1728" WIDTH="41"/>
						<String ID="P5_ST00091" HPOS="491" VPOS="1671" WIDTH="164" HEIGHT="59" CONTENT="Welt" WC="1.00" CC="0000"/>
						<SP ID="P5_SP00075" HPOS="655" VPOS="1730" WIDTH="44"/>
						<String ID="P5_ST00092" HPOS="699" VPOS="1671" WIDTH="112" HEIGHT="57" CONTENT="der" WC="0.98" CC="004"/>
						<SP ID="P5_SP00076" HPOS="811" VPOS="1730" WIDTH="24"/>
						<String ID="P5_ST00093" HPOS="835" VPOS="1671" WIDTH="267" HEIGHT="59" CONTENT="Gesetze." WC="1.00" CC="00000000"/>
						<SP ID="P5_SP00077" HPOS="1102" VPOS="1730" WIDTH="87"/>
						<String ID="P5_ST00094" HPOS="1189" VPOS="1673" WIDTH="121" HEIGHT="55" CONTENT="Das" WC="0.98" CC="040"/>
						<SP ID="P5_SP00078" HPOS="1310" VPOS="1730" WIDTH="26"/>
						<String ID="P5_ST00095" HPOS="1336" VPOS="1673" WIDTH="547" HEIGHT="57" CONTENT="Wortkunstwerk" WC="1.00" CC="0027052000008"/>
					</TextLine>
					<TextLine ID="P5_TL00018" HPOS="333" VPOS="1762" WIDTH="1550" HEIGHT="77">
						<String ID="P5_ST00096" HPOS="333" VPOS="1764" WIDTH="134" HEIGHT="56" CONTENT="teilt" WC="0.99" CC="00340"/>
						<SP ID="P5_SP00079" HPOS="467" VPOS="1820" WIDTH="41"/>
						<String ID="P5_ST00097" HPOS="508" VPOS="1762" WIDTH="173" HEIGHT="60" CONTENT="nicht" WC="0.98" CC="60040"/>
						<SP ID="P5_SP00080" HPOS="681" VPOS="1822" WIDTH="23"/>
						<String ID="P5_ST00098" HPOS="704" VPOS="1762" WIDTH="386" HEIGHT="75" CONTENT="Wirkungen" WC="1.00" CC="004003003"/>
						<SP ID="P5_SP00081" HPOS="1090" VPOS="1837" WIDTH="29"/>
						<String ID="P5_ST00099" HPOS="1119" VPOS="1764" WIDTH="117" HEIGHT="56" CONTENT="mit" WC="0.99" CC="300"/>
						<SP ID="P5_SP00082" HPOS="1236" VPOS="1837" WIDTH="27"/>
						<String ID="P5_ST00100" HPOS="1263" VPOS="1764" WIDTH="122" HEIGHT="56" CONTENT="wie" WC="1.00" CC="000"/>
						<SP ID="P5_SP00083" HPOS="1385" VPOS="1837" WIDTH="30"/>
						<String ID="P5_ST00101" HPOS="1415" VPOS="1762" WIDTH="102" HEIGHT="58" CONTENT="die" WC="1.00" CC="000"/>
						<SP ID="P5_SP00084" HPOS="1517" VPOS="1837" WIDTH="24"/>
						<String ID="P5_ST00102" HPOS="1541" VPOS="1764" WIDTH="300" HEIGHT="75" CONTENT="Umgangs" SUBS_TYPE="HypPart1" SUBS_CONTENT="Umgangssprache." WC="1.00" CC="0005000"/>
						<HYP HPOS="1841" VPOS="1764" WIDTH="42" CONTENT="-"/>
					</TextLine>
					<TextLine ID="P5_TL00019" HPOS="335" VPOS="1854" WIDTH="1544" HEIGHT="74">
						<String ID="P5_ST00103" HPOS="335" VPOS="1854" WIDTH="285" HEIGHT="74" CONTENT="sprache." SUBS_TYPE="HypPart2" SUBS_CONTENT="Umgangssprache." WC="1.00" CC="00510003"/>
						<SP ID="P5_SP00085" HPOS="620" VPOS="1928" WIDTH="44"/>
						<String ID="P5_ST00104" HPOS="664" VPOS="1854" WIDTH="81" HEIGHT="57" CONTENT="Es" WC="0.85" CC="02"/>
						<SP ID="P5_SP00086" HPOS="745" VPOS="1928" WIDTH="17"/>
						<String ID="P5_ST00105" HPOS="762" VPOS="1854" WIDTH="107" HEIGHT="57" CONTENT="hat" WC="0.98" CC="050"/>
						<SP ID="P5_SP00087" HPOS="869" VPOS="1928" WIDTH="15"/>
						<String ID="P5_ST00106" HPOS="884" VPOS="1855" WIDTH="225" HEIGHT="58" CONTENT="keinen" WC="0.99" CC="001007"/>
						<SP ID="P5_SP00088" HPOS="1109" VPOS="1928" WIDTH="15"/>
						<String ID="P5_ST00107" HPOS="1124" VPOS="1872" WIDTH="151" HEIGHT="41" CONTENT="vom" WC="0.98" CC="400"/>
						<SP ID="P5_SP00089" HPOS="1275" VPOS="1928" WIDTH="15"/>
						<String ID="P5_ST00108" HPOS="1290" VPOS="1855" WIDTH="237" HEIGHT="58" CONTENT="Nutzen" WC="0.99" CC="600002"/>
						<SP ID="P5_SP00090" HPOS="1527" VPOS="1928" WIDTH="21"/>
						<String ID="P5_ST00109" HPOS="1548" VPOS="1854" WIDTH="331" HEIGHT="74" CONTENT="bedingten" WC="1.00" CC="000000000"/>
					</TextLine>
					<TextLine ID="P5_TL00020" HPOS="333" VPOS="1945" WIDTH="1548" HEIGHT="75">
						<String ID="P5_ST00110" HPOS="333" VPOS="1945" WIDTH="244" HEIGHT="73" CONTENT="Zweck," WC="1.00" CC="000000"/>
						<SP ID="P5_SP00091" HPOS="577" VPOS="2018" WIDTH="44"/>
						<String ID="P5_ST00111" HPOS="621" VPOS="1945" WIDTH="275" HEIGHT="58" CONTENT="sondern" WC="0.99" CC="0030054"/>
						<SP ID="P5_SP00092" HPOS="896" VPOS="2018" WIDTH="45"/>
						<String ID="P5_ST00112" HPOS="941" VPOS="1964" WIDTH="63" HEIGHT="39" CONTENT="es" WC="1.00" CC="00"/>
						<SP ID="P5_SP00093" HPOS="1004" VPOS="2018" WIDTH="44"/>
						<String ID="P5_ST00113" HPOS="1048" VPOS="1947" WIDTH="80" HEIGHT="56" CONTENT="ist" WC="0.99" CC="100"/>
						<SP ID="P5_SP00094" HPOS="1128" VPOS="2018" WIDTH="42"/>
						<String ID="P5_ST00114" HPOS="1170" VPOS="1945" WIDTH="262" HEIGHT="75" CONTENT="Setzung" WC="0.99" CC="0000039"/>
						<SP ID="P5_SP00095" HPOS="1432" VPOS="2020" WIDTH="43"/>
						<String ID="P5_ST00115" HPOS="1475" VPOS="1945" WIDTH="111" HEIGHT="60" CONTENT="der" WC="0.98" CC="004"/>
						<SP ID="P5_SP00096" HPOS="1586" VPOS="2020" WIDTH="23"/>
						<String ID="P5_ST00116" HPOS="1609" VPOS="1949" WIDTH="272" HEIGHT="59" CONTENT="Gesetze." WC="1.00" CC="00000004"/>
					</TextLine>
					<TextLine ID="P5_TL00021" HPOS="335" VPOS="2037" WIDTH="1544" HEIGHT="76">
						<String ID="P5_ST00117" HPOS="335" VPOS="2037" WIDTH="115" HEIGHT="57" CONTENT="Die" WC="0.99" CC="030"/>
						<SP ID="P5_SP00097" HPOS="450" VPOS="2094" WIDTH="43"/>
						<String ID="P5_ST00118" HPOS="493" VPOS="2037" WIDTH="252" HEIGHT="57" CONTENT="Gesetze" WC="1.00" CC="0000000"/>
						<SP ID="P5_SP00098" HPOS="745" VPOS="2094" WIDTH="42"/>
						<String ID="P5_ST00119" HPOS="787" VPOS="2037" WIDTH="259" HEIGHT="57" CONTENT="werden" WC="1.00" CC="001004"/>
						<SP ID="P5_SP00099" HPOS="1046" VPOS="2094" WIDTH="44"/>
						<String ID="P5_ST00120" HPOS="1090" VPOS="2038" WIDTH="373" HEIGHT="73" CONTENT="hingestellt," WC="1.00" CC="122000004000"/>
						<SP ID="P5_SP00100" HPOS="1463" VPOS="2111" WIDTH="46"/>
						<String ID="P5_ST00121" HPOS="1509" VPOS="2038" WIDTH="370" HEIGHT="75" CONTENT="dargestellt." WC="1.00" CC="053000500100"/>
					</TextLine>
					<TextLine ID="P5_TL00022" HPOS="337" VPOS="2128" WIDTH="1546" HEIGHT="76">
						<String ID="P5_ST00122" HPOS="337" VPOS="2128" WIDTH="79" HEIGHT="58" CONTENT="Es" WC="1.00" CC="00"/>
						<SP ID="P5_SP00101" HPOS="416" VPOS="2186" WIDTH="63"/>
						<String ID="P5_ST00123" HPOS="479" VPOS="2128" WIDTH="164" HEIGHT="58" CONTENT="wird" WC="0.99" CC="0050"/>
						<SP ID="P5_SP00102" HPOS="643" VPOS="2186" WIDTH="60"/>
						<String ID="P5_ST00124" HPOS="703" VPOS="2132" WIDTH="296" HEIGHT="71" CONTENT="gestaltet," WC="1.00" CC="0000050020"/>
						<SP ID="P5_SP00103" HPOS="999" VPOS="2203" WIDTH="63"/>
						<String ID="P5_ST00125" HPOS="1062" VPOS="2130" WIDTH="401" HEIGHT="74" CONTENT="unabhängig" WC="1.00" CC="5050000030"/>
						<SP ID="P5_SP00104" HPOS="1463" VPOS="2204" WIDTH="61"/>
						<String ID="P5_ST00126" HPOS="1524" VPOS="2148" WIDTH="122" HEIGHT="41" CONTENT="von" WC="0.99" CC="300"/>
						<SP ID="P5_SP00105" HPOS="1646" VPOS="2204" WIDTH="66"/>
						<String ID="P5_ST00127" HPOS="1712" VPOS="2132" WIDTH="171" HEIGHT="57" CONTENT="einer" WC="1.00" CC="00003"/>
					</TextLine>
					<TextLine ID="P5_TL00023" HPOS="335" VPOS="2220" WIDTH="1546" HEIGHT="76">
						<String ID="P5_ST00128" HPOS="335" VPOS="2220" WIDTH="368" HEIGHT="76" CONTENT="Bedingung" WC="1.00" CC="000010400"/>
						<SP ID="P5_SP00106" HPOS="703" VPOS="2296" WIDTH="61"/>
						<String ID="P5_ST00129" HPOS="764" VPOS="2221" WIDTH="108" HEIGHT="58" CONTENT="des" WC="1.00" CC="000"/>
						<SP ID="P5_SP00107" HPOS="872" VPOS="2296" WIDTH="42"/>
						<String ID="P5_ST00130" HPOS="914" VPOS="2221" WIDTH="288" HEIGHT="75" CONTENT="Nutzens," WC="1.00" CC="00020100"/>
						<SP ID="P5_SP00108" HPOS="1202" VPOS="2296" WIDTH="64"/>
						<String ID="P5_ST00131" HPOS="1266" VPOS="2223" WIDTH="166" HEIGHT="58" CONTENT="ohne" WC="0.99" CC="0320"/>
						<SP ID="P5_SP00109" HPOS="1432" VPOS="2296" WIDTH="55"/>
						<String ID="P5_ST00132" HPOS="1487" VPOS="2223" WIDTH="120" HEIGHT="58" CONTENT="den" WC="0.99" CC="002"/>
						<SP ID="P5_SP00110" HPOS="1607" VPOS="2296" WIDTH="42"/>
						<String ID="P5_ST00133" HPOS="1649" VPOS="2225" WIDTH="232" HEIGHT="57" CONTENT="Willen" WC="0.99" CC="000505"/>
					</TextLine>
					<TextLine ID="P5_TL00024" HPOS="333" VPOS="2311" WIDTH="537" HEIGHT="75">
						<String ID="P5_ST00134" HPOS="333" VPOS="2311" WIDTH="175" HEIGHT="58" CONTENT="einer" WC="0.99" CC="00102"/>
						<SP ID="P5_SP00111" HPOS="508" VPOS="2369" WIDTH="40"/>
						<String ID="P5_ST00135" HPOS="548" VPOS="2311" WIDTH="322" HEIGHT="75" CONTENT="Wirkung." WC="0.99" CC="02302390"/>
					</TextLine>
					<TextLine ID="P5_TL00025" HPOS="335" VPOS="2402" WIDTH="1546" HEIGHT="80">
						<String ID="P5_ST00136" HPOS="335" VPOS="2402" WIDTH="115" HEIGHT="58" CONTENT="Die" WC="0.99" CC="300"/>
						<SP ID="P5_SP00112" HPOS="450" VPOS="2460" WIDTH="75"/>
						<String ID="P5_ST00137" HPOS="525" VPOS="2404" WIDTH="508" HEIGHT="73" CONTENT="geistesgemässe" WC="0.97" CC="00002000000000"/>
						<SP ID="P5_SP00113" HPOS="1033" VPOS="2477" WIDTH="73"/>
						<String ID="P5_ST00138" HPOS="1106" VPOS="2406" WIDTH="130" HEIGHT="57" CONTENT="und" WC="0.97" CC="420"/>
						<SP ID="P5_SP00114" HPOS="1236" VPOS="2477" WIDTH="69"/>
						<String ID="P5_ST00139" HPOS="1305" VPOS="2408" WIDTH="576" HEIGHT="74" CONTENT="vernunftgemässe" WC="0.96" CC="004000000000000"/>
					</TextLine>
					<TextLine ID="P5_TL00026" HPOS="333" VPOS="2494" WIDTH="1548" HEIGHT="78">
						<String ID="P5_ST00140" HPOS="333" VPOS="2494" WIDTH="434" HEIGHT="76" CONTENT="Ausdehnung" WC="1.00" CC="0000000200"/>
						<SP ID="P5_SP00115" HPOS="767" VPOS="2570" WIDTH="41"/>
						<String ID="P5_ST00141" HPOS="808" VPOS="2496" WIDTH="115" HEIGHT="59" CONTENT="der" WC="0.98" CC="005"/>
						<SP ID="P5_SP00116" HPOS="923" VPOS="2570" WIDTH="40"/>
						<String ID="P5_ST00142" HPOS="963" VPOS="2497" WIDTH="402" HEIGHT="75" CONTENT="Wortgestalt" WC="1.00" CC="00500000300"/>
						<SP ID="P5_SP00117" HPOS="1365" VPOS="2572" WIDTH="42"/>
						<String ID="P5_ST00143" HPOS="1407" VPOS="2499" WIDTH="296" HEIGHT="58" CONTENT="scheiden" WC="1.00" CC="00005001"/>
						<SP ID="P5_SP00118" HPOS="1703" VPOS="2572" WIDTH="44"/>
						<String ID="P5_ST00144" HPOS="1747" VPOS="2499" WIDTH="134" HEIGHT="58" CONTENT="sich" WC="0.99" CC="0004"/>
					</TextLine>
					<TextLine ID="P5_TL00027" HPOS="333" VPOS="2587" WIDTH="525" HEIGHT="75">
						<String ID="P5_ST00145" HPOS="333" VPOS="2587" WIDTH="65" HEIGHT="56" CONTENT="in" WC="0.84" CC="02"/>
						<SP ID="P5_SP00119" HPOS="398" VPOS="2643" WIDTH="44"/>
						<String ID="P5_ST00146" HPOS="442" VPOS="2587" WIDTH="416" HEIGHT="75" CONTENT="Folgendem:" WC="1.00" CC="0050700000"/>
					</TextLine>
					<TextLine ID="P5_TL00028" HPOS="335" VPOS="2678" WIDTH="1548" HEIGHT="78">
						<String ID="P5_ST00147" HPOS="335" VPOS="2678" WIDTH="115" HEIGHT="58" CONTENT="Die" WC="1.00" CC="000"/>
						<SP ID="P5_SP00120" HPOS="450" VPOS="2736" WIDTH="43"/>
						<String ID="P5_ST00148" HPOS="493" VPOS="2680" WIDTH="506" HEIGHT="73" CONTENT="geistesgemässe" WC="0.95" CC="00006000000000"/>
						<SP ID="P5_SP00121" HPOS="999" VPOS="2753" WIDTH="24"/>
						<String ID="P5_ST00149" HPOS="1023" VPOS="2678" WIDTH="430" HEIGHT="78" CONTENT="Ausdehnung" WC="1.00" CC="1300040000"/>
						<SP ID="P5_SP00122" HPOS="1453" VPOS="2756" WIDTH="22"/>
						<String ID="P5_ST00150" HPOS="1475" VPOS="2684" WIDTH="76" HEIGHT="55" CONTENT="ist" WC="0.99" CC="100"/>
						<SP ID="P5_SP00123" HPOS="1551" VPOS="2756" WIDTH="22"/>
						<String ID="P5_ST00151" HPOS="1573" VPOS="2682" WIDTH="272" HEIGHT="57" CONTENT="Erkennt" SUBS_TYPE="HypPart1" SUBS_CONTENT="Erkenntnismittel." WC="0.99" CC="0300424"/>
						<HYP HPOS="1845" VPOS="2682" WIDTH="38" CONTENT="-"/>
					</TextLine>
					<TextLine ID="P5_TL00029" HPOS="335" VPOS="2772" WIDTH="1548" HEIGHT="76">
						<String ID="P5_ST00152" HPOS="335" VPOS="2772" WIDTH="320" HEIGHT="57" CONTENT="nismittel." SUBS_TYPE="HypPart2" SUBS_CONTENT="Erkenntnismittel." WC="1.00" CC="0003760000"/>
						<SP ID="P5_SP00124" HPOS="655" VPOS="2829" WIDTH="81"/>
						<String ID="P5_ST00153" HPOS="736" VPOS="2772" WIDTH="68" HEIGHT="57" CONTENT="In" WC="1.00" CC="00"/>
						<SP ID="P5_SP00125" HPOS="804" VPOS="2829" WIDTH="63"/>
						<String ID="P5_ST00154" HPOS="867" VPOS="2773" WIDTH="101" HEIGHT="56" CONTENT="ihr" WC="0.98" CC="032"/>
						<SP ID="P5_SP00126" HPOS="968" VPOS="2829" WIDTH="60"/>
						<String ID="P5_ST00155" HPOS="1028" VPOS="2772" WIDTH="106" HEIGHT="59" CONTENT="hat" WC="1.00" CC="000"/>
						<SP ID="P5_SP00127" HPOS="1134" VPOS="2831" WIDTH="51"/>
						<String ID="P5_ST00156" HPOS="1185" VPOS="2773" WIDTH="102" HEIGHT="58" CONTENT="die" WC="1.00" CC="000"/>
						<SP ID="P5_SP00128" HPOS="1287" VPOS="2831" WIDTH="39"/>
						<String ID="P5_ST00157" HPOS="1326" VPOS="2775" WIDTH="399" HEIGHT="73" CONTENT="Wortgestalt" WC="1.00" CC="04300000200"/>
						<SP ID="P5_SP00129" HPOS="1725" VPOS="2848" WIDTH="41"/>
						<String ID="P5_ST00158" HPOS="1766" VPOS="2775" WIDTH="78" HEIGHT="56" CONTENT="Be" SUBS_TYPE="HypPart1" SUBS_CONTENT="Bedeutung," WC="0.99" CC="00"/>
						<HYP HPOS="1844" VPOS="2775" WIDTH="39" CONTENT="-"/>
					</TextLine>
					<TextLine ID="P5_TL00030" HPOS="337" VPOS="2860" WIDTH="1544" HEIGHT="76">
						<String ID="P5_ST00159" HPOS="337" VPOS="2860" WIDTH="294" HEIGHT="76" CONTENT="deutung," SUBS_TYPE="HypPart2" SUBS_CONTENT="Bedeutung," WC="1.00" CC="00203000"/>
						<SP ID="P5_SP00130" HPOS="631" VPOS="2936" WIDTH="46"/>
						<String ID="P5_ST00160" HPOS="677" VPOS="2863" WIDTH="168" HEIGHT="58" CONTENT="Sinn." WC="0.99" CC="00060"/>
						<SP ID="P5_SP00131" HPOS="845" VPOS="2936" WIDTH="59"/>
						<String ID="P5_ST00161" HPOS="904" VPOS="2863" WIDTH="66" HEIGHT="56" CONTENT="In" WC="1.00" CC="00"/>
						<SP ID="P5_SP00132" HPOS="970" VPOS="2936" WIDTH="26"/>
						<String ID="P5_ST00162" HPOS="996" VPOS="2863" WIDTH="103" HEIGHT="58" CONTENT="ihr" WC="0.98" CC="004"/>
						<SP ID="P5_SP00133" HPOS="1099" VPOS="2936" WIDTH="24"/>
						<String ID="P5_ST00163" HPOS="1123" VPOS="2865" WIDTH="255" HEIGHT="57" CONTENT="werden" WC="1.00" CC="002002"/>
						<SP ID="P5_SP00134" HPOS="1378" VPOS="2936" WIDTH="22"/>
						<String ID="P5_ST00164" HPOS="1400" VPOS="2865" WIDTH="102" HEIGHT="57" CONTENT="die" WC="1.00" CC="000"/>
						<SP ID="P5_SP00135" HPOS="1502" VPOS="2936" WIDTH="24"/>
						<String ID="P5_ST00165" HPOS="1526" VPOS="2865" WIDTH="355" HEIGHT="57" CONTENT="Ur-Sachen" WC="0.89" CC="024030000"/>
					</TextLine>
					<TextLine ID="P5_TL00031" HPOS="337" VPOS="2953" WIDTH="1548" HEIGHT="76">
						<String ID="P5_ST00166" HPOS="337" VPOS="2953" WIDTH="281" HEIGHT="59" CONTENT="erkannt." WC="0.99" CC="05002120"/>
						<SP ID="P5_SP00136" HPOS="618" VPOS="3012" WIDTH="83"/>
						<String ID="P5_ST00167" HPOS="701" VPOS="2954" WIDTH="115" HEIGHT="58" CONTENT="Die" WC="1.00" CC="000"/>
						<SP ID="P5_SP00137" HPOS="816" VPOS="3012" WIDTH="41"/>
						<String ID="P5_ST00168" HPOS="857" VPOS="2956" WIDTH="575" HEIGHT="73" CONTENT="vernunftgemässe" WC="0.90" CC="005200020000030"/>
						<SP ID="P5_SP00138" HPOS="1432" VPOS="3029" WIDTH="24"/>
						<String ID="P5_ST00169" HPOS="1456" VPOS="2956" WIDTH="429" HEIGHT="73" CONTENT="Ausdehnung" WC="1.00" CC="0000005010"/>
					</TextLine>
					<TextLine ID="P5_TL00032" HPOS="337" VPOS="3046" WIDTH="1544" HEIGHT="61">
						<String ID="P5_ST00170" HPOS="337" VPOS="3046" WIDTH="161" HEIGHT="56" CONTENT="sieht" WC="1.00" CC="00000"/>
						<SP ID="P5_SP00139" HPOS="498" VPOS="3102" WIDTH="42"/>
						<String ID="P5_ST00171" HPOS="540" VPOS="3065" WIDTH="124" HEIGHT="38" CONTENT="von" WC="0.97" CC="043"/>
						<SP ID="P5_SP00140" HPOS="664" VPOS="3103" WIDTH="45"/>
						<String ID="P5_ST00172" HPOS="709" VPOS="3046" WIDTH="121" HEIGHT="57" CONTENT="den" WC="0.99" CC="003"/>
						<SP ID="P5_SP00141" HPOS="830" VPOS="3103" WIDTH="32"/>
						<String ID="P5_ST00173" HPOS="862" VPOS="3048" WIDTH="320" HEIGHT="57" CONTENT="Ursachen" WC="1.00" CC="04000012"/>
						<SP ID="P5_SP00142" HPOS="1182" VPOS="3105" WIDTH="44"/>
						<String ID="P5_ST00174" HPOS="1226" VPOS="3049" WIDTH="235" HEIGHT="56" CONTENT="ebenso" WC="0.99" CC="040300"/>
						<SP ID="P5_SP00143" HPOS="1461" VPOS="3105" WIDTH="44"/>
						<String ID="P5_ST00175" HPOS="1505" VPOS="3049" WIDTH="76" HEIGHT="56" CONTENT="ab" WC="0.69" CC="41"/>
						<SP ID="P5_SP00144" HPOS="1581" VPOS="3105" WIDTH="33"/>
						<String ID="P5_ST00176" HPOS="1614" VPOS="3049" WIDTH="120" HEIGHT="58" CONTENT="wie" WC="1.00" CC="000"/>
						<SP ID="P5_SP00145" HPOS="1734" VPOS="3107" WIDTH="24"/>
						<String ID="P5_ST00177" HPOS="1758" VPOS="3068" WIDTH="123" HEIGHT="39" CONTENT="von" WC="1.00" CC="000"/>
					</TextLine>
					<TextLine ID="P5_TL00033" HPOS="337" VPOS="3136" WIDTH="1546" HEIGHT="78">
						<String ID="P5_ST00178" HPOS="337" VPOS="3136" WIDTH="122" HEIGHT="57" CONTENT="den" WC="1.00" CC="000"/>
						<SP ID="P5_SP00146" HPOS="459" VPOS="3193" WIDTH="32"/>
						<String ID="P5_ST00179" HPOS="491" VPOS="3137" WIDTH="403" HEIGHT="75" CONTENT="Wirkungen." WC="1.00" CC="0030100020"/>
						<SP ID="P5_SP00147" HPOS="894" VPOS="3212" WIDTH="83"/>
						<String ID="P5_ST00180" HPOS="977" VPOS="3139" WIDTH="117" HEIGHT="56" CONTENT="Die" WC="1.00" CC="100"/>
						<SP ID="P5_SP00148" HPOS="1094" VPOS="3212" WIDTH="29"/>
						<String ID="P5_ST00181" HPOS="1123" VPOS="3141" WIDTH="579" HEIGHT="73" CONTENT="vernunftgemässe" WC="0.95" CC="102020000000000"/>
						<SP ID="P5_SP00149" HPOS="1702" VPOS="3214" WIDTH="22"/>
						<String ID="P5_ST00182" HPOS="1724" VPOS="3139" WIDTH="120" HEIGHT="59" CONTENT="Aus" SUBS_TYPE="HypPart1" SUBS_CONTENT="Ausdehnung" WC="1.00" CC="000"/>
						<HYP HPOS="1844" VPOS="3139" WIDTH="39" CONTENT="-"/>
					</TextLine>
					<TextLine ID="P5_TL00034" HPOS="337" VPOS="3227" WIDTH="1544" HEIGHT="78">
						<String ID="P5_ST00183" HPOS="337" VPOS="3227" WIDTH="300" HEIGHT="76" CONTENT="dehnung" SUBS_TYPE="HypPart2" SUBS_CONTENT="Ausdehnung" WC="1.00" CC="0003400"/>
						<SP ID="P5_SP00150" HPOS="637" VPOS="3303" WIDTH="66"/>
						<String ID="P5_ST00184" HPOS="703" VPOS="3230" WIDTH="77" HEIGHT="56" CONTENT="ist" WC="1.00" CC="000"/>
						<SP ID="P5_SP00151" HPOS="780" VPOS="3303" WIDTH="67"/>
						<String ID="P5_ST00185" HPOS="847" VPOS="3230" WIDTH="142" HEIGHT="58" CONTENT="kein" WC="1.00" CC="0002"/>
						<SP ID="P5_SP00152" HPOS="989" VPOS="3303" WIDTH="57"/>
						<String ID="P5_ST00186" HPOS="1046" VPOS="3230" WIDTH="193" HEIGHT="58" CONTENT="Mittel" WC="1.00" CC="000300"/>
						<SP ID="P5_SP00153" HPOS="1239" VPOS="3303" WIDTH="70"/>
						<String ID="P5_ST00187" HPOS="1309" VPOS="3230" WIDTH="112" HEIGHT="58" CONTENT="der" WC="1.00" CC="001"/>
						<SP ID="P5_SP00154" HPOS="1421" VPOS="3303" WIDTH="67"/>
						<String ID="P5_ST00188" HPOS="1488" VPOS="3230" WIDTH="393" HEIGHT="75" CONTENT="Erkenntnis," WC="1.00" CC="06400004001"/>
					</TextLine>
					<TextLine ID="P5_TL00035" HPOS="335" VPOS="3319" WIDTH="1548" HEIGHT="62">
						<String ID="P5_ST00189" HPOS="335" VPOS="3319" WIDTH="276" HEIGHT="59" CONTENT="sondern" WC="1.00" CC="0000032"/>
						<SP ID="P5_SP00155" HPOS="611" VPOS="3378" WIDTH="46"/>
						<String ID="P5_ST00190" HPOS="657" VPOS="3320" WIDTH="103" HEIGHT="58" CONTENT="die" WC="1.00" CC="000"/>
						<SP ID="P5_SP00156" HPOS="760" VPOS="3378" WIDTH="42"/>
						<String ID="P5_ST00191" HPOS="802" VPOS="3320" WIDTH="380" HEIGHT="59" CONTENT="Erkenntnis" WC="0.99" CC="0300606200"/>
						<SP ID="P5_SP00157" HPOS="1182" VPOS="3379" WIDTH="44"/>
						<String ID="P5_ST00192" HPOS="1226" VPOS="3322" WIDTH="208" HEIGHT="57" CONTENT="selbst." WC="1.00" CC="0004000"/>
						<SP ID="P5_SP00158" HPOS="1434" VPOS="3379" WIDTH="85"/>
						<String ID="P5_ST00193" HPOS="1519" VPOS="3324" WIDTH="113" HEIGHT="55" CONTENT="Die" WC="0.99" CC="200"/>
						<SP ID="P5_SP00159" HPOS="1632" VPOS="3379" WIDTH="43"/>
						<String ID="P5_ST00194" HPOS="1675" VPOS="3324" WIDTH="167" HEIGHT="57" CONTENT="Wort" SUBS_TYPE="HypPart1" SUBS_CONTENT="Wortkomposition" WC="0.99" CC="0040"/>
						<HYP HPOS="1842" VPOS="3324" WIDTH="41" CONTENT="-"/>
					</TextLine>
					<TextLine ID="P5_TL00036" HPOS="335" VPOS="3412" WIDTH="1550" HEIGHT="76">
						<String ID="P5_ST00195" HPOS="335" VPOS="3412" WIDTH="434" HEIGHT="74" CONTENT="komposition" SUBS_TYPE="HypPart2" SUBS_CONTENT="Wortkomposition" WC="1.00" CC="00000000006"/>
						<SP ID="P5_SP00160" HPOS="769" VPOS="3486" WIDTH="61"/>
						<String ID="P5_ST00196" HPOS="830" VPOS="3413" WIDTH="79" HEIGHT="56" CONTENT="ist" WC="1.00" CC="000"/>
						<SP ID="P5_SP00161" HPOS="909" VPOS="3486" WIDTH="61"/>
						<String ID="P5_ST00197" HPOS="970" VPOS="3413" WIDTH="136" HEIGHT="56" CONTENT="also" WC="1.00" CC="1000"/>
						<SP ID="P5_SP00162" HPOS="1106" VPOS="3486" WIDTH="57"/>
						<String ID="P5_ST00198" HPOS="1163" VPOS="3413" WIDTH="401" HEIGHT="75" CONTENT="unabhängig" WC="0.99" CC="4320061000"/>
						<SP ID="P5_SP00163" HPOS="1564" VPOS="3488" WIDTH="41"/>
						<String ID="P5_ST00199" HPOS="1605" VPOS="3432" WIDTH="124" HEIGHT="41" CONTENT="von" WC="1.00" CC="000"/>
						<SP ID="P5_SP00164" HPOS="1729" VPOS="3488" WIDTH="44"/>
						<String ID="P5_ST00200" HPOS="1773" VPOS="3413" WIDTH="112" HEIGHT="58" CONTENT="der" WC="0.98" CC="005"/>
					</TextLine>
					<TextLine ID="P5_TL00037" HPOS="335" VPOS="3503" WIDTH="1550" HEIGHT="76">
						<String ID="P5_ST00201" HPOS="335" VPOS="3503" WIDTH="550" HEIGHT="75" CONTENT="geistesgemässen" WC="0.88" CC="904000000000004"/>
						<SP ID="P5_SP00165" HPOS="885" VPOS="3578" WIDTH="56"/>
						<String ID="P5_ST00202" HPOS="941" VPOS="3503" WIDTH="430" HEIGHT="75" CONTENT="Ausdehnung" WC="1.00" CC="0300003050"/>
						<SP ID="P5_SP00166" HPOS="1371" VPOS="3578" WIDTH="66"/>
						<String ID="P5_ST00203" HPOS="1437" VPOS="3503" WIDTH="112" HEIGHT="59" CONTENT="der" WC="0.99" CC="002"/>
						<SP ID="P5_SP00167" HPOS="1549" VPOS="3578" WIDTH="53"/>
						<String ID="P5_ST00204" HPOS="1602" VPOS="3505" WIDTH="243" HEIGHT="74" CONTENT="Wortge" SUBS_TYPE="HypPart1" SUBS_CONTENT="Wortgestalt." WC="1.00" CC="003000"/>
						<HYP HPOS="1845" VPOS="3505" WIDTH="40" CONTENT="-"/>
					</TextLine>
					<TextLine ID="P5_TL00038" HPOS="335" VPOS="3595" WIDTH="1548" HEIGHT="74">
						<String ID="P5_ST00205" HPOS="335" VPOS="3595" WIDTH="159" HEIGHT="57" CONTENT="stalt." SUBS_TYPE="HypPart2" SUBS_CONTENT="Wortgestalt." WC="0.99" CC="041002"/>
						<SP ID="P5_SP00168" HPOS="494" VPOS="3652" WIDTH="70"/>
						<String ID="P5_ST00206" HPOS="564" VPOS="3595" WIDTH="115" HEIGHT="57" CONTENT="Die" WC="1.00" CC="010"/>
						<SP ID="P5_SP00169" HPOS="679" VPOS="3652" WIDTH="24"/>
						<String ID="P5_ST00207" HPOS="703" VPOS="3595" WIDTH="167" HEIGHT="59" CONTENT="Welt" WC="0.99" CC="0050"/>
						<SP ID="P5_SP00170" HPOS="870" VPOS="3654" WIDTH="31"/>
						<String ID="P5_ST00208" HPOS="901" VPOS="3595" WIDTH="111" HEIGHT="59" CONTENT="der" WC="0.98" CC="005"/>
						<SP ID="P5_SP00171" HPOS="1012" VPOS="3654" WIDTH="21"/>
						<String ID="P5_ST00209" HPOS="1033" VPOS="3595" WIDTH="401" HEIGHT="74" CONTENT="Vorstellung" WC="0.99" CC="00000066249"/>
						<SP ID="P5_SP00172" HPOS="1434" VPOS="3669" WIDTH="22"/>
						<String ID="P5_ST00210" HPOS="1456" VPOS="3596" WIDTH="164" HEIGHT="56" CONTENT="kann" WC="0.99" CC="0041"/>
						<SP ID="P5_SP00173" HPOS="1620" VPOS="3669" WIDTH="33"/>
						<String ID="P5_ST00211" HPOS="1653" VPOS="3615" WIDTH="192" HEIGHT="39" CONTENT="unver" SUBS_TYPE="HypPart1" SUBS_CONTENT="unvernünftig" WC="0.99" CC="52002"/>
						<HYP HPOS="1845" VPOS="3615" WIDTH="38" CONTENT="-"/>
					</TextLine>
					<TextLine ID="P5_TL00039" HPOS="335" VPOS="3686" WIDTH="1546" HEIGHT="74">
						<String ID="P5_ST00212" HPOS="335" VPOS="3686" WIDTH="242" HEIGHT="74" CONTENT="nünftig" SUBS_TYPE="HypPart2" SUBS_CONTENT="unvernünftig" WC="0.99" CC="2040340"/>
						<SP ID="P5_SP00174" HPOS="577" VPOS="3760" WIDTH="22"/>
						<String ID="P5_ST00213" HPOS="599" VPOS="3688" WIDTH="153" HEIGHT="69" CONTENT="sein," WC="0.99" CC="00124"/>
						<SP ID="P5_SP00175" HPOS="752" VPOS="3760" WIDTH="69"/>
						<String ID="P5_ST00214" HPOS="821" VPOS="3686" WIDTH="102" HEIGHT="58" CONTENT="die" WC="1.00" CC="000"/>
						<SP ID="P5_SP00176" HPOS="923" VPOS="3760" WIDTH="59"/>
						<String ID="P5_ST00215" HPOS="982" VPOS="3686" WIDTH="166" HEIGHT="59" CONTENT="Welt" WC="0.99" CC="0050"/>
						<SP ID="P5_SP00177" HPOS="1148" VPOS="3760" WIDTH="61"/>
						<String ID="P5_ST00216" HPOS="1209" VPOS="3686" WIDTH="112" HEIGHT="58" CONTENT="der" WC="1.00" CC="000"/>
						<SP ID="P5_SP00178" HPOS="1321" VPOS="3760" WIDTH="40"/>
						<String ID="P5_ST00217" HPOS="1361" VPOS="3686" WIDTH="273" HEIGHT="59" CONTENT=".Gesetze" WC="1.00" CC="40000000"/>
						<SP ID="P5_SP00179" HPOS="1634" VPOS="3760" WIDTH="59"/>
						<String ID="P5_ST00218" HPOS="1693" VPOS="3688" WIDTH="188" HEIGHT="57" CONTENT="nicht." WC="0.99" CC="400030"/>
					</TextLine>
					<TextLine ID="P5_TL00040" HPOS="337" VPOS="3777" WIDTH="1544" HEIGHT="60">
						<String ID="P5_ST00219" HPOS="337" VPOS="3777" WIDTH="115" HEIGHT="58" CONTENT="Die" WC="0.98" CC="120"/>
						<SP ID="P5_SP00180" HPOS="452" VPOS="3835" WIDTH="29"/>
						<String ID="P5_ST00220" HPOS="481" VPOS="3777" WIDTH="259" HEIGHT="60" CONTENT="Absicht" WC="0.99" CC="2103000"/>
						<SP ID="P5_SP00181" HPOS="740" VPOS="3837" WIDTH="20"/>
						<String ID="P5_ST00221" HPOS="760" VPOS="3779" WIDTH="78" HEIGHT="56" CONTENT="ist" WC="1.00" CC="000"/>
						<SP ID="P5_SP00182" HPOS="838" VPOS="3837" WIDTH="24"/>
						<String ID="P5_ST00222" HPOS="862" VPOS="3777" WIDTH="112" HEIGHT="58" CONTENT="der" WC="0.98" CC="005"/>
						<SP ID="P5_SP00183" HPOS="974" VPOS="3837" WIDTH="22"/>
						<String ID="P5_ST00223" HPOS="996" VPOS="3777" WIDTH="276" HEIGHT="58" CONTENT="Ursache" WC="0.99" CC="0400040"/>
						<SP ID="P5_SP00184" HPOS="1272" VPOS="3837" WIDTH="28"/>
						<String ID="P5_ST00224" HPOS="1300" VPOS="3779" WIDTH="122" HEIGHT="56" CONTENT="wie" WC="1.00" CC="010"/>
						<SP ID="P5_SP00185" HPOS="1422" VPOS="3837" WIDTH="24"/>
						<String ID="P5_ST00225" HPOS="1446" VPOS="3777" WIDTH="112" HEIGHT="58" CONTENT="der" WC="0.98" CC="006"/>
						<SP ID="P5_SP00186" HPOS="1558" VPOS="3837" WIDTH="22"/>
						<String ID="P5_ST00226" HPOS="1580" VPOS="3777" WIDTH="301" HEIGHT="60" CONTENT="Tatsache" WC="1.00" CC="00000000"/>
					</TextLine>
					<TextLine ID="P5_TL00041" HPOS="335" VPOS="3867" WIDTH="1548" HEIGHT="61">
						<String ID="P5_ST00227" HPOS="335" VPOS="3869" WIDTH="381" HEIGHT="57" CONTENT="unbekannt." WC="1.00" CC="4100001100"/>
						<SP ID="P5_SP00187" HPOS="716" VPOS="3926" WIDTH="83"/>
						<String ID="P5_ST00228" HPOS="799" VPOS="3869" WIDTH="115" HEIGHT="57" CONTENT="Die" WC="0.99" CC="300"/>
						<SP ID="P5_SP00188" HPOS="914" VPOS="3926" WIDTH="49"/>
						<String ID="P5_ST00229" HPOS="963" VPOS="3869" WIDTH="165" HEIGHT="59" CONTENT="Welt" WC="0.99" CC="0050"/>
						<SP ID="P5_SP00189" HPOS="1128" VPOS="3928" WIDTH="54"/>
						<String ID="P5_ST00230" HPOS="1182" VPOS="3867" WIDTH="112" HEIGHT="58" CONTENT="der" WC="0.98" CC="004"/>
						<SP ID="P5_SP00190" HPOS="1294" VPOS="3928" WIDTH="42"/>
						<String ID="P5_ST00231" HPOS="1336" VPOS="3867" WIDTH="252" HEIGHT="59" CONTENT="Gesetze" WC="1.00" CC="0000000"/>
						<SP ID="P5_SP00191" HPOS="1588" VPOS="3928" WIDTH="53"/>
						<String ID="P5_ST00232" HPOS="1641" VPOS="3869" WIDTH="242" HEIGHT="57" CONTENT="besteht" WC="0.99" CC="7000053"/>
					</TextLine>
					<TextLine ID="P5_TL00042" HPOS="337" VPOS="3959" WIDTH="1546" HEIGHT="76">
						<String ID="P5_ST00233" HPOS="337" VPOS="3959" WIDTH="401" HEIGHT="76" CONTENT="unabhängig" WC="0.99" CC="0405103700"/>
						<SP ID="P5_SP00192" HPOS="738" VPOS="4035" WIDTH="59"/>
						<String ID="P5_ST00234" HPOS="797" VPOS="3979" WIDTH="124" HEIGHT="39" CONTENT="von" WC="0.98" CC="004"/>
						<SP ID="P5_SP00193" HPOS="921" VPOS="4035" WIDTH="54"/>
						<String ID="P5_ST00235" HPOS="975" VPOS="3960" WIDTH="112" HEIGHT="58" CONTENT="der" WC="0.99" CC="002"/>
						<SP ID="P5_SP00194" HPOS="1087" VPOS="4035" WIDTH="41"/>
						<String ID="P5_ST00236" HPOS="1128" VPOS="3960" WIDTH="164" HEIGHT="58" CONTENT="Welt" WC="0.99" CC="0040"/>
						<SP ID="P5_SP00195" HPOS="1292" VPOS="4035" WIDTH="42"/>
						<String ID="P5_ST00237" HPOS="1334" VPOS="3959" WIDTH="112" HEIGHT="59" CONTENT="der" WC="0.98" CC="004"/>
						<SP ID="P5_SP00196" HPOS="1446" VPOS="4035" WIDTH="41"/>
						<String ID="P5_ST00238" HPOS="1487" VPOS="3960" WIDTH="396" HEIGHT="75" CONTENT="Vorstellung" WC="1.00" CC="00300003500"/>
					</TextLine>
					<TextLine ID="P5_TL00043" HPOS="337" VPOS="4050" WIDTH="1544" HEIGHT="76">
						<String ID="P5_ST00239" HPOS="337" VPOS="4050" WIDTH="122" HEIGHT="58" CONTENT="wie" WC="1.00" CC="000"/>
						<SP ID="P5_SP00197" HPOS="459" VPOS="4108" WIDTH="40"/>
						<String ID="P5_ST00240" HPOS="499" VPOS="4050" WIDTH="116" HEIGHT="59" CONTENT="der" WC="0.99" CC="003"/>
						<SP ID="P5_SP00198" HPOS="615" VPOS="4109" WIDTH="40"/>
						<String ID="P5_ST00241" HPOS="655" VPOS="4052" WIDTH="166" HEIGHT="57" CONTENT="Welt" WC="1.00" CC="0020"/>
						<SP ID="P5_SP00199" HPOS="821" VPOS="4109" WIDTH="41"/>
						<String ID="P5_ST00242" HPOS="862" VPOS="4052" WIDTH="108" HEIGHT="57" CONTENT="des" WC="1.00" CC="000"/>
						<SP ID="P5_SP00200" HPOS="970" VPOS="4109" WIDTH="41"/>
						<String ID="P5_ST00243" HPOS="1011" VPOS="4052" WIDTH="284" HEIGHT="59" CONTENT="Willens." WC="1.00" CC="00300100"/>
						<SP ID="P5_SP00201" HPOS="1295" VPOS="4111" WIDTH="82"/>
						<String ID="P5_ST00244" HPOS="1377" VPOS="4052" WIDTH="66" HEIGHT="56" CONTENT="In" WC="0.90" CC="02"/>
						<SP ID="P5_SP00202" HPOS="1443" VPOS="4111" WIDTH="45"/>
						<String ID="P5_ST00245" HPOS="1488" VPOS="4050" WIDTH="112" HEIGHT="59" CONTENT="der" WC="1.00" CC="000"/>
						<SP ID="P5_SP00203" HPOS="1600" VPOS="4111" WIDTH="31"/>
						<String ID="P5_ST00246" HPOS="1631" VPOS="4052" WIDTH="219" HEIGHT="74" CONTENT="geistes" SUBS_TYPE="HypPart1" SUBS_CONTENT="geistesgemässen" WC="0.94" CC="0040000"/>
						<HYP HPOS="1850" VPOS="4052" WIDTH="31" CONTENT="-"/>
					</TextLine>
					<TextLine ID="P5_TL00044" HPOS="335" VPOS="4141" WIDTH="1548" HEIGHT="77">
						<String ID="P5_ST00247" HPOS="335" VPOS="4145" WIDTH="327" HEIGHT="71" CONTENT="gemässen" SUBS_TYPE="HypPart2" SUBS_CONTENT="geistesgemässen" WC="0.89" CC="80000000"/>
						<SP ID="P5_SP00204" HPOS="662" VPOS="4216" WIDTH="25"/>
						<String ID="P5_ST00248" HPOS="687" VPOS="4141" WIDTH="432" HEIGHT="77" CONTENT="Ausdehnung" WC="1.00" CC="0000002040"/>
						<SP ID="P5_SP00205" HPOS="1119" VPOS="4218" WIDTH="41"/>
						<String ID="P5_ST00249" HPOS="1160" VPOS="4143" WIDTH="162" HEIGHT="59" CONTENT="wird" WC="0.99" CC="0040"/>
						<SP ID="P5_SP00206" HPOS="1322" VPOS="4218" WIDTH="31"/>
						<String ID="P5_ST00250" HPOS="1353" VPOS="4143" WIDTH="101" HEIGHT="58" CONTENT="die" WC="1.00" CC="000"/>
						<SP ID="P5_SP00207" HPOS="1454" VPOS="4218" WIDTH="31"/>
						<String ID="P5_ST00251" HPOS="1485" VPOS="4143" WIDTH="398" HEIGHT="75" CONTENT="Wortgestalt" WC="1.00" CC="00210000000"/>
					</TextLine>
					<TextLine ID="P5_TL00045" HPOS="335" VPOS="4235" WIDTH="1548" HEIGHT="74">
						<String ID="P5_ST00252" HPOS="335" VPOS="4235" WIDTH="439" HEIGHT="72" CONTENT="konzentriert," WC="1.00" CC="0000000330300"/>
						<SP ID="P5_SP00208" HPOS="774" VPOS="4307" WIDTH="69"/>
						<String ID="P5_ST00253" HPOS="843" VPOS="4235" WIDTH="325" HEIGHT="74" CONTENT="gedichtet." WC="1.00" CC="0000003354"/>
						<SP ID="P5_SP00209" HPOS="1168" VPOS="4309" WIDTH="87"/>
						<String ID="P5_ST00254" HPOS="1255" VPOS="4236" WIDTH="221" HEIGHT="73" CONTENT="Zeiten," WC="0.99" CC="5000003"/>
						<SP ID="P5_SP00210" HPOS="1476" VPOS="4309" WIDTH="72"/>
						<String ID="P5_ST00255" HPOS="1548" VPOS="4235" WIDTH="101" HEIGHT="57" CONTENT="die" WC="1.00" CC="000"/>
						<SP ID="P5_SP00211" HPOS="1649" VPOS="4309" WIDTH="53"/>
						<String ID="P5_ST00256" HPOS="1702" VPOS="4236" WIDTH="181" HEIGHT="56" CONTENT="keine" WC="0.99" CC="00070"/>
					</TextLine>
					<TextLine ID="P5_TL00046" HPOS="337" VPOS="4324" WIDTH="1548" HEIGHT="75">
						<String ID="P5_ST00257" HPOS="337" VPOS="4324" WIDTH="284" HEIGHT="58" CONTENT="Einsicht" WC="1.00" CC="00402040"/>
						<SP ID="P5_SP00212" HPOS="621" VPOS="4382" WIDTH="27"/>
						<String ID="P5_ST00258" HPOS="648" VPOS="4326" WIDTH="63" HEIGHT="56" CONTENT="in" WC="0.69" CC="32"/>
						<SP ID="P5_SP00213" HPOS="711" VPOS="4382" WIDTH="27"/>
						<String ID="P5_ST00259" HPOS="738" VPOS="4324" WIDTH="102" HEIGHT="58" CONTENT="die" WC="1.00" CC="000"/>
						<SP ID="P5_SP00214" HPOS="840" VPOS="4382" WIDTH="17"/>
						<String ID="P5_ST00260" HPOS="857" VPOS="4328" WIDTH="579" HEIGHT="71" CONTENT="vernunftgemässe" WC="0.89" CC="015450000000000"/>
						<SP ID="P5_SP00215" HPOS="1436" VPOS="4399" WIDTH="17"/>
						<String ID="P5_ST00261" HPOS="1453" VPOS="4326" WIDTH="432" HEIGHT="73" CONTENT="Ausdehnung" WC="1.00" CC="0000051020"/>
					</TextLine>
					<TextLine ID="P5_TL00047" HPOS="337" VPOS="4416" WIDTH="1546" HEIGHT="74">
						<String ID="P5_ST00262" HPOS="337" VPOS="4418" WIDTH="225" HEIGHT="71" CONTENT="haben," WC="0.99" CC="003033"/>
						<SP ID="P5_SP00216" HPOS="562" VPOS="4489" WIDTH="44"/>
						<String ID="P5_ST00263" HPOS="606" VPOS="4416" WIDTH="212" HEIGHT="57" CONTENT="halten" WC="0.99" CC="003006"/>
						<SP ID="P5_SP00217" HPOS="818" VPOS="4489" WIDTH="44"/>
						<String ID="P5_ST00264" HPOS="862" VPOS="4416" WIDTH="198" HEIGHT="57" CONTENT="daher" WC="0.99" CC="03400"/>
						<SP ID="P5_SP00218" HPOS="1060" VPOS="4489" WIDTH="42"/>
						<String ID="P5_ST00265" HPOS="1102" VPOS="4418" WIDTH="390" HEIGHT="72" CONTENT="Dichtungen" WC="1.00" CC="1300700001"/>
						<SP ID="P5_SP00219" HPOS="1492" VPOS="4490" WIDTH="42"/>
						<String ID="P5_ST00266" HPOS="1534" VPOS="4418" WIDTH="102" HEIGHT="55" CONTENT="für" WC="0.99" CC="002"/>
						<SP ID="P5_SP00220" HPOS="1636" VPOS="4490" WIDTH="37"/>
						<String ID="P5_ST00267" HPOS="1673" VPOS="4418" WIDTH="168" HEIGHT="57" CONTENT="Wort" SUBS_TYPE="HypPart1" SUBS_CONTENT="Wortkunstwerke." WC="1.00" CC="0020"/>
						<HYP HPOS="1841" VPOS="4418" WIDTH="42" CONTENT="-"/>
					</TextLine>
					<TextLine ID="P5_TL00048" HPOS="335" VPOS="4507" WIDTH="1548" HEIGHT="75">
						<String ID="P5_ST00268" HPOS="335" VPOS="4509" WIDTH="420" HEIGHT="58" CONTENT="kunstwerke." SUBS_TYPE="HypPart2" SUBS_CONTENT="Wortkunstwerke." WC="1.00" CC="11000005000"/>
						<SP ID="P5_SP00221" HPOS="755" VPOS="4567" WIDTH="85"/>
						<String ID="P5_ST00269" HPOS="840" VPOS="4509" WIDTH="183" HEIGHT="58" CONTENT="Diese" WC="1.00" CC="00000"/>
						<SP ID="P5_SP00222" HPOS="1023" VPOS="4567" WIDTH="42"/>
						<String ID="P5_ST00270" HPOS="1065" VPOS="4509" WIDTH="393" HEIGHT="73" CONTENT="Dichtungen" WC="1.00" CC="0003010003"/>
						<SP ID="P5_SP00223" HPOS="1458" VPOS="4582" WIDTH="42"/>
						<String ID="P5_ST00271" HPOS="1500" VPOS="4507" WIDTH="142" HEIGHT="60" CONTENT="sind" WC="0.99" CC="0030"/>
						<SP ID="P5_SP00224" HPOS="1642" VPOS="4582" WIDTH="39"/>
						<String ID="P5_ST00272" HPOS="1681" VPOS="4509" WIDTH="169" HEIGHT="73" CONTENT="regel" SUBS_TYPE="HypPart1" SUBS_CONTENT="regelmässig" WC="0.99" CC="30002"/>
						<HYP HPOS="1850" VPOS="4509" WIDTH="33" CONTENT="-"/>
					</TextLine>
					<TextLine ID="P5_TL00049" HPOS="333" VPOS="4599" WIDTH="1550" HEIGHT="74">
						<String ID="P5_ST00273" HPOS="333" VPOS="4600" WIDTH="234" HEIGHT="73" CONTENT="mässig" SUBS_TYPE="HypPart2" SUBS_CONTENT="regelmässig" WC="1.00" CC="500000"/>
						<SP ID="P5_SP00225" HPOS="567" VPOS="4673" WIDTH="58"/>
						<String ID="P5_ST00274" HPOS="625" VPOS="4599" WIDTH="691" HEIGHT="59" CONTENT="Erkenntnisversuche" WC="1.00" CC="050004034100003000"/>
						<SP ID="P5_SP00226" HPOS="1316" VPOS="4673" WIDTH="61"/>
						<String ID="P5_ST00275" HPOS="1377" VPOS="4617" WIDTH="111" HEIGHT="39" CONTENT="aus" WC="0.99" CC="020"/>
						<SP ID="P5_SP00227" HPOS="1488" VPOS="4673" WIDTH="56"/>
						<String ID="P5_ST00276" HPOS="1544" VPOS="4599" WIDTH="114" HEIGHT="57" CONTENT="der" WC="0.99" CC="003"/>
						<SP ID="P5_SP00228" HPOS="1658" VPOS="4673" WIDTH="59"/>
						<String ID="P5_ST00277" HPOS="1717" VPOS="4599" WIDTH="166" HEIGHT="59" CONTENT="Welt" WC="1.00" CC="0000"/>
					</TextLine>
					<TextLine ID="P5_TL00050" HPOS="335" VPOS="4688" WIDTH="1548" HEIGHT="77">
						<String ID="P5_ST00278" HPOS="335" VPOS="4690" WIDTH="114" HEIGHT="59" CONTENT="der" WC="0.98" CC="004"/>
						<SP ID="P5_SP00229" HPOS="449" VPOS="4749" WIDTH="52"/>
						<String ID="P5_ST00279" HPOS="501" VPOS="4692" WIDTH="417" HEIGHT="73" CONTENT="Vorstellung." WC="1.00" CC="003000010000"/>
						<SP ID="P5_SP00230" HPOS="918" VPOS="4765" WIDTH="81"/>
						<String ID="P5_ST00280" HPOS="999" VPOS="4692" WIDTH="227" HEIGHT="71" CONTENT="Zeiten," WC="1.00" CC="0000031"/>
						<SP ID="P5_SP00231" HPOS="1226" VPOS="4765" WIDTH="66"/>
						<String ID="P5_ST00281" HPOS="1292" VPOS="4688" WIDTH="201" HEIGHT="60" CONTENT="denen" WC="0.99" CC="00305"/>
						<SP ID="P5_SP00232" HPOS="1493" VPOS="4765" WIDTH="63"/>
						<String ID="P5_ST00282" HPOS="1556" VPOS="4690" WIDTH="163" HEIGHT="59" CONTENT="auch" WC="0.99" CC="1400"/>
						<SP ID="P5_SP00233" HPOS="1719" VPOS="4765" WIDTH="62"/>
						<String ID="P5_ST00283" HPOS="1781" VPOS="4690" WIDTH="102" HEIGHT="58" CONTENT="die" WC="1.00" CC="000"/>
					</TextLine>
					<TextLine ID="P5_TL00051" HPOS="333" VPOS="4782" WIDTH="1548" HEIGHT="74">
						<String ID="P5_ST00284" HPOS="333" VPOS="4783" WIDTH="168" HEIGHT="60" CONTENT="Welt" WC="0.99" CC="0030"/>
						<SP ID="P5_SP00234" HPOS="501" VPOS="4843" WIDTH="41"/>
						<String ID="P5_ST00285" HPOS="542" VPOS="4783" WIDTH="113" HEIGHT="60" CONTENT="der" WC="0.99" CC="003"/>
						<SP ID="P5_SP00235" HPOS="655" VPOS="4843" WIDTH="41"/>
						<String ID="P5_ST00286" HPOS="696" VPOS="4785" WIDTH="399" HEIGHT="71" CONTENT="Vorstellung" WC="1.00" CC="00400000100"/>
						<SP ID="P5_SP00236" HPOS="1095" VPOS="4856" WIDTH="43"/>
						<String ID="P5_ST00287" HPOS="1138" VPOS="4782" WIDTH="228" HEIGHT="57" CONTENT="unklar" WC="0.99" CC="060013"/>
						<SP ID="P5_SP00237" HPOS="1366" VPOS="4856" WIDTH="39"/>
						<String ID="P5_ST00288" HPOS="1405" VPOS="4783" WIDTH="95" HEIGHT="73" CONTENT="ist," WC="1.00" CC="0002"/>
						<SP ID="P5_SP00238" HPOS="1500" VPOS="4856" WIDTH="44"/>
						<String ID="P5_ST00289" HPOS="1544" VPOS="4783" WIDTH="212" HEIGHT="58" CONTENT="halten" WC="0.99" CC="105001"/>
						<SP ID="P5_SP00239" HPOS="1756" VPOS="4856" WIDTH="24"/>
						<String ID="P5_ST00290" HPOS="1780" VPOS="4782" WIDTH="101" HEIGHT="57" CONTENT="die" WC="1.00" CC="010"/>
					</TextLine>
					<TextLine ID="P5_TL00052" HPOS="337" VPOS="4875" WIDTH="1542" HEIGHT="78">
						<String ID="P5_ST00291" HPOS="337" VPOS="4875" WIDTH="599" HEIGHT="78" CONTENT="Umgangssprache," WC="1.00" CC="200000000000503"/>
						<SP ID="P5_SP00240" HPOS="936" VPOS="4953" WIDTH="44"/>
						<String ID="P5_ST00292" HPOS="980" VPOS="4893" WIDTH="188" HEIGHT="43" CONTENT="wenn" WC="0.99" CC="0006"/>
						<SP ID="P5_SP00241" HPOS="1168" VPOS="4953" WIDTH="39"/>
						<String ID="P5_ST00293" HPOS="1207" VPOS="4875" WIDTH="90" HEIGHT="59" CONTENT="sie" WC="1.00" CC="000"/>
						<SP ID="P5_SP00242" HPOS="1297" VPOS="4953" WIDTH="37"/>
						<String ID="P5_ST00294" HPOS="1334" VPOS="4875" WIDTH="122" HEIGHT="57" CONTENT="den" WC="0.99" CC="003"/>
						<SP ID="P5_SP00243" HPOS="1456" VPOS="4953" WIDTH="31"/>
						<String ID="P5_ST00295" HPOS="1487" VPOS="4875" WIDTH="392" HEIGHT="74" CONTENT="Dichtungen" WC="1.00" CC="1004000001"/>
					</TextLine>
					<TextLine ID="P5_TL00053" HPOS="333" VPOS="4966" WIDTH="1545" HEIGHT="76">
						<String ID="P5_ST00296" HPOS="333" VPOS="4968" WIDTH="464" HEIGHT="73" CONTENT="entsprechend" WC="1.00" CC="000001000000"/>
						<SP ID="P5_SP00244" HPOS="797" VPOS="5041" WIDTH="56"/>
						<String ID="P5_ST00297" HPOS="853" VPOS="4968" WIDTH="266" HEIGHT="74" CONTENT="geformt" WC="0.99" CC="8030600"/>
						<SP ID="P5_SP00245" HPOS="1119" VPOS="5042" WIDTH="48"/>
						<String ID="P5_ST00298" HPOS="1167" VPOS="4966" WIDTH="94" HEIGHT="75" CONTENT="ist," WC="0.99" CC="0030"/>
						<SP ID="P5_SP00246" HPOS="1261" VPOS="5042" WIDTH="63"/>
						<String ID="P5_ST00299" HPOS="1324" VPOS="4966" WIDTH="102" HEIGHT="58" CONTENT="für" WC="0.98" CC="005"/>
						<SP ID="P5_SP00247" HPOS="1426" VPOS="5042" WIDTH="42"/>
						<String ID="P5_ST00300" HPOS="1468" VPOS="4966" WIDTH="410" HEIGHT="73" CONTENT="Dichtungen." WC="1.00" CC="04040000050"/>
					</TextLine>
					<TextLine ID="P5_TL00054" HPOS="333" VPOS="5056" WIDTH="1548" HEIGHT="76">
						<String ID="P5_ST00301" HPOS="333" VPOS="5058" WIDTH="138" HEIGHT="57" CONTENT="Von" WC="0.99" CC="003"/>
						<SP ID="P5_SP00248" HPOS="471" VPOS="5115" WIDTH="69"/>
						<String ID="P5_ST00302" HPOS="540" VPOS="5058" WIDTH="146" HEIGHT="59" CONTENT="dem" WC="1.00" CC="000"/>
						<SP ID="P5_SP00249" HPOS="686" VPOS="5117" WIDTH="62"/>
						<String ID="P5_ST00303" HPOS="748" VPOS="5061" WIDTH="249" HEIGHT="71" CONTENT="Irrtum," WC="0.99" CC="0060150"/>
						<SP ID="P5_SP00250" HPOS="997" VPOS="5132" WIDTH="81"/>
						<String ID="P5_ST00304" HPOS="1078" VPOS="5058" WIDTH="144" HEIGHT="59" CONTENT="dass" WC="0.83" CC="0600"/>
						<SP ID="P5_SP00251" HPOS="1222" VPOS="5132" WIDTH="65"/>
						<String ID="P5_ST00305" HPOS="1287" VPOS="5058" WIDTH="391" HEIGHT="74" CONTENT="Dichtungen" WC="1.00" CC="1000034000"/>
						<SP ID="P5_SP00252" HPOS="1678" VPOS="5132" WIDTH="73"/>
						<String ID="P5_ST00306" HPOS="1751" VPOS="5056" WIDTH="130" HEIGHT="57" CONTENT="und" WC="0.99" CC="010"/>
					</TextLine>
					<TextLine ID="P5_TL00055" HPOS="335" VPOS="5147" WIDTH="1544" HEIGHT="78">
						<String ID="P5_ST00307" HPOS="335" VPOS="5149" WIDTH="337" HEIGHT="75" CONTENT="gefälschte" WC="0.99" CC="9000600020"/>
						<SP ID="P5_SP00253" HPOS="672" VPOS="5224" WIDTH="24"/>
						<String ID="P5_ST00308" HPOS="696" VPOS="5151" WIDTH="394" HEIGHT="74" CONTENT="Dichtungen" WC="1.00" CC="0007000002"/>
						<SP ID="P5_SP00254" HPOS="1090" VPOS="5225" WIDTH="17"/>
						<String ID="P5_ST00309" HPOS="1107" VPOS="5149" WIDTH="584" HEIGHT="61" CONTENT="Wortkunstwerke" WC="1.00" CC="01700140000400"/>
						<SP ID="P5_SP00255" HPOS="1691" VPOS="5225" WIDTH="31"/>
						<String ID="P5_ST00310" HPOS="1722" VPOS="5147" WIDTH="157" HEIGHT="75" CONTENT="sind," WC="0.99" CC="00040"/>
					</TextLine>
				</TextBlock>
				<TextBlock ID="P5_TB00003" HPOS="2023" VPOS="291" WIDTH="1634" HEIGHT="4935" STYLEREFS="TXT_0 PAR_LEFT">
					<TextLine ID="P5_TL00056" HPOS="2071" VPOS="294" WIDTH="1539" HEIGHT="66">
						<String ID="P5_ST00311" HPOS="2071" VPOS="294" WIDTH="211" HEIGHT="65" CONTENT="macht" WC="0.99" CC="05050"/>
						<SP ID="P5_SP00256" HPOS="2282" VPOS="359" WIDTH="61"/>
						<String ID="P5_ST00312" HPOS="2343" VPOS="306" WIDTH="122" HEIGHT="51" CONTENT="erst" WC="0.98" CC="0450"/>
						<SP ID="P5_SP00257" HPOS="2465" VPOS="359" WIDTH="61"/>
						<String ID="P5_ST00313" HPOS="2526" VPOS="299" WIDTH="102" HEIGHT="60" CONTENT="die" WC="1.00" CC="000"/>
						<SP ID="P5_SP00258" HPOS="2628" VPOS="359" WIDTH="52"/>
						<String ID="P5_ST00314" HPOS="2680" VPOS="301" WIDTH="376" HEIGHT="58" CONTENT="Erkenntnis" WC="1.00" CC="0600050210"/>
						<SP ID="P5_SP00259" HPOS="3056" VPOS="359" WIDTH="65"/>
						<String ID="P5_ST00315" HPOS="3121" VPOS="301" WIDTH="105" HEIGHT="58" CONTENT="des" WC="1.00" CC="000"/>
						<SP ID="P5_SP00260" HPOS="3226" VPOS="359" WIDTH="44"/>
						<String ID="P5_ST00316" HPOS="3270" VPOS="303" WIDTH="340" HEIGHT="57" CONTENT="Kubismus" WC="0.99" CC="00200630"/>
					</TextLine>
					<TextLine ID="P5_TL00057" HPOS="2072" VPOS="391" WIDTH="720" HEIGHT="74">
						<String ID="P5_ST00317" HPOS="2072" VPOS="391" WIDTH="114" HEIGHT="57" CONTENT="der" WC="0.99" CC="002"/>
						<SP ID="P5_SP00261" HPOS="2186" VPOS="448" WIDTH="39"/>
						<String ID="P5_ST00318" HPOS="2225" VPOS="392" WIDTH="396" HEIGHT="73" CONTENT="Wortgestalt" WC="0.99" CC="00545007040"/>
						<SP ID="P5_SP00262" HPOS="2621" VPOS="465" WIDTH="41"/>
						<String ID="P5_ST00319" HPOS="2662" VPOS="392" WIDTH="130" HEIGHT="58" CONTENT="frei." WC="1.00" CC="03000"/>
					</TextLine>
					<TextLine ID="P5_TL00058" HPOS="2072" VPOS="484" WIDTH="1538" HEIGHT="74">
						<String ID="P5_ST00320" HPOS="2072" VPOS="484" WIDTH="116" HEIGHT="57" CONTENT="Die" WC="0.99" CC="200"/>
						<SP ID="P5_SP00263" HPOS="2188" VPOS="541" WIDTH="61"/>
						<String ID="P5_ST00321" HPOS="2249" VPOS="484" WIDTH="133" HEIGHT="57" CONTENT="drei" WC="0.99" CC="0600"/>
						<SP ID="P5_SP00264" HPOS="2382" VPOS="541" WIDTH="70"/>
						<String ID="P5_ST00322" HPOS="2452" VPOS="484" WIDTH="508" HEIGHT="73" CONTENT="Ausdehnungen" WC="1.00" CC="000000100501"/>
						<SP ID="P5_SP00265" HPOS="2960" VPOS="557" WIDTH="66"/>
						<String ID="P5_ST00323" HPOS="3026" VPOS="484" WIDTH="112" HEIGHT="57" CONTENT="der" WC="0.98" CC="004"/>
						<SP ID="P5_SP00266" HPOS="3138" VPOS="557" WIDTH="61"/>
						<String ID="P5_ST00324" HPOS="3199" VPOS="486" WIDTH="411" HEIGHT="72" CONTENT="Wortgestalt," WC="1.00" CC="010380003700"/>
					</TextLine>
					<TextLine ID="P5_TL00059" HPOS="2072" VPOS="575" WIDTH="1538" HEIGHT="73">
						<String ID="P5_ST00325" HPOS="2072" VPOS="575" WIDTH="100" HEIGHT="58" CONTENT="die" WC="1.00" CC="000"/>
						<SP ID="P5_SP00267" HPOS="2172" VPOS="633" WIDTH="14"/>
						<String ID="P5_ST00326" HPOS="2186" VPOS="575" WIDTH="118" HEIGHT="58" CONTENT="den" WC="0.99" CC="003"/>
						<SP ID="P5_SP00268" HPOS="2304" VPOS="633" WIDTH="16"/>
						<String ID="P5_ST00327" HPOS="2320" VPOS="577" WIDTH="338" HEIGHT="58" CONTENT="Kubismus" WC="0.99" CC="51700030"/>
						<SP ID="P5_SP00269" HPOS="2658" VPOS="635" WIDTH="14"/>
						<String ID="P5_ST00328" HPOS="2672" VPOS="575" WIDTH="112" HEIGHT="58" CONTENT="der" WC="0.98" CC="004"/>
						<SP ID="P5_SP00270" HPOS="2784" VPOS="635" WIDTH="12"/>
						<String ID="P5_ST00329" HPOS="2796" VPOS="575" WIDTH="814" HEIGHT="73" CONTENT="Wortgestaltanschaulich" WC="0.91" CC="0010000005040000000504"/>
					</TextLine>
					<TextLine ID="P5_TL00060" HPOS="2072" VPOS="665" WIDTH="1540" HEIGHT="76">
						<String ID="P5_ST00330" HPOS="2072" VPOS="667" WIDTH="285" HEIGHT="74" CONTENT="machen," WC="0.99" CC="0404010"/>
						<SP ID="P5_SP00271" HPOS="2357" VPOS="741" WIDTH="63"/>
						<String ID="P5_ST00331" HPOS="2420" VPOS="668" WIDTH="250" HEIGHT="56" CONTENT="können" WC="0.99" CC="010600"/>
						<SP ID="P5_SP00272" HPOS="2670" VPOS="741" WIDTH="43"/>
						<String ID="P5_ST00332" HPOS="2713" VPOS="668" WIDTH="66" HEIGHT="56" CONTENT="in" WC="0.80" CC="04"/>
						<SP ID="P5_SP00273" HPOS="2779" VPOS="741" WIDTH="33"/>
						<String ID="P5_ST00333" HPOS="2812" VPOS="665" WIDTH="183" HEIGHT="76" CONTENT="jeder" WC="1.00" CC="00000"/>
						<SP ID="P5_SP00274" HPOS="2995" VPOS="741" WIDTH="43"/>
						<String ID="P5_ST00334" HPOS="3038" VPOS="668" WIDTH="321" HEIGHT="56" CONTENT="einzelnen" WC="1.00" CC="000004201"/>
						<SP ID="P5_SP00275" HPOS="3359" VPOS="741" WIDTH="43"/>
						<String ID="P5_ST00335" HPOS="3402" VPOS="668" WIDTH="168" HEIGHT="60" CONTENT="Wort" SUBS_TYPE="HypPart1" SUBS_CONTENT="Wortgestalt" WC="1.00" CC="0000"/>
						<HYP HPOS="3570" VPOS="668" WIDTH="42" CONTENT="-"/>
					</TextLine>
					<TextLine ID="P5_TL00061" HPOS="2071" VPOS="758" WIDTH="1541" HEIGHT="76">
						<String ID="P5_ST00336" HPOS="2071" VPOS="760" WIDTH="217" HEIGHT="71" CONTENT="gestalt" SUBS_TYPE="HypPart2" SUBS_CONTENT="Wortgestalt" WC="0.99" CC="9000060"/>
						<SP ID="P5_SP00276" HPOS="2288" VPOS="831" WIDTH="22"/>
						<String ID="P5_ST00337" HPOS="2310" VPOS="758" WIDTH="111" HEIGHT="59" CONTENT="der" WC="0.98" CC="004"/>
						<SP ID="P5_SP00277" HPOS="2421" VPOS="831" WIDTH="22"/>
						<String ID="P5_ST00338" HPOS="2443" VPOS="758" WIDTH="583" HEIGHT="76" CONTENT="Umgangssprache" WC="1.00" CC="00711000160000"/>
						<SP ID="P5_SP00278" HPOS="3026" VPOS="834" WIDTH="24"/>
						<String ID="P5_ST00339" HPOS="3050" VPOS="760" WIDTH="264" HEIGHT="57" CONTENT="erkannt" WC="0.99" CC="0400150"/>
						<SP ID="P5_SP00279" HPOS="3314" VPOS="834" WIDTH="22"/>
						<String ID="P5_ST00340" HPOS="3336" VPOS="760" WIDTH="276" HEIGHT="57" CONTENT="werden." WC="0.99" CC="2000050"/>
					</TextLine>
					<TextLine ID="P5_TL00062" HPOS="2071" VPOS="851" WIDTH="1541" HEIGHT="75">
						<String ID="P5_ST00341" HPOS="2071" VPOS="851" WIDTH="115" HEIGHT="56" CONTENT="Die" WC="0.98" CC="310"/>
						<SP ID="P5_SP00280" HPOS="2186" VPOS="907" WIDTH="42"/>
						<String ID="P5_ST00342" HPOS="2228" VPOS="856" WIDTH="469" HEIGHT="70" CONTENT="naturgemässe" WC="0.84" CC="310039000000"/>
						<SP ID="P5_SP00281" HPOS="2697" VPOS="926" WIDTH="22"/>
						<String ID="P5_ST00343" HPOS="2719" VPOS="851" WIDTH="430" HEIGHT="75" CONTENT="Ausdehnung" WC="1.00" CC="0300001260"/>
						<SP ID="P5_SP00282" HPOS="3149" VPOS="926" WIDTH="31"/>
						<String ID="P5_ST00344" HPOS="3180" VPOS="853" WIDTH="313" HEIGHT="58" CONTENT="erscheint" WC="1.00" CC="040000030"/>
						<SP ID="P5_SP00283" HPOS="3493" VPOS="926" WIDTH="29"/>
						<String ID="P5_ST00345" HPOS="3522" VPOS="855" WIDTH="90" HEIGHT="56" CONTENT="als" WC="0.99" CC="300"/>
					</TextLine>
					<TextLine ID="P5_TL00063" HPOS="2072" VPOS="943" WIDTH="1541" HEIGHT="74">
						<String ID="P5_ST00346" HPOS="2072" VPOS="943" WIDTH="422" HEIGHT="73" CONTENT="Lautbildung" WC="0.99" CC="02003050409"/>
						<SP ID="P5_SP00284" HPOS="2494" VPOS="1016" WIDTH="42"/>
						<String ID="P5_ST00347" HPOS="2536" VPOS="944" WIDTH="112" HEIGHT="56" CONTENT="der" WC="0.98" CC="004"/>
						<SP ID="P5_SP00285" HPOS="2648" VPOS="1016" WIDTH="29"/>
						<String ID="P5_ST00348" HPOS="2677" VPOS="944" WIDTH="322" HEIGHT="58" CONTENT="einzelnen" WC="1.00" CC="000006300"/>
						<SP ID="P5_SP00286" HPOS="2999" VPOS="1016" WIDTH="23"/>
						<String ID="P5_ST00349" HPOS="3022" VPOS="944" WIDTH="417" HEIGHT="73" CONTENT="Wortgestalt." WC="0.99" CC="904000002603"/>
						<SP ID="P5_SP00287" HPOS="3439" VPOS="1017" WIDTH="61"/>
						<String ID="P5_ST00350" HPOS="3500" VPOS="944" WIDTH="113" HEIGHT="56" CONTENT="Die" WC="0.99" CC="030"/>
					</TextLine>
					<TextLine ID="P5_TL00064" HPOS="2071" VPOS="1034" WIDTH="1537" HEIGHT="75">
						<String ID="P5_ST00351" HPOS="2071" VPOS="1036" WIDTH="423" HEIGHT="73" CONTENT="Lautbildung" WC="1.00" CC="00107000000"/>
						<SP ID="P5_SP00288" HPOS="2494" VPOS="1109" WIDTH="10"/>
						<String ID="P5_ST00352" HPOS="2504" VPOS="1038" WIDTH="78" HEIGHT="55" CONTENT="ist" WC="1.00" CC="000"/>
						<SP ID="P5_SP00289" HPOS="2582" VPOS="1109" WIDTH="12"/>
						<String ID="P5_ST00353" HPOS="2594" VPOS="1036" WIDTH="469" HEIGHT="57" CONTENT="einGeschehen" WC="1.00" CC="002000000502"/>
						<SP ID="P5_SP00290" HPOS="3063" VPOS="1109" WIDTH="15"/>
						<String ID="P5_ST00354" HPOS="3078" VPOS="1034" WIDTH="109" HEIGHT="59" CONTENT="des" WC="1.00" CC="000"/>
						<SP ID="P5_SP00291" HPOS="3187" VPOS="1109" WIDTH="13"/>
						<String ID="P5_ST00355" HPOS="3200" VPOS="1034" WIDTH="408" HEIGHT="73" CONTENT="organischen" WC="1.00" CC="04903000000"/>
					</TextLine>
					<TextLine ID="P5_TL00065" HPOS="2071" VPOS="1126" WIDTH="1542" HEIGHT="76">
						<String ID="P5_ST00356" HPOS="2071" VPOS="1127" WIDTH="621" HEIGHT="75" CONTENT="Menschenkörpers." WC="1.00" CC="0010000400410200"/>
						<SP ID="P5_SP00292" HPOS="2692" VPOS="1202" WIDTH="44"/>
						<String ID="P5_ST00357" HPOS="2736" VPOS="1127" WIDTH="424" HEIGHT="73" CONTENT="Lautbildung" WC="0.99" CC="03033540439"/>
						<SP ID="P5_SP00293" HPOS="3160" VPOS="1202" WIDTH="22"/>
						<String ID="P5_ST00358" HPOS="3182" VPOS="1127" WIDTH="76" HEIGHT="56" CONTENT="ist" WC="1.00" CC="000"/>
						<SP ID="P5_SP00294" HPOS="3258" VPOS="1202" WIDTH="22"/>
						<String ID="P5_ST00359" HPOS="3280" VPOS="1126" WIDTH="101" HEIGHT="57" CONTENT="die" WC="0.99" CC="010"/>
						<SP ID="P5_SP00295" HPOS="3381" VPOS="1202" WIDTH="19"/>
						<String ID="P5_ST00360" HPOS="3400" VPOS="1126" WIDTH="171" HEIGHT="57" CONTENT="Funk" SUBS_TYPE="HypPart1" SUBS_CONTENT="Funktion" WC="1.00" CC="0000"/>
						<HYP HPOS="3571" VPOS="1126" WIDTH="42" CONTENT="-"/>
					</TextLine>
					<TextLine ID="P5_TL00066" HPOS="2069" VPOS="1217" WIDTH="1544" HEIGHT="76">
						<String ID="P5_ST00361" HPOS="2069" VPOS="1219" WIDTH="129" HEIGHT="56" CONTENT="tion" SUBS_TYPE="HypPart2" SUBS_CONTENT="Funktion" WC="1.00" CC="0100"/>
						<SP ID="P5_SP00296" HPOS="2198" VPOS="1275" WIDTH="34"/>
						<String ID="P5_ST00362" HPOS="2232" VPOS="1217" WIDTH="110" HEIGHT="59" CONTENT="der" WC="0.98" CC="005"/>
						<SP ID="P5_SP00297" HPOS="2342" VPOS="1276" WIDTH="22"/>
						<String ID="P5_ST00363" HPOS="2364" VPOS="1217" WIDTH="630" HEIGHT="76" CONTENT="Sprechwerkzeuge." WC="1.00" CC="0060000060300000"/>
						<SP ID="P5_SP00298" HPOS="2994" VPOS="1293" WIDTH="81"/>
						<String ID="P5_ST00364" HPOS="3075" VPOS="1219" WIDTH="102" HEIGHT="57" CONTENT="Sie" WC="1.00" CC="000"/>
						<SP ID="P5_SP00299" HPOS="3177" VPOS="1293" WIDTH="28"/>
						<String ID="P5_ST00365" HPOS="3205" VPOS="1219" WIDTH="77" HEIGHT="56" CONTENT="ist" WC="0.98" CC="021"/>
						<SP ID="P5_SP00300" HPOS="3282" VPOS="1293" WIDTH="22"/>
						<String ID="P5_ST00366" HPOS="3304" VPOS="1217" WIDTH="309" HEIGHT="75" CONTENT="abhängig" WC="0.99" CC="00300940"/>
					</TextLine>
					<TextLine ID="P5_TL00067" HPOS="2069" VPOS="1309" WIDTH="1544" HEIGHT="74">
						<String ID="P5_ST00367" HPOS="2069" VPOS="1327" WIDTH="122" HEIGHT="39" CONTENT="von" WC="0.98" CC="005"/>
						<SP ID="P5_SP00301" HPOS="2191" VPOS="1366" WIDTH="61"/>
						<String ID="P5_ST00368" HPOS="2252" VPOS="1309" WIDTH="146" HEIGHT="57" CONTENT="dem" WC="1.00" CC="000"/>
						<SP ID="P5_SP00302" HPOS="2398" VPOS="1366" WIDTH="61"/>
						<String ID="P5_ST00369" HPOS="2459" VPOS="1309" WIDTH="409" HEIGHT="59" CONTENT="besonderen," WC="1.00" CC="60000002004"/>
						<SP ID="P5_SP00303" HPOS="2868" VPOS="1368" WIDTH="46"/>
						<String ID="P5_ST00370" HPOS="2914" VPOS="1309" WIDTH="413" HEIGHT="74" CONTENT="organischen" WC="1.00" CC="03032000001"/>
						<SP ID="P5_SP00304" HPOS="3327" VPOS="1383" WIDTH="43"/>
						<String ID="P5_ST00371" HPOS="3370" VPOS="1309" WIDTH="243" HEIGHT="74" CONTENT="Körper" WC="0.99" CC="001005"/>
					</TextLine>
					<TextLine ID="P5_TL00068" HPOS="2071" VPOS="1400" WIDTH="1539" HEIGHT="61">
						<String ID="P5_ST00372" HPOS="2071" VPOS="1400" WIDTH="108" HEIGHT="58" CONTENT="des" WC="1.00" CC="000"/>
						<SP ID="P5_SP00305" HPOS="2179" VPOS="1458" WIDTH="61"/>
						<String ID="P5_ST00373" HPOS="2240" VPOS="1403" WIDTH="322" HEIGHT="56" CONTENT="einzelnen" WC="1.00" CC="003000002"/>
						<SP ID="P5_SP00306" HPOS="2562" VPOS="1459" WIDTH="59"/>
						<String ID="P5_ST00374" HPOS="2621" VPOS="1402" WIDTH="357" HEIGHT="59" CONTENT="Menschen." WC="1.00" CC="001000050"/>
						<SP ID="P5_SP00307" HPOS="2978" VPOS="1461" WIDTH="83"/>
						<String ID="P5_ST00375" HPOS="3061" VPOS="1400" WIDTH="100" HEIGHT="58" CONTENT="Sie" WC="0.98" CC="600"/>
						<SP ID="P5_SP00308" HPOS="3161" VPOS="1461" WIDTH="61"/>
						<String ID="P5_ST00376" HPOS="3222" VPOS="1400" WIDTH="195" HEIGHT="58" CONTENT="dehnt" WC="0.99" CC="00050"/>
						<SP ID="P5_SP00309" HPOS="3417" VPOS="1461" WIDTH="61"/>
						<String ID="P5_ST00377" HPOS="3478" VPOS="1400" WIDTH="132" HEIGHT="58" CONTENT="sich" WC="0.98" CC="0406"/>
					</TextLine>
					<TextLine ID="P5_TL00069" HPOS="2069" VPOS="1491" WIDTH="1544" HEIGHT="75">
						<String ID="P5_ST00378" HPOS="2069" VPOS="1495" WIDTH="220" HEIGHT="54" CONTENT="soweit" WC="0.99" CC="008100"/>
						<SP ID="P5_SP00310" HPOS="2289" VPOS="1549" WIDTH="54"/>
						<String ID="P5_ST00379" HPOS="2343" VPOS="1495" WIDTH="61" HEIGHT="56" CONTENT="in" WC="1.00" CC="00"/>
						<SP ID="P5_SP00311" HPOS="2404" VPOS="1551" WIDTH="46"/>
						<String ID="P5_ST00380" HPOS="2450" VPOS="1493" WIDTH="112" HEIGHT="58" CONTENT="der" WC="0.99" CC="003"/>
						<SP ID="P5_SP00312" HPOS="2562" VPOS="1551" WIDTH="39"/>
						<String ID="P5_ST00381" HPOS="2601" VPOS="1495" WIDTH="198" HEIGHT="57" CONTENT="Natur" WC="0.98" CC="54004"/>
						<SP ID="P5_SP00313" HPOS="2799" VPOS="1552" WIDTH="41"/>
						<String ID="P5_ST00382" HPOS="2840" VPOS="1510" WIDTH="128" HEIGHT="56" CONTENT="aus," WC="0.99" CC="0500"/>
						<SP ID="P5_SP00314" HPOS="2968" VPOS="1566" WIDTH="60"/>
						<String ID="P5_ST00383" HPOS="3028" VPOS="1493" WIDTH="91" HEIGHT="56" CONTENT="als" WC="0.97" CC="510"/>
						<SP ID="P5_SP00315" HPOS="3119" VPOS="1566" WIDTH="42"/>
						<String ID="P5_ST00384" HPOS="3161" VPOS="1491" WIDTH="102" HEIGHT="58" CONTENT="die" WC="1.00" CC="000"/>
						<SP ID="P5_SP00316" HPOS="3263" VPOS="1566" WIDTH="41"/>
						<String ID="P5_ST00385" HPOS="3304" VPOS="1491" WIDTH="309" HEIGHT="73" CONTENT="Wirkung" WC="0.99" CC="0020029"/>
					</TextLine>
					<TextLine ID="P5_TL00070" HPOS="2071" VPOS="1583" WIDTH="1539" HEIGHT="76">
						<String ID="P5_ST00386" HPOS="2071" VPOS="1583" WIDTH="110" HEIGHT="57" CONTENT="der" WC="0.98" CC="004"/>
						<SP ID="P5_SP00317" HPOS="2181" VPOS="1640" WIDTH="42"/>
						<String ID="P5_ST00387" HPOS="2223" VPOS="1585" WIDTH="237" HEIGHT="74" CONTENT="Sprech" WC="1.00" CC="006000"/>
						<SP ID="P5_SP00318" HPOS="2460" VPOS="1659" WIDTH="5"/>
						<String ID="P5_ST00388" HPOS="2465" VPOS="1586" WIDTH="366" HEIGHT="73" CONTENT="Werkzeuge" WC="1.00" CC="002020000"/>
						<SP ID="P5_SP00319" HPOS="2831" VPOS="1659" WIDTH="41"/>
						<String ID="P5_ST00389" HPOS="2872" VPOS="1586" WIDTH="95" HEIGHT="54" CONTENT="ist." WC="0.99" CC="0500"/>
						<SP ID="P5_SP00320" HPOS="2967" VPOS="1659" WIDTH="89"/>
						<String ID="P5_ST00390" HPOS="3056" VPOS="1585" WIDTH="121" HEIGHT="55" CONTENT="Der" WC="0.98" CC="004"/>
						<SP ID="P5_SP00321" HPOS="3177" VPOS="1659" WIDTH="40"/>
						<String ID="P5_ST00391" HPOS="3217" VPOS="1588" WIDTH="236" HEIGHT="68" CONTENT="grösste" WC="0.79" CC="8500000"/>
						<SP ID="P5_SP00322" HPOS="3453" VPOS="1659" WIDTH="23"/>
						<String ID="P5_ST00392" HPOS="3476" VPOS="1583" WIDTH="134" HEIGHT="56" CONTENT="Teil" WC="1.00" CC="0000"/>
					</TextLine>
					<TextLine ID="P5_TL00071" HPOS="2071" VPOS="1673" WIDTH="1537" HEIGHT="61">
						<String ID="P5_ST00393" HPOS="2071" VPOS="1674" WIDTH="106" HEIGHT="58" CONTENT="des" WC="1.00" CC="000"/>
						<SP ID="P5_SP00323" HPOS="2177" VPOS="1732" WIDTH="61"/>
						<String ID="P5_ST00394" HPOS="2238" VPOS="1676" WIDTH="617" HEIGHT="58" CONTENT="Menschenwirkens" WC="1.00" CC="001000060040000"/>
						<SP ID="P5_SP00324" HPOS="2855" VPOS="1734" WIDTH="61"/>
						<String ID="P5_ST00395" HPOS="2916" VPOS="1678" WIDTH="64" HEIGHT="54" CONTENT="in" WC="0.81" CC="03"/>
						<SP ID="P5_SP00325" HPOS="2980" VPOS="1734" WIDTH="63"/>
						<String ID="P5_ST00396" HPOS="3043" VPOS="1674" WIDTH="113" HEIGHT="58" CONTENT="der" WC="0.98" CC="005"/>
						<SP ID="P5_SP00326" HPOS="3156" VPOS="1734" WIDTH="59"/>
						<String ID="P5_ST00397" HPOS="3215" VPOS="1673" WIDTH="393" HEIGHT="57" CONTENT="natürlichen" WC="1.00" CC="00200002205"/>
					</TextLine>
					<TextLine ID="P5_TL00072" HPOS="2067" VPOS="1764" WIDTH="1541" HEIGHT="76">
						<String ID="P5_ST00398" HPOS="2067" VPOS="1764" WIDTH="166" HEIGHT="58" CONTENT="Welt" WC="0.99" CC="0040"/>
						<SP ID="P5_SP00327" HPOS="2233" VPOS="1822" WIDTH="27"/>
						<String ID="P5_ST00399" HPOS="2260" VPOS="1766" WIDTH="77" HEIGHT="56" CONTENT="ist" WC="1.00" CC="000"/>
						<SP ID="P5_SP00328" HPOS="2337" VPOS="1822" WIDTH="23"/>
						<String ID="P5_ST00400" HPOS="2360" VPOS="1766" WIDTH="231" HEIGHT="57" CONTENT="darauf" WC="0.99" CC="004320"/>
						<SP ID="P5_SP00329" HPOS="2591" VPOS="1823" WIDTH="13"/>
						<String ID="P5_ST00401" HPOS="2604" VPOS="1767" WIDTH="315" HEIGHT="73" CONTENT="gerichtet," WC="1.00" CC="0072000000"/>
						<SP ID="P5_SP00330" HPOS="2919" VPOS="1840" WIDTH="44"/>
						<String ID="P5_ST00402" HPOS="2963" VPOS="1766" WIDTH="114" HEIGHT="57" CONTENT="der" WC="0.99" CC="003"/>
						<SP ID="P5_SP00331" HPOS="3077" VPOS="1840" WIDTH="22"/>
						<String ID="P5_ST00403" HPOS="3099" VPOS="1767" WIDTH="509" HEIGHT="72" CONTENT="naturgemässen" WC="0.82" CC="2205500032002"/>
					</TextLine>
					<TextLine ID="P5_TL00073" HPOS="2067" VPOS="1854" WIDTH="1541" HEIGHT="76">
						<String ID="P5_ST00404" HPOS="2067" VPOS="1854" WIDTH="429" HEIGHT="76" CONTENT="Ausdehnung" WC="1.00" CC="0000000000"/>
						<SP ID="P5_SP00332" HPOS="2496" VPOS="1930" WIDTH="61"/>
						<String ID="P5_ST00405" HPOS="2557" VPOS="1857" WIDTH="108" HEIGHT="58" CONTENT="des" WC="1.00" CC="000"/>
						<SP ID="P5_SP00333" HPOS="2665" VPOS="1930" WIDTH="53"/>
						<String ID="P5_ST00406" HPOS="2718" VPOS="1857" WIDTH="243" HEIGHT="59" CONTENT="Wortes" WC="1.00" CC="001300"/>
						<SP ID="P5_SP00334" HPOS="2961" VPOS="1930" WIDTH="61"/>
						<String ID="P5_ST00407" HPOS="3022" VPOS="1859" WIDTH="232" HEIGHT="56" CONTENT="immer" WC="0.98" CC="20065"/>
						<SP ID="P5_SP00335" HPOS="3254" VPOS="1930" WIDTH="58"/>
						<String ID="P5_ST00408" HPOS="3312" VPOS="1855" WIDTH="296" HEIGHT="58" CONTENT="weiteren" WC="1.00" CC="00000600"/>
					</TextLine>
					<TextLine ID="P5_TL00074" HPOS="2071" VPOS="1945" WIDTH="1537" HEIGHT="76">
						<String ID="P5_ST00409" HPOS="2071" VPOS="1945" WIDTH="262" HEIGHT="76" CONTENT="Umfang" WC="0.98" CC="508009"/>
						<SP ID="P5_SP00336" HPOS="2333" VPOS="2021" WIDTH="60"/>
						<String ID="P5_ST00410" HPOS="2393" VPOS="1967" WIDTH="76" HEIGHT="39" CONTENT="zu" WC="0.92" CC="01"/>
						<SP ID="P5_SP00337" HPOS="2469" VPOS="2021" WIDTH="61"/>
						<String ID="P5_ST00411" HPOS="2530" VPOS="1949" WIDTH="213" HEIGHT="72" CONTENT="geben." WC="1.00" CC="002010"/>
						<SP ID="P5_SP00338" HPOS="2743" VPOS="2021" WIDTH="95"/>
						<String ID="P5_ST00412" HPOS="2838" VPOS="1950" WIDTH="115" HEIGHT="56" CONTENT="Die" WC="1.00" CC="100"/>
						<SP ID="P5_SP00339" HPOS="2953" VPOS="2021" WIDTH="61"/>
						<String ID="P5_ST00413" HPOS="3014" VPOS="1949" WIDTH="418" HEIGHT="72" CONTENT="Ausbreitung" WC="1.00" CC="00054000250"/>
						<SP ID="P5_SP00340" HPOS="3432" VPOS="2021" WIDTH="68"/>
						<String ID="P5_ST00414" HPOS="3500" VPOS="1947" WIDTH="108" HEIGHT="58" CONTENT="des" WC="1.00" CC="000"/>
					</TextLine>
					<TextLine ID="P5_TL00075" HPOS="2067" VPOS="2038" WIDTH="1543" HEIGHT="75">
						<String ID="P5_ST00415" HPOS="2067" VPOS="2040" WIDTH="244" HEIGHT="58" CONTENT="Wortes" WC="0.99" CC="003600"/>
						<SP ID="P5_SP00341" HPOS="2311" VPOS="2098" WIDTH="61"/>
						<String ID="P5_ST00416" HPOS="2372" VPOS="2042" WIDTH="63" HEIGHT="54" CONTENT="in" WC="1.00" CC="00"/>
						<SP ID="P5_SP00342" HPOS="2435" VPOS="2098" WIDTH="66"/>
						<String ID="P5_ST00417" HPOS="2501" VPOS="2040" WIDTH="112" HEIGHT="58" CONTENT="der" WC="0.98" CC="004"/>
						<SP ID="P5_SP00343" HPOS="2613" VPOS="2098" WIDTH="61"/>
						<String ID="P5_ST00418" HPOS="2674" VPOS="2043" WIDTH="508" HEIGHT="70" CONTENT="naturgemässen" WC="0.83" CC="0081500070000"/>
						<SP ID="P5_SP00344" HPOS="3182" VPOS="2113" WIDTH="45"/>
						<String ID="P5_ST00419" HPOS="3227" VPOS="2038" WIDTH="168" HEIGHT="60" CONTENT="Welt" WC="1.00" CC="0000"/>
						<SP ID="P5_SP00345" HPOS="3395" VPOS="2113" WIDTH="47"/>
						<String ID="P5_ST00420" HPOS="3442" VPOS="2038" WIDTH="168" HEIGHT="58" CONTENT="ohne" WC="0.98" CC="3400"/>
					</TextLine>
					<TextLine ID="P5_TL00076" HPOS="2067" VPOS="2130" WIDTH="1543" HEIGHT="74">
						<String ID="P5_ST00421" HPOS="2067" VPOS="2132" WIDTH="302" HEIGHT="57" CONTENT="Kenntnis" WC="1.00" CC="00004130"/>
						<SP ID="P5_SP00346" HPOS="2369" VPOS="2189" WIDTH="22"/>
						<String ID="P5_ST00422" HPOS="2391" VPOS="2132" WIDTH="110" HEIGHT="57" CONTENT="der" WC="0.98" CC="006"/>
						<SP ID="P5_SP00347" HPOS="2501" VPOS="2189" WIDTH="15"/>
						<String ID="P5_ST00423" HPOS="2516" VPOS="2132" WIDTH="273" HEIGHT="57" CONTENT="anderen" WC="1.00" CC="0000400"/>
						<SP ID="P5_SP00348" HPOS="2789" VPOS="2189" WIDTH="17"/>
						<String ID="P5_ST00424" HPOS="2806" VPOS="2130" WIDTH="547" HEIGHT="74" CONTENT="Ausdehnungdes" WC="0.88" CC="1000034330000"/>
						<SP ID="P5_SP00349" HPOS="3353" VPOS="2204" WIDTH="11"/>
						<String ID="P5_ST00425" HPOS="3364" VPOS="2130" WIDTH="246" HEIGHT="59" CONTENT="Wortes" WC="1.00" CC="003000"/>
					</TextLine>
					<TextLine ID="P5_TL00077" HPOS="2067" VPOS="2221" WIDTH="1541" HEIGHT="76">
						<String ID="P5_ST00426" HPOS="2067" VPOS="2221" WIDTH="107" HEIGHT="58" CONTENT="hat" WC="1.00" CC="000"/>
						<SP ID="P5_SP00350" HPOS="2174" VPOS="2279" WIDTH="59"/>
						<String ID="P5_ST00427" HPOS="2233" VPOS="2242" WIDTH="110" HEIGHT="37" CONTENT="zur" WC="0.98" CC="023"/>
						<SP ID="P5_SP00351" HPOS="2343" VPOS="2279" WIDTH="53"/>
						<String ID="P5_ST00428" HPOS="2396" VPOS="2223" WIDTH="440" HEIGHT="74" CONTENT="Entwicklung" WC="1.00" CC="00000002300"/>
						<SP ID="P5_SP00352" HPOS="2836" VPOS="2297" WIDTH="63"/>
						<String ID="P5_ST00429" HPOS="2899" VPOS="2223" WIDTH="132" HEIGHT="58" CONTENT="und" WC="0.96" CC="440"/>
						<SP ID="P5_SP00353" HPOS="3031" VPOS="2297" WIDTH="52"/>
						<String ID="P5_ST00430" HPOS="3083" VPOS="2223" WIDTH="356" HEIGHT="73" CONTENT="Fälschung" WC="1.00" CC="000003000"/>
						<SP ID="P5_SP00354" HPOS="3439" VPOS="2297" WIDTH="61"/>
						<String ID="P5_ST00431" HPOS="3500" VPOS="2221" WIDTH="108" HEIGHT="58" CONTENT="des" WC="1.00" CC="000"/>
					</TextLine>
					<TextLine ID="P5_TL00078" HPOS="2067" VPOS="2313" WIDTH="554" HEIGHT="74">
						<String ID="P5_ST00432" HPOS="2067" VPOS="2313" WIDTH="246" HEIGHT="59" CONTENT="Wortes" WC="0.99" CC="035000"/>
						<SP ID="P5_SP00355" HPOS="2313" VPOS="2372" WIDTH="42"/>
						<String ID="P5_ST00433" HPOS="2355" VPOS="2314" WIDTH="266" HEIGHT="73" CONTENT="geführt." WC="1.00" CC="00000000"/>
					</TextLine>
					<TextLine ID="P5_TL00079" HPOS="2071" VPOS="2404" WIDTH="1537" HEIGHT="75">
						<String ID="P5_ST00434" HPOS="2071" VPOS="2404" WIDTH="115" HEIGHT="58" CONTENT="Die" WC="0.98" CC="030"/>
						<SP ID="P5_SP00356" HPOS="2186" VPOS="2462" WIDTH="59"/>
						<String ID="P5_ST00435" HPOS="2245" VPOS="2406" WIDTH="505" HEIGHT="73" CONTENT="geistesgemässe" WC="1.00" CC="00000000000000"/>
						<SP ID="P5_SP00357" HPOS="2750" VPOS="2479" WIDTH="57"/>
						<String ID="P5_ST00436" HPOS="2807" VPOS="2404" WIDTH="430" HEIGHT="75" CONTENT="Ausdehnung" WC="1.00" CC="0300000100"/>
						<SP ID="P5_SP00358" HPOS="3237" VPOS="2479" WIDTH="60"/>
						<String ID="P5_ST00437" HPOS="3297" VPOS="2404" WIDTH="311" HEIGHT="58" CONTENT="erscheint" WC="1.00" CC="010000260"/>
					</TextLine>
					<TextLine ID="P5_TL00080" HPOS="2067" VPOS="2496" WIDTH="1540" HEIGHT="74">
						<String ID="P5_ST00438" HPOS="2067" VPOS="2497" WIDTH="92" HEIGHT="56" CONTENT="als" WC="0.98" CC="202"/>
						<SP ID="P5_SP00359" HPOS="2159" VPOS="2553" WIDTH="44"/>
						<String ID="P5_ST00439" HPOS="2203" VPOS="2496" WIDTH="151" HEIGHT="57" CONTENT="Sinn" WC="0.99" CC="0130"/>
						<SP ID="P5_SP00360" HPOS="2354" VPOS="2553" WIDTH="52"/>
						<String ID="P5_ST00440" HPOS="2406" VPOS="2496" WIDTH="114" HEIGHT="59" CONTENT="der" WC="0.98" CC="005"/>
						<SP ID="P5_SP00361" HPOS="2520" VPOS="2555" WIDTH="40"/>
						<String ID="P5_ST00441" HPOS="2560" VPOS="2497" WIDTH="324" HEIGHT="56" CONTENT="einzelnen" WC="1.00" CC="000000000"/>
						<SP ID="P5_SP00362" HPOS="2884" VPOS="2555" WIDTH="40"/>
						<String ID="P5_ST00442" HPOS="2924" VPOS="2496" WIDTH="415" HEIGHT="74" CONTENT="Wortgestalt." WC="1.00" CC="004600002000"/>
						<SP ID="P5_SP00363" HPOS="3339" VPOS="2570" WIDTH="83"/>
						<String ID="P5_ST00443" HPOS="3422" VPOS="2496" WIDTH="148" HEIGHT="57" CONTENT="Sinn" SUBS_TYPE="HypPart1" SUBS_CONTENT="Sinnerkenntnis" WC="0.98" CC="0432"/>
						<HYP HPOS="3570" VPOS="2496" WIDTH="37" CONTENT="-"/>
					</TextLine>
					<TextLine ID="P5_TL00081" HPOS="2067" VPOS="2587" WIDTH="1541" HEIGHT="73">
						<String ID="P5_ST00444" HPOS="2067" VPOS="2589" WIDTH="361" HEIGHT="56" CONTENT="erkenntnis" SUBS_TYPE="HypPart2" SUBS_CONTENT="Sinnerkenntnis" WC="1.00" CC="0600120000"/>
						<SP ID="P5_SP00364" HPOS="2428" VPOS="2645" WIDTH="42"/>
						<String ID="P5_ST00445" HPOS="2470" VPOS="2589" WIDTH="78" HEIGHT="56" CONTENT="ist" WC="0.97" CC="403"/>
						<SP ID="P5_SP00365" HPOS="2548" VPOS="2645" WIDTH="27"/>
						<String ID="P5_ST00446" HPOS="2575" VPOS="2589" WIDTH="517" HEIGHT="71" CONTENT="Voraussetzung." WC="1.00" CC="50502000600092"/>
						<SP ID="P5_SP00366" HPOS="3092" VPOS="2660" WIDTH="81"/>
						<String ID="P5_ST00447" HPOS="3173" VPOS="2589" WIDTH="66" HEIGHT="56" CONTENT="In" WC="0.73" CC="31"/>
						<SP ID="P5_SP00367" HPOS="3239" VPOS="2660" WIDTH="44"/>
						<String ID="P5_ST00448" HPOS="3283" VPOS="2587" WIDTH="112" HEIGHT="58" CONTENT="der" WC="0.99" CC="003"/>
						<SP ID="P5_SP00368" HPOS="3395" VPOS="2660" WIDTH="41"/>
						<String ID="P5_ST00449" HPOS="3436" VPOS="2589" WIDTH="138" HEIGHT="56" CONTENT="sinn" SUBS_TYPE="HypPart1" SUBS_CONTENT="sinngemässen" WC="0.99" CC="0016"/>
						<HYP HPOS="3574" VPOS="2589" WIDTH="34" CONTENT="-"/>
					</TextLine>
					<TextLine ID="P5_TL00082" HPOS="2069" VPOS="2678" WIDTH="1541" HEIGHT="75">
						<String ID="P5_ST00450" HPOS="2069" VPOS="2684" WIDTH="324" HEIGHT="69" CONTENT="gemässen" SUBS_TYPE="HypPart2" SUBS_CONTENT="sinngemässen" WC="1.00" CC="00000500"/>
						<SP ID="P5_SP00369" HPOS="2393" VPOS="2753" WIDTH="44"/>
						<String ID="P5_ST00451" HPOS="2437" VPOS="2678" WIDTH="414" HEIGHT="75" CONTENT="Anwendung" WC="1.00" CC="030000000"/>
						<SP ID="P5_SP00370" HPOS="2851" VPOS="2753" WIDTH="41"/>
						<String ID="P5_ST00452" HPOS="2892" VPOS="2678" WIDTH="114" HEIGHT="58" CONTENT="der" WC="0.98" CC="004"/>
						<SP ID="P5_SP00371" HPOS="3006" VPOS="2753" WIDTH="40"/>
						<String ID="P5_ST00453" HPOS="3046" VPOS="2680" WIDTH="324" HEIGHT="56" CONTENT="einzelnen" WC="0.99" CC="002005205"/>
						<SP ID="P5_SP00372" HPOS="3370" VPOS="2753" WIDTH="30"/>
						<String ID="P5_ST00454" HPOS="3400" VPOS="2678" WIDTH="168" HEIGHT="60" CONTENT="Wort" SUBS_TYPE="HypPart1" SUBS_CONTENT="Wortgestalt" WC="0.98" CC="0450"/>
						<HYP HPOS="3568" VPOS="2678" WIDTH="42" CONTENT="-"/>
					</TextLine>
					<TextLine ID="P5_TL00083" HPOS="2067" VPOS="2770" WIDTH="1545" HEIGHT="76">
						<String ID="P5_ST00455" HPOS="2067" VPOS="2772" WIDTH="217" HEIGHT="72" CONTENT="gestalt" SUBS_TYPE="HypPart2" SUBS_CONTENT="Wortgestalt" WC="1.00" CC="0000440"/>
						<SP ID="P5_SP00373" HPOS="2284" VPOS="2844" WIDTH="41"/>
						<String ID="P5_ST00456" HPOS="2325" VPOS="2770" WIDTH="164" HEIGHT="57" CONTENT="wird" WC="0.99" CC="0150"/>
						<SP ID="P5_SP00374" HPOS="2489" VPOS="2844" WIDTH="29"/>
						<String ID="P5_ST00457" HPOS="2518" VPOS="2770" WIDTH="101" HEIGHT="57" CONTENT="die" WC="1.00" CC="000"/>
						<SP ID="P5_SP00375" HPOS="2619" VPOS="2844" WIDTH="28"/>
						<String ID="P5_ST00458" HPOS="2647" VPOS="2772" WIDTH="504" HEIGHT="72" CONTENT="geistesgemässe" WC="0.98" CC="00002000000000"/>
						<SP ID="P5_SP00376" HPOS="3151" VPOS="2844" WIDTH="29"/>
						<String ID="P5_ST00459" HPOS="3180" VPOS="2770" WIDTH="432" HEIGHT="76" CONTENT="Ausdehnung" WC="1.00" CC="2100001320"/>
					</TextLine>
					<TextLine ID="P5_TL00084" HPOS="2067" VPOS="2860" WIDTH="1543" HEIGHT="76">
						<String ID="P5_ST00460" HPOS="2067" VPOS="2861" WIDTH="429" HEIGHT="60" CONTENT="anschaulich." WC="1.00" CC="030000020000"/>
						<SP ID="P5_SP00377" HPOS="2496" VPOS="2921" WIDTH="78"/>
						<String ID="P5_ST00461" HPOS="2574" VPOS="2860" WIDTH="152" HEIGHT="61" CONTENT="Jede" WC="1.00" CC="0000"/>
						<SP ID="P5_SP00378" HPOS="2726" VPOS="2921" WIDTH="53"/>
						<String ID="P5_ST00462" HPOS="2779" VPOS="2863" WIDTH="514" HEIGHT="73" CONTENT="unsinngemässe" WC="1.00" CC="0000020000000"/>
						<SP ID="P5_SP00379" HPOS="3293" VPOS="2936" WIDTH="43"/>
						<String ID="P5_ST00463" HPOS="3336" VPOS="2863" WIDTH="229" HEIGHT="58" CONTENT="Anwen" SUBS_TYPE="HypPart1" SUBS_CONTENT="Anwendung" WC="0.99" CC="52000"/>
						<HYP HPOS="3565" VPOS="2863" WIDTH="45" CONTENT="-"/>
					</TextLine>
					<TextLine ID="P5_TL00085" HPOS="2069" VPOS="2953" WIDTH="1541" HEIGHT="78">
						<String ID="P5_ST00464" HPOS="2069" VPOS="2954" WIDTH="169" HEIGHT="75" CONTENT="dung" SUBS_TYPE="HypPart2" SUBS_CONTENT="Anwendung" WC="0.99" CC="0060"/>
						<SP ID="P5_SP00380" HPOS="2238" VPOS="3029" WIDTH="12"/>
						<String ID="P5_ST00465" HPOS="2250" VPOS="2954" WIDTH="275" HEIGHT="58" CONTENT="verhüllt" WC="0.99" CC="00600050"/>
						<SP ID="P5_SP00381" HPOS="2525" VPOS="3029" WIDTH="10"/>
						<String ID="P5_ST00466" HPOS="2535" VPOS="2953" WIDTH="618" HEIGHT="76" CONTENT="diegeistesgemässe" WC="0.96" CC="02000003000000000"/>
						<SP ID="P5_SP00382" HPOS="3153" VPOS="3029" WIDTH="10"/>
						<String ID="P5_ST00467" HPOS="3163" VPOS="2953" WIDTH="447" HEIGHT="78" CONTENT="Ausdehnung." WC="1.00" CC="03000020003"/>
					</TextLine>
					<TextLine ID="P5_TL00086" HPOS="2071" VPOS="3043" WIDTH="1537" HEIGHT="77">
						<String ID="P5_ST00468" HPOS="2071" VPOS="3046" WIDTH="113" HEIGHT="56" CONTENT="Die" WC="1.00" CC="000"/>
						<SP ID="P5_SP00383" HPOS="2184" VPOS="3102" WIDTH="43"/>
						<String ID="P5_ST00469" HPOS="2227" VPOS="3043" WIDTH="1029" HEIGHT="77" CONTENT="vernunftgemässe'Ausdehnung" WC="0.88" CC="00064100000000040400004300"/>
						<SP ID="P5_SP00384" HPOS="3256" VPOS="3120" WIDTH="41"/>
						<String ID="P5_ST00470" HPOS="3297" VPOS="3044" WIDTH="311" HEIGHT="59" CONTENT="erscheint" WC="1.00" CC="051000005"/>
					</TextLine>
					<TextLine ID="P5_TL00087" HPOS="2069" VPOS="3136" WIDTH="1543" HEIGHT="74">
						<String ID="P5_ST00471" HPOS="2069" VPOS="3137" WIDTH="92" HEIGHT="56" CONTENT="als" WC="0.98" CC="040"/>
						<SP ID="P5_SP00385" HPOS="2161" VPOS="3193" WIDTH="42"/>
						<String ID="P5_ST00472" HPOS="2203" VPOS="3136" WIDTH="198" HEIGHT="74" CONTENT="Klang" WC="0.99" CC="04020"/>
						<SP ID="P5_SP00386" HPOS="2401" VPOS="3210" WIDTH="59"/>
						<String ID="P5_ST00473" HPOS="2460" VPOS="3136" WIDTH="112" HEIGHT="57" CONTENT="der" WC="1.00" CC="000"/>
						<SP ID="P5_SP00387" HPOS="2572" VPOS="3210" WIDTH="53"/>
						<String ID="P5_ST00474" HPOS="2625" VPOS="3137" WIDTH="323" HEIGHT="58" CONTENT="einzelnen" WC="1.00" CC="001004200"/>
						<SP ID="P5_SP00388" HPOS="2948" VPOS="3210" WIDTH="41"/>
						<String ID="P5_ST00475" HPOS="2989" VPOS="3136" WIDTH="416" HEIGHT="74" CONTENT="Wortgestalt." WC="1.00" CC="005000000000"/>
						<SP ID="P5_SP00389" HPOS="3405" VPOS="3210" WIDTH="81"/>
						<String ID="P5_ST00476" HPOS="3486" VPOS="3136" WIDTH="126" HEIGHT="59" CONTENT="Der" WC="0.98" CC="203"/>
					</TextLine>
					<TextLine ID="P5_TL00088" HPOS="2069" VPOS="3227" WIDTH="1539" HEIGHT="76">
						<String ID="P5_ST00477" HPOS="2069" VPOS="3227" WIDTH="198" HEIGHT="75" CONTENT="Klang" WC="1.00" CC="00000"/>
						<SP ID="P5_SP00390" HPOS="2267" VPOS="3302" WIDTH="48"/>
						<String ID="P5_ST00478" HPOS="2315" VPOS="3229" WIDTH="78" HEIGHT="56" CONTENT="ist" WC="1.00" CC="000"/>
						<SP ID="P5_SP00391" HPOS="2393" VPOS="3302" WIDTH="52"/>
						<String ID="P5_ST00479" HPOS="2445" VPOS="3227" WIDTH="102" HEIGHT="58" CONTENT="die" WC="0.99" CC="020"/>
						<SP ID="P5_SP00392" HPOS="2547" VPOS="3302" WIDTH="40"/>
						<String ID="P5_ST00480" HPOS="2587" VPOS="3229" WIDTH="441" HEIGHT="74" CONTENT="Komposition" WC="1.00" CC="01000000003"/>
						<SP ID="P5_SP00393" HPOS="3028" VPOS="3303" WIDTH="44"/>
						<String ID="P5_ST00481" HPOS="3072" VPOS="3227" WIDTH="111" HEIGHT="59" CONTENT="der" WC="1.00" CC="000"/>
						<SP ID="P5_SP00394" HPOS="3183" VPOS="3303" WIDTH="41"/>
						<String ID="P5_ST00482" HPOS="3224" VPOS="3229" WIDTH="213" HEIGHT="73" CONTENT="Laute," WC="1.00" CC="002000"/>
						<SP ID="P5_SP00395" HPOS="3437" VPOS="3303" WIDTH="70"/>
						<String ID="P5_ST00483" HPOS="3507" VPOS="3229" WIDTH="101" HEIGHT="57" CONTENT="die" WC="1.00" CC="000"/>
					</TextLine>
					<TextLine ID="P5_TL00089" HPOS="2069" VPOS="3319" WIDTH="1541" HEIGHT="74">
						<String ID="P5_ST00484" HPOS="2069" VPOS="3319" WIDTH="469" HEIGHT="74" CONTENT="gesetzmässige" WC="0.88" CC="0000000000590"/>
						<SP ID="P5_SP00396" HPOS="2538" VPOS="3393" WIDTH="39"/>
						<String ID="P5_ST00485" HPOS="2577" VPOS="3320" WIDTH="652" HEIGHT="73" CONTENT="Zusammenstellung" WC="1.00" CC="0500000100002029"/>
						<SP ID="P5_SP00397" HPOS="3229" VPOS="3393" WIDTH="53"/>
						<String ID="P5_ST00486" HPOS="3282" VPOS="3319" WIDTH="111" HEIGHT="59" CONTENT="der" WC="0.96" CC="605"/>
						<SP ID="P5_SP00398" HPOS="3393" VPOS="3393" WIDTH="22"/>
						<String ID="P5_ST00487" HPOS="3415" VPOS="3320" WIDTH="195" HEIGHT="58" CONTENT="Laute" WC="1.00" CC="00000"/>
					</TextLine>
					<TextLine ID="P5_TL00090" HPOS="2071" VPOS="3410" WIDTH="1539" HEIGHT="78">
						<String ID="P5_ST00488" HPOS="2071" VPOS="3410" WIDTH="112" HEIGHT="58" CONTENT="der" WC="0.98" CC="005"/>
						<SP ID="P5_SP00399" HPOS="2183" VPOS="3468" WIDTH="71"/>
						<String ID="P5_ST00489" HPOS="2254" VPOS="3412" WIDTH="321" HEIGHT="56" CONTENT="einzelnen" WC="1.00" CC="030002000"/>
						<SP ID="P5_SP00400" HPOS="2575" VPOS="3468" WIDTH="73"/>
						<String ID="P5_ST00490" HPOS="2648" VPOS="3412" WIDTH="417" HEIGHT="72" CONTENT="Wortgestalt." WC="1.00" CC="005000010404"/>
						<SP ID="P5_SP00401" HPOS="3065" VPOS="3484" WIDTH="118"/>
						<String ID="P5_ST00491" HPOS="3183" VPOS="3412" WIDTH="115" HEIGHT="56" CONTENT="Die" WC="1.00" CC="000"/>
						<SP ID="P5_SP00402" HPOS="3298" VPOS="3484" WIDTH="73"/>
						<String ID="P5_ST00492" HPOS="3371" VPOS="3412" WIDTH="239" HEIGHT="76" CONTENT="gleiche" WC="0.99" CC="8000000"/>
					</TextLine>
					<TextLine ID="P5_TL00091" HPOS="2067" VPOS="3501" WIDTH="1543" HEIGHT="75">
						<String ID="P5_ST00493" HPOS="2067" VPOS="3501" WIDTH="415" HEIGHT="75" CONTENT="Wortgestalt," WC="1.00" CC="003000002000"/>
						<SP ID="P5_SP00403" HPOS="2482" VPOS="3576" WIDTH="68"/>
						<String ID="P5_ST00494" HPOS="2550" VPOS="3520" WIDTH="125" HEIGHT="41" CONTENT="von" WC="0.97" CC="008"/>
						<SP ID="P5_SP00404" HPOS="2675" VPOS="3576" WIDTH="61"/>
						<String ID="P5_ST00495" HPOS="2736" VPOS="3501" WIDTH="491" HEIGHT="60" CONTENT="verschiedenen" WC="1.00" CC="0040051000100"/>
						<SP ID="P5_SP00405" HPOS="3227" VPOS="3576" WIDTH="44"/>
						<String ID="P5_ST00496" HPOS="3271" VPOS="3503" WIDTH="339" HEIGHT="59" CONTENT="Menschen" WC="1.00" CC="00400000"/>
					</TextLine>
					<TextLine ID="P5_TL00092" HPOS="2069" VPOS="3593" WIDTH="1539" HEIGHT="76">
						<String ID="P5_ST00497" HPOS="2069" VPOS="3593" WIDTH="405" HEIGHT="74" CONTENT="gesprochen," WC="1.00" CC="00000004050"/>
						<SP ID="P5_SP00406" HPOS="2474" VPOS="3667" WIDTH="69"/>
						<String ID="P5_ST00498" HPOS="2543" VPOS="3593" WIDTH="109" HEIGHT="59" CONTENT="hat" WC="0.99" CC="020"/>
						<SP ID="P5_SP00407" HPOS="2652" VPOS="3667" WIDTH="57"/>
						<String ID="P5_ST00499" HPOS="2709" VPOS="3593" WIDTH="493" HEIGHT="59" CONTENT="verschiedenen" WC="1.00" CC="0020010000301"/>
						<SP ID="P5_SP00408" HPOS="3202" VPOS="3667" WIDTH="63"/>
						<String ID="P5_ST00500" HPOS="3265" VPOS="3593" WIDTH="216" HEIGHT="76" CONTENT="Klang," WC="0.99" CC="000190"/>
						<SP ID="P5_SP00409" HPOS="3481" VPOS="3669" WIDTH="63"/>
						<String ID="P5_ST00501" HPOS="3544" VPOS="3596" WIDTH="64" HEIGHT="73" CONTENT="je" WC="1.00" CC="00"/>
					</TextLine>
					<TextLine ID="P5_TL00093" HPOS="2069" VPOS="3683" WIDTH="1536" HEIGHT="62">
						<String ID="P5_ST00502" HPOS="2069" VPOS="3684" WIDTH="163" HEIGHT="58" CONTENT="nach" WC="1.00" CC="0000"/>
						<SP ID="P5_SP00410" HPOS="2232" VPOS="3742" WIDTH="61"/>
						<String ID="P5_ST00503" HPOS="2293" VPOS="3683" WIDTH="113" HEIGHT="59" CONTENT="der" WC="0.98" CC="004"/>
						<SP ID="P5_SP00411" HPOS="2406" VPOS="3742" WIDTH="39"/>
						<String ID="P5_ST00504" HPOS="2445" VPOS="3684" WIDTH="303" HEIGHT="60" CONTENT="Kenntnis" WC="1.00" CC="00130200"/>
						<SP ID="P5_SP00412" HPOS="2748" VPOS="3744" WIDTH="63"/>
						<String ID="P5_ST00505" HPOS="2811" VPOS="3684" WIDTH="112" HEIGHT="58" CONTENT="der" WC="0.99" CC="002"/>
						<SP ID="P5_SP00413" HPOS="2923" VPOS="3744" WIDTH="38"/>
						<String ID="P5_ST00506" HPOS="2961" VPOS="3684" WIDTH="166" HEIGHT="60" CONTENT="Welt" WC="1.00" CC="0000"/>
						<SP ID="P5_SP00414" HPOS="3127" VPOS="3744" WIDTH="55"/>
						<String ID="P5_ST00507" HPOS="3182" VPOS="3684" WIDTH="113" HEIGHT="60" CONTENT="der" WC="0.99" CC="003"/>
						<SP ID="P5_SP00415" HPOS="3295" VPOS="3744" WIDTH="41"/>
						<String ID="P5_ST00508" HPOS="3336" VPOS="3684" WIDTH="269" HEIGHT="61" CONTENT="Gesetze." WC="1.00" CC="10000000"/>
					</TextLine>
					<TextLine ID="P5_TL00094" HPOS="2069" VPOS="3774" WIDTH="1543" HEIGHT="75">
						<String ID="P5_ST00509" HPOS="2069" VPOS="3776" WIDTH="114" HEIGHT="56" CONTENT="Die" WC="0.98" CC="050"/>
						<SP ID="P5_SP00416" HPOS="2183" VPOS="3832" WIDTH="42"/>
						<String ID="P5_ST00510" HPOS="2225" VPOS="3774" WIDTH="581" HEIGHT="75" CONTENT="Umgangssprache" WC="1.00" CC="00013000025000"/>
						<SP ID="P5_SP00417" HPOS="2806" VPOS="3849" WIDTH="40"/>
						<String ID="P5_ST00511" HPOS="2846" VPOS="3774" WIDTH="114" HEIGHT="58" CONTENT="der" WC="0.99" CC="003"/>
						<SP ID="P5_SP00418" HPOS="2960" VPOS="3849" WIDTH="40"/>
						<String ID="P5_ST00512" HPOS="3000" VPOS="3774" WIDTH="371" HEIGHT="75" CONTENT="Gegenwart" WC="1.00" CC="000010030"/>
						<SP ID="P5_SP00419" HPOS="3371" VPOS="3849" WIDTH="48"/>
						<String ID="P5_ST00513" HPOS="3419" VPOS="3777" WIDTH="193" HEIGHT="56" CONTENT="kennt" WC="0.99" CC="30500"/>
					</TextLine>
					<TextLine ID="P5_TL00095" HPOS="2069" VPOS="3864" WIDTH="1538" HEIGHT="79">
						<String ID="P5_ST00514" HPOS="2069" VPOS="3864" WIDTH="100" HEIGHT="59" CONTENT="die" WC="1.00" CC="000"/>
						<SP ID="P5_SP00420" HPOS="2169" VPOS="3923" WIDTH="41"/>
						<String ID="P5_ST00515" HPOS="2210" VPOS="3867" WIDTH="579" HEIGHT="73" CONTENT="vernunftgemässe" WC="0.88" CC="001411080000000"/>
						<SP ID="P5_SP00421" HPOS="2789" VPOS="3940" WIDTH="22"/>
						<String ID="P5_ST00516" HPOS="2811" VPOS="3865" WIDTH="432" HEIGHT="77" CONTENT="Ausdehnung" WC="0.99" CC="3201160320"/>
						<SP ID="P5_SP00422" HPOS="3243" VPOS="3942" WIDTH="40"/>
						<String ID="P5_ST00517" HPOS="3283" VPOS="3886" WIDTH="70" HEIGHT="40" CONTENT="so" WC="0.75" CC="04"/>
						<SP ID="P5_SP00423" HPOS="3353" VPOS="3942" WIDTH="30"/>
						<String ID="P5_ST00518" HPOS="3383" VPOS="3871" WIDTH="224" HEIGHT="72" CONTENT="wenig," WC="0.99" CC="006100"/>
					</TextLine>
					<TextLine ID="P5_TL00096" HPOS="2069" VPOS="3957" WIDTH="1539" HEIGHT="74">
						<String ID="P5_ST00519" HPOS="2069" VPOS="3957" WIDTH="142" HEIGHT="57" CONTENT="dass" WC="0.93" CC="0200"/>
						<SP ID="P5_SP00424" HPOS="2211" VPOS="4014" WIDTH="44"/>
						<String ID="P5_ST00520" HPOS="2255" VPOS="3957" WIDTH="112" HEIGHT="57" CONTENT="der" WC="0.98" CC="004"/>
						<SP ID="P5_SP00425" HPOS="2367" VPOS="4014" WIDTH="27"/>
						<String ID="P5_ST00521" HPOS="2394" VPOS="3957" WIDTH="200" HEIGHT="74" CONTENT="Klang" WC="1.00" CC="00020"/>
						<SP ID="P5_SP00426" HPOS="2594" VPOS="4031" WIDTH="29"/>
						<String ID="P5_ST00522" HPOS="2623" VPOS="3959" WIDTH="191" HEIGHT="55" CONTENT="kaum" WC="0.99" CC="0050"/>
						<SP ID="P5_SP00427" HPOS="2814" VPOS="4031" WIDTH="29"/>
						<String ID="P5_ST00523" HPOS="2843" VPOS="3957" WIDTH="235" HEIGHT="57" CONTENT="hörbar" WC="1.00" CC="000400"/>
						<SP ID="P5_SP00428" HPOS="3078" VPOS="4031" WIDTH="27"/>
						<String ID="P5_ST00524" HPOS="3105" VPOS="3959" WIDTH="95" HEIGHT="57" CONTENT="ist." WC="1.00" CC="0002"/>
						<SP ID="P5_SP00429" HPOS="3200" VPOS="4031" WIDTH="78"/>
						<String ID="P5_ST00525" HPOS="3278" VPOS="3959" WIDTH="95" HEIGHT="57" CONTENT="Im" WC="1.00" CC="00"/>
						<SP ID="P5_SP00430" HPOS="3373" VPOS="4031" WIDTH="22"/>
						<String ID="P5_ST00526" HPOS="3395" VPOS="3960" WIDTH="171" HEIGHT="60" CONTENT="Wort" SUBS_TYPE="HypPart1" SUBS_CONTENT="Wortkunstwerk," WC="0.99" CC="0040"/>
						<HYP HPOS="3566" VPOS="3960" WIDTH="42" CONTENT="-"/>
					</TextLine>
					<TextLine ID="P5_TL00097" HPOS="2067" VPOS="4048" WIDTH="1543" HEIGHT="77">
						<String ID="P5_ST00527" HPOS="2067" VPOS="4050" WIDTH="381" HEIGHT="71" CONTENT="kunstwerk," SUBS_TYPE="HypPart2" SUBS_CONTENT="Wortkunstwerk," WC="1.00" CC="0000000200"/>
						<SP ID="P5_SP00431" HPOS="2448" VPOS="4121" WIDTH="70"/>
						<String ID="P5_ST00528" HPOS="2518" VPOS="4048" WIDTH="110" HEIGHT="58" CONTENT="das" WC="0.99" CC="030"/>
						<SP ID="P5_SP00432" HPOS="2628" VPOS="4121" WIDTH="54"/>
						<String ID="P5_ST00529" HPOS="2682" VPOS="4069" WIDTH="122" HEIGHT="37" CONTENT="nur" WC="0.97" CC="143"/>
						<SP ID="P5_SP00433" HPOS="2804" VPOS="4121" WIDTH="51"/>
						<String ID="P5_ST00530" HPOS="2855" VPOS="4050" WIDTH="244" HEIGHT="75" CONTENT="wenige" WC="0.98" CC="700480"/>
						<SP ID="P5_SP00434" HPOS="3099" VPOS="4125" WIDTH="50"/>
						<String ID="P5_ST00531" HPOS="3149" VPOS="4050" WIDTH="266" HEIGHT="75" CONTENT="kennen," WC="0.99" CC="0045110"/>
						<SP ID="P5_SP00435" HPOS="3415" VPOS="4125" WIDTH="63"/>
						<String ID="P5_ST00532" HPOS="3478" VPOS="4052" WIDTH="132" HEIGHT="57" CONTENT="und" WC="0.98" CC="400"/>
					</TextLine>
					<TextLine ID="P5_TL00098" HPOS="2066" VPOS="4140" WIDTH="1541" HEIGHT="76">
						<String ID="P5_ST00533" HPOS="2066" VPOS="4141" WIDTH="88" HEIGHT="56" CONTENT="im" WC="0.96" CC="00"/>
						<SP ID="P5_SP00436" HPOS="2154" VPOS="4197" WIDTH="13"/>
						<String ID="P5_ST00534" HPOS="2167" VPOS="4140" WIDTH="652" HEIGHT="76" CONTENT="Bühnenkunstwerk," WC="1.00" CC="1033030430000200"/>
						<SP ID="P5_SP00437" HPOS="2819" VPOS="4216" WIDTH="17"/>
						<String ID="P5_ST00535" HPOS="2836" VPOS="4141" WIDTH="110" HEIGHT="60" CONTENT="das" WC="1.00" CC="000"/>
						<SP ID="P5_SP00438" HPOS="2946" VPOS="4216" WIDTH="14"/>
						<String ID="P5_ST00536" HPOS="2960" VPOS="4160" WIDTH="120" HEIGHT="39" CONTENT="nur" WC="0.98" CC="023"/>
						<SP ID="P5_SP00439" HPOS="3080" VPOS="4216" WIDTH="8"/>
						<String ID="P5_ST00537" HPOS="3088" VPOS="4143" WIDTH="243" HEIGHT="73" CONTENT="wenige" WC="1.00" CC="003200"/>
						<SP ID="P5_SP00440" HPOS="3331" VPOS="4216" WIDTH="11"/>
						<String ID="P5_ST00538" HPOS="3342" VPOS="4143" WIDTH="265" HEIGHT="73" CONTENT="kennen," WC="1.00" CC="0000030"/>
					</TextLine>
					<TextLine ID="P5_TL00099" HPOS="2066" VPOS="4230" WIDTH="1541" HEIGHT="77">
						<String ID="P5_ST00539" HPOS="2066" VPOS="4231" WIDTH="79" HEIGHT="58" CONTENT="ist" WC="1.00" CC="000"/>
						<SP ID="P5_SP00441" HPOS="2145" VPOS="4289" WIDTH="41"/>
						<String ID="P5_ST00540" HPOS="2186" VPOS="4230" WIDTH="113" HEIGHT="59" CONTENT="der" WC="0.99" CC="003"/>
						<SP ID="P5_SP00442" HPOS="2299" VPOS="4289" WIDTH="27"/>
						<String ID="P5_ST00541" HPOS="2326" VPOS="4231" WIDTH="200" HEIGHT="76" CONTENT="Klang" WC="0.98" CC="04029"/>
						<SP ID="P5_SP00443" HPOS="2526" VPOS="4307" WIDTH="36"/>
						<String ID="P5_ST00542" HPOS="2562" VPOS="4233" WIDTH="250" HEIGHT="59" CONTENT="hörbar." WC="0.99" CC="0063000"/>
						<SP ID="P5_SP00444" HPOS="2812" VPOS="4307" WIDTH="80"/>
						<String ID="P5_ST00543" HPOS="2892" VPOS="4235" WIDTH="127" HEIGHT="56" CONTENT="Das" WC="0.98" CC="050"/>
						<SP ID="P5_SP00445" HPOS="3019" VPOS="4307" WIDTH="31"/>
						<String ID="P5_ST00544" HPOS="3050" VPOS="4235" WIDTH="418" HEIGHT="57" CONTENT="Bewusstsein" WC="0.91" CC="50020000000"/>
						<SP ID="P5_SP00446" HPOS="3468" VPOS="4307" WIDTH="32"/>
						<String ID="P5_ST00545" HPOS="3500" VPOS="4233" WIDTH="107" HEIGHT="59" CONTENT="des" WC="1.00" CC="000"/>
					</TextLine>
					<TextLine ID="P5_TL00100" HPOS="2066" VPOS="4323" WIDTH="1542" HEIGHT="74">
						<String ID="P5_ST00546" HPOS="2066" VPOS="4323" WIDTH="381" HEIGHT="74" CONTENT="klingenden" WC="1.00" CC="0500004000"/>
						<SP ID="P5_SP00447" HPOS="2447" VPOS="4397" WIDTH="22"/>
						<String ID="P5_ST00547" HPOS="2469" VPOS="4324" WIDTH="245" HEIGHT="60" CONTENT="Wortes" WC="1.00" CC="001000"/>
						<SP ID="P5_SP00448" HPOS="2714" VPOS="4397" WIDTH="22"/>
						<String ID="P5_ST00548" HPOS="2736" VPOS="4326" WIDTH="166" HEIGHT="58" CONTENT="wird" WC="0.99" CC="0330"/>
						<SP ID="P5_SP00449" HPOS="2902" VPOS="4397" WIDTH="44"/>
						<String ID="P5_ST00549" HPOS="2946" VPOS="4326" WIDTH="200" HEIGHT="58" CONTENT="durch" WC="0.98" CC="03503"/>
						<SP ID="P5_SP00450" HPOS="3146" VPOS="4397" WIDTH="29"/>
						<String ID="P5_ST00550" HPOS="3175" VPOS="4326" WIDTH="100" HEIGHT="58" CONTENT="die" WC="1.00" CC="000"/>
						<SP ID="P5_SP00451" HPOS="3275" VPOS="4397" WIDTH="25"/>
						<String ID="P5_ST00551" HPOS="3300" VPOS="4326" WIDTH="270" HEIGHT="58" CONTENT="Erkennt" SUBS_TYPE="HypPart1" SUBS_CONTENT="Erkenntnis" WC="1.00" CC="0500020"/>
						<HYP HPOS="3570" VPOS="4326" WIDTH="38" CONTENT="-"/>
					</TextLine>
					<TextLine ID="P5_TL00101" HPOS="2067" VPOS="4412" WIDTH="1538" HEIGHT="78">
						<String ID="P5_ST00552" HPOS="2067" VPOS="4416" WIDTH="95" HEIGHT="56" CONTENT="nis" SUBS_TYPE="HypPart2" SUBS_CONTENT="Erkenntnis" WC="0.99" CC="010"/>
						<SP ID="P5_SP00452" HPOS="2162" VPOS="4472" WIDTH="44"/>
						<String ID="P5_ST00553" HPOS="2206" VPOS="4412" WIDTH="109" HEIGHT="60" CONTENT="des" WC="1.00" CC="000"/>
						<SP ID="P5_SP00453" HPOS="2315" VPOS="4472" WIDTH="32"/>
						<String ID="P5_ST00554" HPOS="2347" VPOS="4416" WIDTH="340" HEIGHT="57" CONTENT="Kubismus" WC="0.99" CC="01030520"/>
						<SP ID="P5_SP00454" HPOS="2687" VPOS="4473" WIDTH="31"/>
						<String ID="P5_ST00555" HPOS="2718" VPOS="4418" WIDTH="348" HEIGHT="72" CONTENT="allgemein." WC="1.00" CC="3230000020"/>
						<SP ID="P5_SP00455" HPOS="3066" VPOS="4490" WIDTH="83"/>
						<String ID="P5_ST00556" HPOS="3149" VPOS="4416" WIDTH="205" HEIGHT="57" CONTENT="Schon" WC="0.99" CC="00402"/>
						<SP ID="P5_SP00456" HPOS="3354" VPOS="4490" WIDTH="24"/>
						<String ID="P5_ST00557" HPOS="3378" VPOS="4418" WIDTH="227" HEIGHT="57" CONTENT="wissen" WC="1.00" CC="000000"/>
					</TextLine>
					<TextLine ID="P5_TL00102" HPOS="2066" VPOS="4507" WIDTH="1542" HEIGHT="73">
						<String ID="P5_ST00558" HPOS="2066" VPOS="4509" WIDTH="179" HEIGHT="71" CONTENT="viele," WC="1.00" CC="000200"/>
						<SP ID="P5_SP00457" HPOS="2245" VPOS="4580" WIDTH="56"/>
						<String ID="P5_ST00559" HPOS="2301" VPOS="4507" WIDTH="144" HEIGHT="60" CONTENT="dass" WC="0.83" CC="0501"/>
						<SP ID="P5_SP00458" HPOS="2445" VPOS="4580" WIDTH="54"/>
						<String ID="P5_ST00560" HPOS="2499" VPOS="4509" WIDTH="110" HEIGHT="58" CONTENT="das" WC="0.99" CC="020"/>
						<SP ID="P5_SP00459" HPOS="2609" VPOS="4580" WIDTH="43"/>
						<String ID="P5_ST00561" HPOS="2652" VPOS="4509" WIDTH="179" HEIGHT="58" CONTENT="Wort" WC="0.97" CC="0056"/>
						<SP ID="P5_SP00460" HPOS="2831" VPOS="4580" WIDTH="42"/>
						<String ID="P5_ST00562" HPOS="2873" VPOS="4509" WIDTH="134" HEIGHT="58" CONTENT="sich" WC="0.98" CC="0505"/>
						<SP ID="P5_SP00461" HPOS="3007" VPOS="4580" WIDTH="43"/>
						<String ID="P5_ST00563" HPOS="3050" VPOS="4509" WIDTH="115" HEIGHT="56" CONTENT="frei" WC="0.99" CC="0500"/>
						<SP ID="P5_SP00462" HPOS="3165" VPOS="4580" WIDTH="40"/>
						<String ID="P5_ST00564" HPOS="3205" VPOS="4509" WIDTH="214" HEIGHT="58" CONTENT="macht" WC="0.99" CC="30060"/>
						<SP ID="P5_SP00463" HPOS="3419" VPOS="4580" WIDTH="40"/>
						<String ID="P5_ST00565" HPOS="3459" VPOS="4528" WIDTH="149" HEIGHT="40" CONTENT="vom" WC="1.00" CC="000"/>
					</TextLine>
					<TextLine ID="P5_TL00103" HPOS="2067" VPOS="4599" WIDTH="1540" HEIGHT="76">
						<String ID="P5_ST00566" HPOS="2067" VPOS="4599" WIDTH="393" HEIGHT="59" CONTENT="Buchstaben" WC="1.00" CC="0305000000"/>
						<SP ID="P5_SP00464" HPOS="2460" VPOS="4658" WIDTH="73"/>
						<String ID="P5_ST00567" HPOS="2533" VPOS="4600" WIDTH="130" HEIGHT="58" CONTENT="und" WC="0.99" CC="030"/>
						<SP ID="P5_SP00465" HPOS="2663" VPOS="4658" WIDTH="70"/>
						<String ID="P5_ST00568" HPOS="2733" VPOS="4619" WIDTH="120" HEIGHT="39" CONTENT="von" WC="0.99" CC="002"/>
						<SP ID="P5_SP00466" HPOS="2853" VPOS="4658" WIDTH="66"/>
						<String ID="P5_ST00569" HPOS="2919" VPOS="4599" WIDTH="112" HEIGHT="57" CONTENT="der" WC="1.00" CC="000"/>
						<SP ID="P5_SP00467" HPOS="3031" VPOS="4658" WIDTH="61"/>
						<String ID="P5_ST00570" HPOS="3092" VPOS="4599" WIDTH="515" HEIGHT="76" CONTENT="Schriftsprache." WC="1.00" CC="000200000600000"/>
					</TextLine>
					<TextLine ID="P5_TL00104" HPOS="2069" VPOS="4690" WIDTH="1539" HEIGHT="61">
						<String ID="P5_ST00571" HPOS="2069" VPOS="4690" WIDTH="114" HEIGHT="58" CONTENT="Die" WC="0.97" CC="350"/>
						<SP ID="P5_SP00468" HPOS="2183" VPOS="4748" WIDTH="54"/>
						<String ID="P5_ST00572" HPOS="2237" VPOS="4692" WIDTH="218" HEIGHT="56" CONTENT="letzten" WC="1.00" CC="4000001"/>
						<SP ID="P5_SP00469" HPOS="2455" VPOS="4748" WIDTH="43"/>
						<String ID="P5_ST00573" HPOS="2498" VPOS="4690" WIDTH="462" HEIGHT="59" CONTENT="Jahrhunderte" WC="1.00" CC="016400500420"/>
						<SP ID="P5_SP00470" HPOS="2960" VPOS="4749" WIDTH="51"/>
						<String ID="P5_ST00574" HPOS="3011" VPOS="4690" WIDTH="204" HEIGHT="59" CONTENT="haben" WC="0.99" CC="00401"/>
						<SP ID="P5_SP00471" HPOS="3215" VPOS="4749" WIDTH="45"/>
						<String ID="P5_ST00575" HPOS="3260" VPOS="4690" WIDTH="101" HEIGHT="58" CONTENT="die" WC="1.00" CC="000"/>
						<SP ID="P5_SP00472" HPOS="3361" VPOS="4749" WIDTH="42"/>
						<String ID="P5_ST00576" HPOS="3403" VPOS="4692" WIDTH="164" HEIGHT="59" CONTENT="Buch" SUBS_TYPE="HypPart1" SUBS_CONTENT="Buchstaben" WC="0.99" CC="0103"/>
						<HYP HPOS="3567" VPOS="4692" WIDTH="41" CONTENT="-"/>
					</TextLine>
					<TextLine ID="P5_TL00105" HPOS="2066" VPOS="4783" WIDTH="1542" HEIGHT="60">
						<String ID="P5_ST00577" HPOS="2066" VPOS="4783" WIDTH="215" HEIGHT="58" CONTENT="staben" SUBS_TYPE="HypPart2" SUBS_CONTENT="Buchstaben" WC="1.00" CC="001000"/>
						<SP ID="P5_SP00473" HPOS="2281" VPOS="4841" WIDTH="42"/>
						<String ID="P5_ST00578" HPOS="2323" VPOS="4802" WIDTH="112" HEIGHT="39" CONTENT="aus" WC="0.99" CC="020"/>
						<SP ID="P5_SP00474" HPOS="2435" VPOS="4841" WIDTH="25"/>
						<String ID="P5_ST00579" HPOS="2460" VPOS="4783" WIDTH="400" HEIGHT="58" CONTENT="Sinnbildern" WC="1.00" CC="03120000015"/>
						<SP ID="P5_SP00475" HPOS="2860" VPOS="4841" WIDTH="41"/>
						<String ID="P5_ST00580" HPOS="2901" VPOS="4804" WIDTH="76" HEIGHT="37" CONTENT="zu" WC="0.65" CC="07"/>
						<SP ID="P5_SP00476" HPOS="2977" VPOS="4841" WIDTH="30"/>
						<String ID="P5_ST00581" HPOS="3007" VPOS="4783" WIDTH="462" HEIGHT="58" CONTENT="Ersatzmitteln" WC="1.00" CC="0505000320063"/>
						<SP ID="P5_SP00477" HPOS="3469" VPOS="4841" WIDTH="26"/>
						<String ID="P5_ST00582" HPOS="3495" VPOS="4783" WIDTH="113" HEIGHT="60" CONTENT="der" WC="1.00" CC="001"/>
					</TextLine>
					<TextLine ID="P5_TL00106" HPOS="2067" VPOS="4875" WIDTH="1541" HEIGHT="74">
						<String ID="P5_ST00583" HPOS="2067" VPOS="4875" WIDTH="422" HEIGHT="73" CONTENT="Lautbildung" WC="0.99" CC="05005200539"/>
						<SP ID="P5_SP00478" HPOS="2489" VPOS="4948" WIDTH="73"/>
						<String ID="P5_ST00584" HPOS="2562" VPOS="4875" WIDTH="305" HEIGHT="74" CONTENT="gemacht." WC="1.00" CC="00000604"/>
						<SP ID="P5_SP00479" HPOS="2867" VPOS="4949" WIDTH="106"/>
						<String ID="P5_ST00585" HPOS="2973" VPOS="4876" WIDTH="212" HEIGHT="58" CONTENT="Daher" WC="0.98" CC="20504"/>
						<SP ID="P5_SP00480" HPOS="3185" VPOS="4949" WIDTH="69"/>
						<String ID="P5_ST00586" HPOS="3254" VPOS="4875" WIDTH="165" HEIGHT="57" CONTENT="wird" WC="0.99" CC="0030"/>
						<SP ID="P5_SP00481" HPOS="3419" VPOS="4949" WIDTH="79"/>
						<String ID="P5_ST00587" HPOS="3498" VPOS="4876" WIDTH="110" HEIGHT="58" CONTENT="das" WC="1.00" CC="000"/>
					</TextLine>
					<TextLine ID="P5_TL00107" HPOS="2067" VPOS="4964" WIDTH="1540" HEIGHT="78">
						<String ID="P5_ST00588" HPOS="2067" VPOS="4964" WIDTH="180" HEIGHT="60" CONTENT="Wort" WC="0.98" CC="0056"/>
						<SP ID="P5_SP00482" HPOS="2247" VPOS="5024" WIDTH="56"/>
						<String ID="P5_ST00589" HPOS="2303" VPOS="4966" WIDTH="184" HEIGHT="58" CONTENT="heute" WC="0.99" CC="50000"/>
						<SP ID="P5_SP00483" HPOS="2487" VPOS="5024" WIDTH="51"/>
						<String ID="P5_ST00590" HPOS="2538" VPOS="4968" WIDTH="64" HEIGHT="56" CONTENT="in" WC="0.71" CC="41"/>
						<SP ID="P5_SP00484" HPOS="2602" VPOS="5024" WIDTH="46"/>
						<String ID="P5_ST00591" HPOS="2648" VPOS="4966" WIDTH="114" HEIGHT="58" CONTENT="der" WC="0.98" CC="004"/>
						<SP ID="P5_SP00485" HPOS="2762" VPOS="5024" WIDTH="42"/>
						<String ID="P5_ST00592" HPOS="2804" VPOS="4968" WIDTH="498" HEIGHT="74" CONTENT="Schriftsprache" WC="1.00" CC="00040040044000"/>
						<SP ID="P5_SP00486" HPOS="3302" VPOS="5042" WIDTH="40"/>
						<String ID="P5_ST00593" HPOS="3342" VPOS="4970" WIDTH="265" HEIGHT="71" CONTENT="gelesen," WC="1.00" CC="00100000"/>
					</TextLine>
					<TextLine ID="P5_TL00108" HPOS="2067" VPOS="5058" WIDTH="1540" HEIGHT="74">
						<String ID="P5_ST00594" HPOS="2067" VPOS="5058" WIDTH="149" HEIGHT="55" CONTENT="aber" WC="0.97" CC="3106"/>
						<SP ID="P5_SP00487" HPOS="2216" VPOS="5113" WIDTH="61"/>
						<String ID="P5_ST00595" HPOS="2277" VPOS="5058" WIDTH="176" HEIGHT="57" CONTENT="nicht" WC="1.00" CC="20000"/>
						<SP ID="P5_SP00488" HPOS="2453" VPOS="5115" WIDTH="61"/>
						<String ID="P5_ST00596" HPOS="2514" VPOS="5058" WIDTH="236" HEIGHT="74" CONTENT="gehört." WC="1.00" CC="0003300"/>
						<SP ID="P5_SP00489" HPOS="2750" VPOS="5132" WIDTH="100"/>
						<String ID="P5_ST00597" HPOS="2850" VPOS="5058" WIDTH="442" HEIGHT="59" CONTENT="Schriftsteller" WC="1.00" CC="10040000005704"/>
						<SP ID="P5_SP00490" HPOS="3292" VPOS="5132" WIDTH="59"/>
						<String ID="P5_ST00598" HPOS="3351" VPOS="5058" WIDTH="256" HEIGHT="59" CONTENT="werden" WC="0.99" CC="005002"/>
					</TextLine>
					<TextLine ID="P5_TL00109" HPOS="2066" VPOS="5149" WIDTH="1542" HEIGHT="75">
						<String ID="P5_ST00599" HPOS="2066" VPOS="5149" WIDTH="101" HEIGHT="58" CONTENT="für" WC="0.98" CC="005"/>
						<SP ID="P5_SP00491" HPOS="2167" VPOS="5207" WIDTH="41"/>
						<String ID="P5_ST00600" HPOS="2208" VPOS="5149" WIDTH="467" HEIGHT="59" CONTENT="Wortkünstler" WC="1.00" CC="006000000001"/>
						<SP ID="P5_SP00492" HPOS="2675" VPOS="5208" WIDTH="41"/>
						<String ID="P5_ST00601" HPOS="2716" VPOS="5149" WIDTH="284" HEIGHT="75" CONTENT="gehalten" WC="1.00" CC="00000600"/>
						<SP ID="P5_SP00493" HPOS="3000" VPOS="5224" WIDTH="48"/>
						<String ID="P5_ST00602" HPOS="3048" VPOS="5149" WIDTH="132" HEIGHT="58" CONTENT="und" WC="0.97" CC="420"/>
						<SP ID="P5_SP00494" HPOS="3180" VPOS="5224" WIDTH="41"/>
						<String ID="P5_ST00603" HPOS="3221" VPOS="5151" WIDTH="210" HEIGHT="57" CONTENT="halten" WC="1.00" CC="000001"/>
						<SP ID="P5_SP00495" HPOS="3431" VPOS="5224" WIDTH="44"/>
						<String ID="P5_ST00604" HPOS="3475" VPOS="5151" WIDTH="133" HEIGHT="57" CONTENT="sich" WC="0.98" CC="0205"/>
					</TextLine>
				</TextBlock>
			</PrintSpace>
		</Page>
	</Layout>
</alto>
