3043 4094
110 3992 30 22 88

2048 568 36 27 Es
2118 569 111 26 werden
2263 577 49 19 nur
2345 572 138 27 Anzeigen
2516 573 193 25 tatsächlichen
2744 572 98 28 Inhalts
2878 575 49 25 fort-

2048 609 109 26 laufend
2187 614 106 26 gesetzt
2326 612 216 30 aufgenommen.
2605 614 252 31 Hervorhebungen
2890 623 52 18 vo&

2051 650 114 27 Worten
2184 653 34 27 ist
2236 661 49 19 nur
2302 655 83 25 durch
2404 654 179 31 Sperrdruck,
2602 664 53 18 von
2675 657 102 26 Namen
2796 666 47 17 nur
2862 659 82 25 dsrcfc

2047 693 132 27 halbfette
2212 694 107 31 Schrift,
2354 699 140 27 gestattet.
2544 697 50 27 Die
2628 700 217 30 dreigespaltene
2871 702 71 27 Zett*

2048 735 31 25 60
2096 734 121 31 Pfennig.
2251 738 139 26 Annahme
2406 746 54 18 von
2479 739 137 30 Anzeigen
2634 743 83 25 durch
2736 743 50 25 den
2803 743 70 26 Ver
2884 745 6 25 I
2902 752 14 18 &
2927 753 14 24 112

2053 777 67 26 der
2142 777 125 28 Sturm
2290 779 137 28 Berlin
2450 780 35 26 W
2506 783 16 24 9

2048 826 49 28 Die
2119 826 232 34 Zurückweisung
2374 838 55 19 von
2452 831 138 30 Anzeigen
2614 834 90 26 behält
2728 835 56 26 sich
2807 836 47 25 der
2876 835 50 28 Ver-

2048 868 45 29 lag
2112 868 56 27 Der
2187 870 91 27 Sturm
2300 872 70 27 ohne
2389 873 114 28 Angabe
2524 875 48 25 der
2594 873 111 29 Grunde
2727 883 51 19 vor

2044 3814 226 26 Verantwortlich
2285 3814 41 26 für
2343 3815 51 26 den
2411 3819 142 26 gesamten
2569 3815 95 27 Inhalt:

2043 3856 28 27 F.
2091 3856 133 26 Harnisch
2242 3855 9 31 /
2268 3856 92 27 Berlin
2383 3857 34 26 W
2439 3859 31 25 35

2045 3899 100 29 Verlag
2166 3899 55 26 Der
2244 3899 92 26 Sturm
2355 3899 9 31 /
2381 3899 91 28 Berlin
2496 3901 33 24 W
2552 3902 15 25 9

2046 3941 89 26 Druck
2155 3941 63 26 Carl
2235 3941 91 26 Hause
2345 3941 9 30 /
2371 3942 92 26 Berlin
2482 3942 45 26 SO
2546 3944 30 24 26

123 120 303 73 Standige
457 117 510 71 Ausstellungen

120 229 94 44 der
247 226 287 46 Zeitsehrift
569 225 108 46 Der
711 221 174 50 Sturm

122 318 100 30 Berlin
245 317 38 29 W
304 317 11 41 /
336 317 182 30 Potsdamer
542 315 110 31 StraSe
678 315 51 29 134
740 324 18 20 a

119 391 258 47 Sechzehnte
411 390 281 56 Ausstellung

122 475 146 30 Gemalde
291 473 60 30 und
371 472 215 34 Zeichnungen
609 472 56 31 des

793 507 14 11 /

120 541 172 30 Futuristen
764 565 12 13 ,

120 624 172 58 Gino
337 621 321 60 Severini

117 730 90 29 Geoff
209 732 49 27 net
285 729 111 33 taglich
424 738 62 21 von
516 731 89 28 10—6
633 729 63 30 Uhr
723 726 11 41 /
758 727 154 33 Sonntags
941 734 58 22 yon

118 780 87 28 11—2
225 778 63 29 Uhr

880 823 27 11 .m.

116 839 117 30 Eintritt
254 841 11 26 1
285 838 90 30 Mark
391 835 11 39 /
420 839 196 29 Jahreskarte
634 837 17 29 6
668 837 90 29 Mark

114 912 65 29 Am
206 913 44 28 20.
268 911 255 34 September
555 912 68 27 1913
642 907 10 40 /
670 908 241 34 Eroffnung

114 979 229 59 Erster
386 977 378 60 Deutscher

114 1070 432 58 Herbstsalon

115 1171 34 28 75
169 1169 181 29 Potsdamer
369 1167 111 31 StraBe
496 1169 35 28 75
550 1175 38 21 zu
607 1166 102 30 Berlin

111 1242 39 30 Es
188 1242 160 33 beteiligen
386 1242 65 29 sich
487 1241 141 32 Kiinstler
667 1240 158 34 iolgender
864 1239 135 30 Lander:

110 1292 207 30 Deutschland
342 1289 11 35 /
379 1291 143 29 Amerika
546 1289 9 39 /
581 1291 139 29 Bohmen
745 1288 9 40 /
780 1290 186 30 Frankreich
991 1287 8 40 |

112 1342 128 29 Holland
259 1339 11 39 /
287 1341 103 30 Indien
407 1338 9 40 /
436 1341 103 30 Italien
558 1340 10 40 /
586 1340 197 31 Oesterreich
802 1338 11 35 /
832 1340 167 33 Rumanien

111 1390 10 33 I
139 1391 137 34 Rutland
296 1389 10 39 /
325 1391 143 30 Schweiz
487 1390 10 41 /
516 1390 133 34 Spanien

111 1458 119 29 Eintritt
252 1460 10 27 1
282 1458 89 29 Mark
388 1454 10 40 /
414 1458 193 29 Dauerkarte
623 1460 17 27 2
657 1457 90 30 Mark

109 1615 244 74 Verlag
398 1615 117 59 der
559 1615 224 60 Sturm

110 1717 100 31 Berlin
236 1717 38 30 W
284 1719 18 29 9
326 1717 183 31 Potsdamer
536 1717 109 31 StraBe
675 1718 52 29 134
737 1726 18 22 a

110 1768 125 30 Fernruf
252 1769 72 30 Amt
341 1768 129 30 Llitzow
489 1768 73 29 4443

109 1822 245 37 Zeitschrift
379 1823 77 35 der
480 1822 149 36 Sturm

109 1879 277 45 Dauerbezug

110 1943 217 31 Gewohnllche
372 1945 157 32 Ausgabe:
583 1943 75 31 Fur
704 1943 297 30 Deutschland

110 1994 77 29 and
232 1992 510 35 Oesterreich-Ungarn:
788 1993 52 30 Ein
877 1993 71 30 Jahr
983 1992 17 30 6

109 2042 89 30 Mark
233 2038 9 40 /
277 2043 52 30 Ein
356 2042 146 33 Halbjahr
527 2044 18 28 3
569 2042 90 31 Mark
696 2038 10 39 /
739 2043 53 30 Ein
820 2043 180 32 Vierteljahr

111 2095 10 26 !
145 2091 90 31 Mark
255 2094 35 28 50
319 2088 10 40 /
355 2092 243 31 Einzelnummer
616 2094 36 28 20
671 2092 128 36 Pfennig
828 2088 10 40 /
868 2093 132 34 Doppel-

109 2150 135 23 nummer
266 2143 36 28 40
320 2142 129 36 Pfennig
470 2138 36 36 X
528 2142 77 30 Fur
628 2143 73 31 das
721 2142 190 31 Ausland
933 2142 66 29 bei

109 2192 480 36 direkterZustellung
623 2193 128 30 durch
785 2193 69 31 die
879 2192 119 31 Post:

109 2241 53 31 Ein
181 2242 73 30 Jahr
273 2244 17 28 9
308 2243 102 31 francs
440 2238 9 40 /
476 2243 54 30 Ein
548 2243 145 32 Halbjahr
714 2244 17 28 4
751 2243 102 31 francs
875 2244 35 29 50
931 2251 67 22 cen-

109 2293 87 30 times
226 2288 10 40 I
265 2292 54 31 Ein
341 2292 180 34 Vierteljahr
544 2293 18 30 3
583 2293 100 31 francs
716 2289 9 39 /
756 2293 241 30 Einzelnummer

108 2342 34 29 25
172 2344 145 29 centimes
354 2338 9 39 /
399 2342 257 35 Doppelnummer
685 2344 35 29 50
750 2345 154 28 centimes.

108 2391 238 33 Probenummer
370 2397 137 27 umsonst

113 2451 268 35 Sonderausgabe:
449 2451 344 35 Ungebrochene
851 2451 147 31 Exern-

109 2501 119 34 plare
264 2502 67 29 auf
369 2502 262 30 holzfreiem
669 2502 173 35 Papier,
896 2502 102 30 Ver-

110 2552 190 34 *endung
329 2553 38 29 in
396 2551 153 34 Rollen
591 2553 143 30 direkt
773 2552 127 30 durch
931 2552 67 29 die

109 2599 104 32 Post
261 2601 66 30 ffir
359 2601 300 31 Deutschland
698 2603 83 29 and
819 2601 179 30 Oester-

110 2650 316 35 reich-Ungarn
452 2660 7 21 :
513 2651 53 30 Ein
623 2651 72 32 Jahr
753 2653 33 28 12
843 2650 89 32 Mark
989 2646 9 41 /

109 2699 53 30 Ein
189 2699 145 33 Halbjahr
359 2701 18 29 6
405 2700 87 31 Mark
521 2698 35 35 X
584 2701 75 31 Fiir
690 2702 72 29 das
790 2700 206 30 Ausland:

108 2748 52 32 Ein
181 2749 73 31 Jahr
276 2751 33 29 18
327 2751 101 31 francs
456 2747 9 40 /
492 2752 54 29 Ein
563 2752 145 32 Halbjahr
728 2754 16 28 9
763 2752 102 31 francs
894 2747 8 40 /
930 2752 65 30 Von

109 2801 98 30 dieser
226 2801 144 34 Ausgabe
390 2803 125 29 werden
536 2801 325 37 Vierteljahrsbeziige,
883 2802 115 30 Einzel-

109 2858 155 21 nummern
295 2852 58 28 und
381 2850 259 31 Probenummern
671 2862 17 19 n
701 2853 8 29 i
720 2861 16 20 c
746 2852 19 29 h
779 2855 9 28 t

109 2907 59 31 Der
204 2908 118 31 Sturm:
370 2908 104 31 Erster
511 2909 163 35 Jahrgang,
710 2909 144 32 Nummer
892 2910 104 30 1—56:

107 2958 35 28 25
168 2956 89 31 Mark
292 2953 10 39 /
336 2957 133 31 Zweiter
496 2958 161 36 Jahrgang,
684 2959 143 31 Nummer
853 2959 142 30 57—104:

112 3006 31 28 10
159 3004 89 30 Mark
264 3002 9 40 /
290 3005 113 31 Dritter
422 3005 166 36 Jahrgang,
606 3005 143 32 Nummer
770 3005 225 35 105—152/153:

111 3056 32 27 10
163 3055 89 30 Mark

109 3114 53 30 Die
181 3114 168 33 Zeitschrift
370 3116 61 31 Der
450 3117 103 30 Sturm
572 3119 38 29 ist
632 3118 92 29 durch
746 3118 55 29 alle
820 3117 98 30 Buch-
937 3119 59 30 und

108 3164 295 37 Kunsthandlungen,
439 3168 91 28 durch
567 3168 45 30 die
645 3166 85 35 Post,
767 3168 96 30 sowie
900 3168 97 30 direkt

110 3215 91 29 durch
226 3215 55 30 den
305 3215 111 36 Verlag
440 3217 61 29 Der
525 3217 111 35 Sturm,
661 3217 101 30 Berlin
787 3216 39 30 W
837 3218 26 35 9,
885 3226 37 21 zu
946 3219 51 28 be-

108 3264 104 29 ziehen
226 3260 10 39 /
251 3264 74 30 Zum
341 3265 232 31 Einzelverkauf
590 3268 70 33 liegt
678 3267 61 30 Der
755 3266 102 30 Sturm
876 3268 27 29 in
922 3267 73 30 alien

108 3313 353 38 Bahnhofshandlungen,
492 3316 131 33 Kiosken
636 3326 26 21 u.
674 3316 260 31 StraCenstSnden
946 3318 51 29 auf

108 3370 78 31 Falls
238 3373 115 29 direkte
406 3373 173 35 Zustellung
633 3375 90 30 durch
778 3376 56 29 den
887 3375 109 35 Verlag

109 3420 59 30 Der
197 3421 103 31 Sturm
333 3426 86 26 unter
452 3423 174 31 Streifband
659 3426 73 29 Oder
765 3426 28 29 in
826 3425 86 32 Rolle
946 3433 50 26 ge-

108 3472 138 30 wiinscht
273 3473 87 34 wird,
386 3473 94 29 bitten
509 3475 55 28 wir
593 3476 56 28 den
678 3474 24 30 B
715 3483 15 21 e
742 3478 11 27 t
765 3483 13 22 r
791 3484 18 20 a
821 3484 17 25 g
864 3475 47 29 fiir
940 3476 55 28 den

109 3520 200 36 Dauerbezug
337 3523 68 30 bei
436 3523 72 30 der
536 3522 260 38 Bestellung
833 3525 75 30 oder
948 3525 49 29 hti

111 3568 160 35 Beginn
302 3571 72 30 des
405 3580 134 21 neuen
569 3572 330 33 Vierteljahres
930 3574 65 29 bis

109 3624 86 22 zum
212 3617 171 31 ffinften
400 3619 73 30 des
494 3622 148 28 ersten
659 3620 170 32 Monats
848 3621 149 31 einzu-

109 3674 14 21 s
137 3675 15 21 e
164 3676 17 21 n
194 3669 16 27 d
222 3677 15 21 e
250 3678 16 21 n
289 3665 8 40 /
317 3671 192 30 Andernfalls
529 3673 126 30 nehmen
674 3675 57 29 wir
754 3683 46 26 an,
822 3674 54 30 daB
898 3673 22 29 E
934 3675 7 28 i
953 3682 17 20 n
984 3690 12 7 -

109 3725 16 21 z
136 3719 8 28 i
158 3727 15 20 e
183 3718 19 29 h
215 3728 17 20 u
243 3728 19 21 n
273 3728 18 26 g
329 3721 52 30 des
408 3721 149 34 Betrages
595 3723 94 30 durch
727 3724 269 30 Nachnahme

112 3772 83 25 unter
243 3768 199 37 Berechnung
493 3773 53 28 des
595 3772 302 35 Nachnahmeportos
946 3782 49 26 ge-

111 3818 137 29 wlinscht
269 3821 75 27 wird

109 3863 311 38 Generalvertretung
444 3869 55 29 des
522 3868 128 34 Verlags
675 3870 123 34 Eugene
823 3872 139 33 Figuifcre
987 3869 9 40 /

110 3913 86 30 Paris
687 3935 11 7 ,

1091 109 479 44 Originalholzschnitte
1585 114 14 35 /
1618 109 294 35 Handdrucke

1086 170 49 26 Die
1164 169 222 29 Gesamtauflage
1414 170 33 25 ist
1476 170 25 24 in
1528 168 155 26 Klammern
1712 168 139 29 beigefiigt
1881 165 10 35 /
1919 168 58 25 Alle

1085 212 162 30 Exempiare
1270 212 61 24 sind
1354 218 62 18 vom
1441 210 127 27 Kiinstler
1592 211 174 25 nummeriert
1789 211 52 24 und
1865 210 113 29 signiert

1082 255 100 28 Franz
1242 253 101 29 Marc:
1415 252 287 32 Versohnung
1773 249 9 38 /
1852 251 123 29 Tier-

1085 303 184 33 legende
1307 300 10 38 /
1354 301 159 29 Pferde
1552 298 12 34 ./
1601 301 128 33 Tiger
1769 298 9 39 /
1816 299 160 30 Pferde

1085 352 201 30 Hochformat
1319 348 9 40 /
1361 351 75 30 Die
1470 349 144 31 Hirtin
1647 347 13 35 /
1692 349 82 30 Der
1817 349 120 32 Stier
1969 345 10 39 /

1398 400 145 30 Hirtin
1595 398 9 39 /
1656 398 276 35 Wildpferde
1969 395 10 39 /

1084 451 203 33 Ruhende
1326 450 159 30 Pferde
1868 447 9 40 /
1914 449 64 29 Das

1084 501 162 33 Exemplar
1271 502 35 28 40
1331 501 90 29 Mark
1449 498 39 35 (je
1519 497 44 36 10)

1083 561 74 30 Max
1178 561 177 30 Pechstein:
1388 562 74 29 Die
1496 560 216 35 Erlegung
1747 561 73 30 des
1852 560 125 30 Fest-

1082 609 18 29 b
1112 619 14 19 r
1138 617 17 21 a
1167 612 11 26 t
1190 618 16 20 e
1218 618 18 20 n
1248 618 14 20 s
1293 606 10 39 /
1334 609 58 29 Auf
1413 608 146 30 Nummer
1581 610 35 27 94
1639 609 54 28 der
1717 608 172 30 Zeitschrift
1911 609 62 29 Der

1079 659 105 29 Sturm
1205 667 73 20 vom
1301 658 143 31 Kiinstler
1467 659 53 28 mit
1544 659 53 28 der
1621 657 89 30 Hand
1735 659 194 32 aquarelliert
1960 654 13 36 J

1080 708 64 29 Das
1169 708 162 32 Exemplar
1355 710 17 26 5
1394 707 90 29 Mark
1509 704 78 36 (100)

1080 765 48 31 W.
1147 765 193 34 Kandinsky:
1362 765 207 30 Handdrucke
1590 762 9 40 /
1620 765 64 30 Das
1702 765 163 33 Exemplar
1885 767 36 28 30
1931 765 44 30 M.

1081 823 140 30 Wilhelm
1245 824 161 33 Morgner:
1442 824 101 30 Acker
1569 825 54 28 mit
1646 823 90 30 Weib
1771 822 12 35 /
1815 824 161 30 Tierdres-

1080 882 72 21 seur
1188 871 10 35 I
1234 873 326 30 Holzarbeiterfamilie
1598 871 10 40 /
1645 873 173 31 Fressende
1847 874 129 30 Holzar-

1079 924 96 29 beiter
1208 922 10 38 /
1250 924 63 29 Das
1338 924 162 33 Exemplar
1528 926 32 27 15
1583 924 91 29 Mark
1700 921 59 37 (10)

1081 983 142 29 Gabriele
1241 982 136 30 Miinter:
1395 983 282 33 Neujahrswunsch
1696 981 10 39 /
1725 984 64 29 Das
1809 983 163 34 Exemplar

1078 1034 35 27 20
1134 1032 91 29 Mark
1247 1028 40 36 (5)

1079 1089 118 31 Walter
1235 1090 123 34 Helbig:
1408 1090 188 30 Landschaft
1646 1087 10 31 /
1704 1091 64 29 Das
1808 1090 163 34 Exemplar

1077 1141 35 27 25
1134 1139 91 30 Mark
1249 1136 42 36 (5)

1079 1197 283 33 Schmidt-Rotluff:
1381 1198 94 30 Mann
1494 1198 60 29 und
1573 1198 90 30 Weib
1682 1195 9 40 /
1709 1197 135 34 Sonnige
1862 1197 111 31 StraBe

1079 1245 9 39 I
1119 1247 64 31 Das
1207 1248 163 33 Exemplar
1393 1250 35 28 30
1451 1248 90 30 Mark
1566 1245 58 37 (12)

1079 1310 112 29 Arthur
1208 1309 107 34 Segal:
1337 1310 77 29 Vom
1436 1309 132 30 Strande
1590 1310 11 29 I
1622 1305 9 40 /
1651 1309 78 30 Vom
1752 1310 132 30 Strande
1906 1310 37 29 III
1965 1305 9 40 /

1077 1355 63 31 Das
1164 1357 163 32 Exemplar
1351 1358 35 28 20
1409 1357 91 29 Mark
1525 1354 59 36 (15)

1076 1416 36 29 H.
1130 1415 236 36 Campendonk:
1385 1416 339 36 Originalholzschnitte
1743 1413 156 38 [Nummer
1913 1419 61 34 131,

1079 1460 127 39 134/135,
1235 1461 130 39 140/141]
1401 1463 10 39 I
1448 1466 63 30 Das
1538 1465 164 34 Exemplar
1729 1468 35 28 25
1791 1466 91 30 Mark
1909 1462 60 37 (12)

1078 1515 102 31 Oskar
1213 1517 199 31 Kokoschka:
1454 1517 155 31 Plakat
1641 1518 47 30 fur
1722 1519 47 29 die
1800 1518 174 30 Zeitschrift

1078 1565 61 31 Der
1166 1566 104 30 Sturm
1305 1564 11 38 /
1352 1567 338 35 Originallithographie
1728 1563 10 41 /
1775 1567 63 33 Das
1865 1567 110 31 Exem-

1077 1618 66 32 plar
1160 1619 17 28 3
1195 1616 92 31 Mark

1077 1665 102 31 Oskar
1202 1666 200 33 Kokoschka:
1434 1667 204 36 Niiinsky
1672 1666 10 40 /
1713 1668 126 30 Portrat
1871 1668 102 30 Licht-

1078 1717 103 35 druck,
1208 1717 112 34 groBes
1345 1717 124 31 Format
1503 1715 11 42 /
1551 1719 33 29 10
1609 1717 91 31 Mark

1075 1764 35 33 R.
1138 1764 175 35 Deiaunay:
1388 1766 110 29 Album
1536 1762 9 41 /
1582 1765 46 31 Elf
1666 1766 207 34 Phototypien
1911 1774 64 23 von

1075 1813 169 31 GemSlden
1267 1811 60 36 (ein
1350 1814 271 40 Farbenlichtbild)
1645 1816 53 30 mit
1722 1816 100 30 einem
1843 1816 130 30 Qedicht

1077 1874 61 22 von
1155 1866 169 30 Guillaume
1341 1867 185 34 Apollinaire
1545 1863 9 40 /
1573 1867 64 31 Das
1655 1867 160 34 Exemplar
1837 1869 32 28 10
1881 1867 90 31 Mark

1075 1917 144 38 Musik

1076 1974 165 30 Herwarth
1271 1973 143 32 Walden:
1454 1974 303 32 Dafnislieder
1794 1971 9 40 /
1841 1975 41 31 Zu
1912 1976 59 30 Qe-

1078 2023 118 31 dichten
1216 2033 61 21 von
1298 2025 25 29 A
1334 2033 14 21 r
1358 2034 18 20 n
1388 2033 18 21 o
1426 2025 27 29 H
1464 2034 17 20 o
1492 2026 9 29 1
1514 2034 17 21 z
1560 2021 9 40 /
1599 2025 59 31 Fur
1679 2026 124 35 Gesang
1823 2028 61 29 und
1903 2026 68 33 Kla-

1075 2072 66 29 vier
1171 2068 11 41 I
1212 2072 17 29 3
1249 2070 91 31 Mark
1370 2069 10 41 /
1411 2073 35 29 50
1468 2072 106 31 Seiten

1074 2127 466 46 Kunstlerpostkarten

1075 2180 64 31 Das
1159 2181 163 33 Exemplar
1342 2182 35 29 20
1399 2181 130 34 Pfennig

1072 2230 188 31 Futuristen:
1334 2231 204 30 Umberto
1604 2232 225 30 Boccioni:
1906 2232 63 31 Das

1074 2282 122 32 Lachen
1232 2280 10 40 /
1279 2284 123 35 Luigi
1429 2284 203 33 Russolo:
1672 2284 188 37 Erinnerung
1889 2287 82 28 einer

1073 2333 98 31 Nacht
1207 2329 10 40 I
1253 2333 64 36 Zug
1344 2335 27 29 in
1399 2336 99 30 voller
1524 2334 91 32 Fahrt
1652 2330 9 41 /
1700 2334 107 31 Gino
1836 2335 135 30 Seve-

1074 2385 97 28 rini:
1202 2384 56 30 Die
1275 2383 148 32 Modistin
1454 2380 9 39 /
1495 2385 153 32 Ruhelose
1668 2385 152 31 TSnzerin
1851 2381 9 40 /
1891 2385 80 30 Pan-

1074 2431 66 30 Pan
1159 2431 85 30 Tanz
1264 2432 11 40 I
1294 2432 204 31 Umberto
1530 2432 234 32 Boccioni:
1795 2430 174 40 Abschied/

1072 2481 100 31 Franz
1194 2482 102 31 Marc:
1331 2482 164 32 Affenfries

1074 2531 117 33 Robert
1209 2533 176 33 Deiaunay:
1406 2533 45 30 La
1468 2533 83 30 Tour

1073 2581 102 30 Oskar
1197 2582 198 31 Kokoschka:
1430 2583 122 30 Utinarri
1579 2583 131 30 delectet

1072 2639 189 43 Mappen

1073 2689 103 31 Oskar
1201 2690 199 32 Kokoschka:
1439 2691 146 33 Zwanzig
1611 2690 82 32 Blatt
1718 2691 216 34 Zeichnungen
1959 2690 9 40 /

1074 2740 218 34 Strichatzung
1328 2738 10 40 /
1374 2740 59 31 Auf
1468 2740 168 34 Kaiserlich
1673 2740 228 35 Japan-Papier
1938 2743 31 29 in

1075 2789 235 35 Luxus-Mappe
1329 2792 35 28 25
1385 2791 90 30 Mark
1496 2792 10 40 /
1526 2790 60 31 Auf
1604 2790 230 33 Costa-Karton
1855 2792 29 30 in
1906 2792 64 30 ein-

1075 2839 141 31 facherer
1237 2840 113 34 Mappe
1374 2843 32 28 12
1425 2841 92 31 Mark

1073 2942 443 60 Zeitsehriften

1073 3024 144 31 Wiecker
1248 3026 78 31 Bote
1359 3024 11 35 /
1403 3026 233 34 Herausgeber:
1672 3026 101 31 Oskar
1808 3027 117 32 Kanehl
1956 3024 10 40 /

1070 3075 241 30 Wieck-Eldena
1329 3078 30 28 in
1377 3076 165 30 Pommern

1073 3127 132 31 L'Effort
1224 3127 90 32 Libre
1343 3124 9 39 /
1382 3128 101 30 fruher
1503 3127 132 31 L'Effort
1662 3123 10 40 /
1698 3127 233 33 Monatsschrift
1958 3123 10 37 /

1073 3176 230 36 Herausgeber:
1353 3178 74 30 Jean
1466 3178 132 32 Richard
1636 3177 94 31 Bloch
1778 3174 11 35 J
1836 3179 132 30 Poitiers

1076 3221 138 38 [Vienne]

1073 3276 267 35 L'Ind6pendance
1375 3274 11 34 I
1420 3278 309 30 Halbmonatsschrift
1764 3274 10 40 /
1808 3278 115 34 Kunste
1959 3272 9 42 /

1074 3326 104 33 Kultur
1217 3323 10 39 I
1263 3327 195 35 Philosophic
1497 3324 8 39 /
1542 3327 111 30 Politik
1700 3323 9 40 /
1759 3329 209 33 Jahresbezug

1076 3378 33 27 15
1132 3376 115 32 Francs
1279 3373 11 39 /
1322 3377 88 31 Paris
1434 3379 32 28 31
1493 3387 53 21 rue
1570 3377 96 30 Jacob

1071 3424 44 30 La
1130 3425 210 31 Renaissance
1357 3426 259 35 Contemporaine
1631 3422 9 40 /
1656 3426 310 31 Halbmonatsschrift

1073 3473 88 31 Paris
1180 3472 12 34 /
1211 3476 32 28 41
1265 3475 66 33 Rue
1350 3475 114 34 Monge

1074 3526 42 30 La
1141 3527 148 31 Nouvelle
1314 3527 108 32 Revue
1447 3527 163 33 Francalse
1645 3523 12 35 /
1691 3527 232 31 Monatsschrift
1959 3523 9 41 /

1073 3574 88 32 Paris
1182 3576 58 31 Vie
1262 3575 82 39 35/37
1365 3577 65 33 Rue
1450 3576 145 31 Madame
1618 3572 9 40 /
1648 3576 145 33 Nummer
1817 3581 12 27 1
1852 3577 116 30 Francs

1074 3626 35 28 50
1131 3626 148 32 centimes

1074 3671 146 35 Montjoie
1248 3672 8 38 /
1283 3673 309 32 Halbmonatsschrift
1620 3671 9 40 /
1656 3674 88 32 Paris
1770 3676 10 39 /
1806 3675 157 31 Chaussi®

1076 3722 120 30 d'Antin
1217 3725 36 28 38

1075 3771 84 30 Haro
1181 3769 9 40 I
1212 3772 232 33 Monatsschrift
1467 3772 8 40 /
1498 3774 126 29 Briissel

1074 3824 59 30 Les
1157 3824 126 32 Cahiers
1308 3828 39 28 du
1371 3826 113 31 Centre
1516 3824 10 32 I
1557 3825 132 31 Moulins
1716 3822 116 38 [Allier]

1074 3873 58 31 Les
1156 3875 123 30 Soirees
1302 3877 37 29 de
1361 3876 87 32 Paris
1479 3872 12 35 I
1522 3875 122 33 Recueil
1665 3875 140 33 Mensuel
1839 3873 9 40 /
1878 3877 85 30 Paris

1072 3925 17 26 9
1109 3933 52 21 rue
1184 3925 95 30 Jacob

2052 108 168 33 Umelecky
2244 108 150 30 Mesicnik
2417 108 9 37 /
2450 108 232 31 Monatsschrift
2706 110 46 28 fiir
2778 118 78 21 neue
2882 110 60 29 und

2051 158 60 28 alte
2127 157 97 30 Kunst
2242 155 11 35 /
2271 157 71 30 Heft
2361 158 73 28 6—8
2452 159 113 32 bringt:
2586 159 116 30 Bilder:
2724 158 128 30 Picasso
2872 156 40 36 (9)
2932 155 11 39 /

2050 206 123 33 Braque
2193 203 40 36 (3)
2252 204 10 39 /
2281 206 144 30 Cezanne
2445 204 40 36 (3)
2504 205 10 35 /
2530 208 105 30 Soffici
2656 204 41 37 (l)
2716 206 9 39 /
2743 207 196 33 Sculpturen:

2050 255 128 30 Picasso
2202 252 39 36 (2)
2265 253 9 39 I
2297 255 176 34 Negersche
2497 254 59 35 (10)
2578 257 10 39 /
2607 258 209 30 Architektur:
2842 258 100 29 Gocar

2053 301 40 36 (6)
2119 303 9 38 I
2153 305 134 29 Jahrlich
2311 305 33 29 M
2371 306 78 28 12.50
2474 303 11 35 /
2510 306 252 31 Administration
2788 306 81 33 Prag
2897 306 10 30 I
2933 304 10 39 /

2050 353 238 30 Veleslavinova
2302 356 17 27 5

2050 480 345 72 Anzeigen

2050 964 168 32 Akademie
2237 968 47 29 fiir
2319 972 146 28 moderne
2484 971 146 34 Skulptur
2649 974 28 28 in
2696 972 89 33 Paris
2804 971 10 38 /
2836 976 33 28 18
2889 975 54 29 Im-

2050 1023 91 26 passe
2164 1018 37 28 du
2220 1016 102 33 Maine
2342 1019 238 36 Montparnasse
2599 1021 10 38 /
2628 1023 183 33 Korrektur:
2833 1027 34 28 A.
2887 1027 56 28 Ar-

2051 1065 212 34 chipenko
2289 1066 11 38 /
2326 1070 212 33 Arbeiten
2566 1075 37 28 in
2631 1073 122 31 Stein
2780 1071 9 39 /
2817 1075 125 31 Studien

2051 1117 55 30 der
2123 1117 145 33 Stilarten
2285 1118 11 39 /'
2313 1120 122 37 MaBige
2455 1123 106 32 Preise

2048 1181 117 35 Poetry
2184 1186 60 28 and
2263 1186 116 31 Drama
2408 1185 9 40 /
2445 1188 152 36 Dichtung
2618 1192 61 29 und
2701 1191 115 32 Drama
2846 1192 9 34 /
2886 1193 57 32 Be«

2047 1233 132 32 griindet
2201 1234 114 31 Januar
2340 1238 70 29 1912
2430 1235 10 40 /
2461 1238 74 32 Eine
2555 1240 315 38 Dreimonatsschrift,
2892 1253 51 25 ge-

2047 1282 128 31 widmet
2192 1284 55 30 der
2268 1285 153 36 Dichtung
2441 1289 61 29 und
2522 1290 69 30 dem
2610 1291 115 31 Drama
2747 1293 54 29 der
2822 1294 120 33 Gegen*

2048 1335 81 27 wart
2150 1334 29 29 in
2201 1334 78 30 alien
2298 1336 143 31 Landern
2470 1336 10 39 /
2510 1339 167 32 Probeheft
2697 1351 100 25 gegen
2818 1343 124 31 Einsen*

2048 1382 83 34 dung
2167 1392 61 21 von
2265 1386 17 28 2
2308 1386 91 30 Mark
2436 1390 36 28 50
2498 1388 129 36 Pfennig
2674 1390 10 35 /
2729 1392 213 38 Jahresbezug

2050 1433 34 28 10
2108 1432 90 31 Mark
2225 1436 36 28 50
2288 1435 129 36 Pfennig
2463 1437 12 35 /
2518 1439 113 35 Verlag
2658 1441 84 32 The
2780 1442 163 35 Poetry

2047 1480 233 38 Bookshop
2311 1484 10 38 /
2352 1486 175 33 London
2549 1489 67 31 WC
2649 1489 10 35 /
2689 1494 36 28 35
2750 1492 192 33 Devonshire

2047 1531 103 32 Street
2181 1532 10 39 /
2221 1534 174 33 Theobalds
2419 1538 88 33 Road

2048 1598 86 32 ReuB
2159 1602 61 29 und
2248 1602 125 31 Pollack
2401 1602 10 39 /
2437 1605 244 37 Buchhandlung
2708 1610 61 30 und
2798 1611 145 34 Antiqua.

2047 1649 58 31 riat
2128 1650 12 41 I
2162 1650 291 36 PotsdamerstraBe
2482 1658 52 28 118
2545 1665 26 22 c.
2616 1658 228 35 Fernsprecher
2873 1662 69 31 Amt

2047 1699 129 30 Liitzow
2197 1703 74 29 2829
2312 1701 10 38 /
2363 1705 208 34 Graphisches
2594 1707 143 33 Kabinett
2759 1710 54 31 der
2837 1710 104 33 Neuen

2047 1748 166 33 Sezession
2232 1752 12 39 /
2264 1752 212 36 Vorlesungen
2498 1758 75 29 iiber
2596 1760 148 30 moderne
2766 1762 60 28 und
2848 1762 94 31 buch-

2046 1801 209 31 gewerbliche
2274 1802 137 33 Themen
2432 1803 11 39 /
2460 1806 120 32 Eintritt
2602 1808 58 31 frei
2678 1809 11 40 /
2709 1810 232 36 Anmeldungen

2046 1850 127 30 erbeten
2188 1851 13 40 /
2215 1852 148 35 Standige
2382 1854 196 37 Ausstellung
2595 1866 62 22 von
2675 1859 265 36 Luxusausgaben

2046 1900 28 29 in
2097 1901 231 33 auslandischer
2349 1904 154 32 Literatur

2045 1965 279 38 Braunschweiger
2351 1971 375 35 G-N-C-Monatsschrift:
2753 1977 102 32 Neues
2880 1981 62 28 und

2044 2015 258 34 Wissenswertes
2328 2021 74 30 iiber
2427 2022 153 31 Literatur
2606 2023 10 39 /
2640 2025 107 32 Kultur
2773 2025 10 39 /
2808 2028 97 32 Kunst
2931 2026 9 39 /

2041 2065 227 35 Wissenschaft
2290 2071 60 29 und
2373 2071 136 32 Technik
2531 2072 10 38 /
2562 2074 206 37 Einzelbezug
2790 2080 35 27 80
2848 2079 92 30 Pfen-*

2042 2117 51 33 nig
2114 2115 9 38 I
2143 2117 242 35 Vierteljahrlich
2406 2121 90 31 Mark
2517 2126 18 27 2
2554 2121 15 38 /
2589 2124 264 34 Probenummern
2874 2138 68 21 um-.

2042 2169 87 28 sonst
2155 2166 10 39 I
2190 2168 113 35 Verlag
2331 2171 135 32 Grimme
2493 2173 116 32 Natalis
2636 2176 28 28 &
2691 2176 54 31 Co.
2774 2178 70 30 C-G
2872 2188 17 20 a
2913 2180 25 30 A

2043 2216 245 38 Braunschweig

2044 2286 85 32 Neue
2152 2288 165 32 Sezession
2349 2286 10 40 /
2389 2291 102 31 Berlin
2524 2288 10 41 /
2568 2293 239 38 Eingetragener
2832 2297 108 31 Verein

2044 2335 188 34 Passive
2269 2339 253 35 Mitglieder
2559 2345 56 29 der
2643 2344 104 32 Neuen
2778 2346 162 31 Sezession

2046 2388 135 31 erhalten
2205 2390 125 31 jahrlich
2355 2394 12 26 1
2393 2387 9 40 /
2426 2394 140 31 mehrere
2590 2396 181 34 graphische
2797 2397 146 30 Arbeiten

2044 2438 17 29 2
2084 2432 11 41 I
2119 2439 47 29 die
2190 2438 172 33 Zeitschrift
2389 2441 62 31 Der
2476 2442 106 32 Sturm
2604 2444 57 31 frei
2693 2447 162 33 zugestellt
2890 2448 16 29 3
2933 2444 8 30 \

2045 2488 93 30 freien
2164 2488 120 33 Eintritt
2309 2500 36 21 zu
2371 2493 58 28 den
2454 2493 277 37 Veranstaltungen
2758 2498 53 29 der
2837 2496 102 32 Neuen

2044 2536 174 33 Sezession.
2260 2539 277 39 Mitgliedsbeitrag
2561 2543 197 34 halbjahrlich
2784 2547 34 29 15
2842 2546 98 31 Mark.

2046 2587 377 35 GeschSftsstelle
2447 2592 53 30 der
2522 2592 104 32 Neuen
2649 2594 180 32 Sezession:
2852 2595 90 35 Steg-.

2043 2637 61 37 litz,
2127 2637 220 36 MiquelstraBe
2371 2641 16 28 7
2398 2649 27 21 a.
2469 2642 128 31 Fernruf
2620 2645 71 29 Amt
2716 2644 127 35 Steglitz
2867 2646 75 29 269$

2043 2704 137 32 Edmund
2201 2706 109 35 Meyer
2330 2703 10 40 /
2358 2707 212 33 Buchhandler
2592 2712 59 28 und
2669 2711 146 34 Antiquar
2835 2707 9 34 /
2866 2712 73 30 Ber-

2043 2755 39 30 lin
2108 2755 39 29 W
2171 2757 45 34 35,
2241 2756 185 31 Potsdamer
2451 2758 110 31 StraBe
2586 2760 36 29 27
2633 2762 18 28 b
2679 2756 10 38 /
2714 2760 129 32 Fernru?
2869 2762 75 30 Amt

2042 2804 130 31 Liitzow
2194 2807 72 29 5850
2286 2802 10 39 /
2316 2807 262 35 Spezialgeschaft
2599 2810 47 30 fiir
2667 2811 172 35 bibliophile
2862 2813 78 29 Lite-

2044 2858 84 27 ratur
2155 2857 73 29 aller
2254 2856 64 31 Zeit
2347 2853 9 40 /
2383 2857 172 32 Wertvolle
2586 2862 60 28 und
2675 2862 114 30 seltene
2820 2862 118 30 Biicher

2042 2906 84 30 jeder
2148 2906 56 29 Art
2228 2914 74 22 vom
2324 2905 181 33 XVI.—XX.
2528 2909 205 32 Jahrhundert
2757 2906 9 40 /
2789 2913 66 29 Alte
2881 2912 58 28 und

2044 2961 78 21 neue
2150 2952 209 33 Kunstblatter
2389 2952 10 40 /
2428 2956 148 34 Standige
2605 2958 197 34 Ausstellung
2833 2959 107 30 biblio-

2044 3002 94 32 philer
2162 3002 235 32 Publikationen

2043 3068 138 29 Prazske
2204 3069 167 31 Umelecke
2395 3071 93 34 DHny
2538 3069 9 29 I
2594 3072 117 34 Prager
2736 3073 206 32 Kunstwcrk-.

2041 3120 92 27 statte
2156 3118 46 30 fiir
2226 3128 78 22 neue
2328 3120 97 32 Kunst
2446 3119 9 39 /
2476 3121 104 30 Mobel
2603 3120 9 39 /
2634 3122 301 34 Beleuchtungskor-

2041 3176 54 24 per
2114 3166 10 38 I
2141 3169 149 30 Textilien
2310 3168 10 39 /
2338 3170 92 36 Prag,
2450 3171 11 29 I
2480 3170 9 38 /
2509 3171 238 30 Veleslavinova
2768 3174 17 27 3

2042 3236 63 30 The
2164 3236 148 31 Lantern:
2382 3238 73 29 Eine
2514 3238 233 30 Monatsschrift
2806 3235 14 35 /
2879 3239 56 30 Die

2041 3287 244 30 amerikanische
2347 3287 174 30 Zeitschrift
2583 3288 54 29 des
2702 3287 160 31 Protestes
2926 3285 9 39 /

2043 3335 105 34 Organ
2177 3337 55 29 der
2259 3336 203 31 Gesellschaft
2489 3336 115 34 Junger
2643 3337 54 30 des
2735 3337 156 34 Diogenes
2928 3335 9 37 /

2044 3385 124 36 Drama,
2188 3386 162 36 Dichtung,
2370 3386 105 34 Kritik,
2493 3385 127 31 Malerei
2641 3387 11 39 /
2672 3386 265 32 Probenummern

2044 3437 35 28 50
2100 3436 128 33 Pfennig
2248 3434 9 39 /
2275 3436 160 30 Mortimer
2455 3435 151 36 Building,
2627 3436 146 36 Chicago,
2794 3437 77 30 USA

2042 3502 112 30 Verein
2174 3503 48 29 fiir
2239 3499 118 39 Kunst/
2366 3502 130 33 Leitung
2517 3502 421 31 HerwarthWalden

2042 3551 10 34 I
2086 3551 186 30 Zehntes
2308 3551 101 29 Jahr
2444 3547 9 40 /
2488 3551 74 30 Man
2587 3552 148 33 verlange
2760 3552 175 30 kostenlose

2042 3599 213 33 Mitteilungen
2279 3599 75 30 iiber
2378 3599 49 30 die
2451 3599 277 35 Neuorganisation
2756 3601 94 30 durch
2877 3601 58 30 den

2044 3648 112 33 Verlag
2176 3649 62 29 Der
2257 3648 104 30 Sturm
2382 3646 10 38 /
2412 3648 102 31 Berlin
2535 3650 40 29 W
2585 3651 18 28 9
