3459 4335
1684 192 106 51 372

210 354 95 39 Ren,
347 337 84 48 den
472 352 48 32 er
555 334 164 47 führen
757 333 164 56 wollte,
963 332 100 48 dass
1093 332 76 47 das
1198 330 150 49 Solide
1375 330 42 47 in
1446 329 80 48 der
1552 330 149 49 Musik

211 413 113 48 noch
352 409 209 51 Freunde
589 426 149 48 genug
766 408 135 56 habe,
944 426 74 29 um
1056 408 91 47 sich
1185 423 101 31 vom
1315 405 265 49 Schlechten
1608 405 92 49 und

211 487 240 49 Gemeinen
481 485 195 65 gänzlich
704 484 207 48 scheiden
940 501 52 30 zu
1024 483 191 48 können.

1420 482 42 47 N

602 743 164 53 Aus
837 741 465 71 Hamburg.

402 863 82 46 [Die
511 859 394 47 Hamburg-Altonaer
933 859 98 45 Oper
1134 858 117 36 Karl
1289 859 132 35 Form
1433 857 70 47 es.]

320 953 150 48 Wenn
501 950 68 47 ich
598 950 42 47 in
671 949 79 48 der
777 949 127 48 Mitte
934 948 75 48 des
1033 948 258 48 November
1320 948 145 48 meine
1492 948 208 47 Berichte

206 1029 112 47 über
347 1028 69 47 die
443 1026 487 63 Hamburg-Altonaer
954 1025 126 64 Oper
1108 1030 130 41 unter
1263 1023 78 48 der
1363 1024 230 47 Direction
1623 1023 77 48 des

205 1106 80 46 Dr.
316 1103 246 49 Wollheim
593 1101 55 49 da
670 1103 200 47 Fonseca
899 1101 78 47 mit
1000 1099 99 49 dem
1124 1100 161 47 bereits
1308 1100 57 47 im
1391 1099 202 49 October
1622 1100 51 47 be-

206 1179 207 65 endigten
437 1178 219 63 Gastspiel
678 1176 75 47 des
777 1176 267 49 berühmten
1067 1176 220 47 Bassisten
1310 1176 135 47 Karl
1475 1176 224 47 Formes

210 1255 208 65 beginne,
456 1270 47 31 so
544 1252 105 49 darf
670 1252 73 47 Sie
780 1252 77 47 das
893 1251 121 48 nicht
1043 1251 273 48 befremden.
1358 1252 93 46 Das
1481 1251 217 64 Gastspiel

206 1331 75 48 des
309 1332 152 46 Herrn
488 1332 187 45 Formes
717 1329 60 47 im
817 1329 140 47 Jahre
998 1327 139 49 1859
1183 1344 119 30 muss
1346 1327 240 64 allerdings
1623 1329 75 45 für

206 1407 69 47 die
301 1405 485 63 Hamburg-Altonaer
814 1404 126 63 Oper
981 1402 61 49 als
1081 1402 70 47 ein
1178 1402 228 64 Ereigniss
1448 1402 251 49 betrachtet

205 1481 198 56 werden,
443 1481 148 46 indem
633 1496 44 31 es
718 1480 120 46 nicht
877 1496 85 31 nur
1002 1479 207 63 geeignet
1237 1495 112 41 war,
1390 1479 69 47 die
1491 1480 207 63 Vorzüge

205 1557 91 49 und
324 1557 274 49 Schwächen
628 1556 75 47 des
730 1556 197 47 Instituts
957 1557 43 45 in
1029 1556 77 47 das
1134 1556 155 47 hellste
1311 1555 129 48 Licht
1461 1572 52 31 zu
1536 1564 162 48 setzen,

203 1650 47 30 so
280 1632 99 48 dass
407 1632 90 47 sich
520 1632 129 64 jeder
671 1631 324 63 Unbefangene
1023 1630 147 48 selber
1198 1631 68 47 ein
1296 1631 207 63 richtiges
1526 1631 171 48 Urtheil

203 1726 51 29 zu
285 1708 148 47 bilden
461 1724 200 47 vermag,
701 1707 192 47 sondern
924 1706 130 56 auch,
1085 1706 99 48 weil
1213 1706 243 65 Hamburg
1484 1707 71 47 die
1583 1713 115 41 erste

203 1800 152 48 grosse
396 1783 129 49 Stadt
567 1800 110 38 war,
718 1783 43 46 in
803 1783 80 47 der
922 1783 187 47 Formes
1150 1782 81 47 seit
1270 1782 145 47 seiner
1454 1782 245 48 Bückkehr

206 1861 112 48 nach
347 1861 185 62 Europa
572 1858 256 64 überhaupt
863 1860 62 47 als
960 1858 324 49 dramatischer
1318 1860 174 63 Sänger
1532 1858 168 49 wieder

205 1937 176 47 auftrat.

318 2013 153 47 Wenn
507 2012 67 47 ich
614 2012 118 47 diese
772 2011 121 49 nicht
921 2011 202 48 endende
1150 2011 255 48 Jeremiade
1434 2027 80 32 aus
1543 2011 156 57 Wien,

212 2067 7 17 I

205 2088 165 55 Berlin,
399 2088 240 55 München,
662 2088 137 64 Prag,
822 2086 203 48 Dresden
1051 2103 41 31 u.
1117 2102 30 32 s.
1172 2103 56 31 w.
1260 2086 113 47 über
1401 2086 85 48 den
1515 2102 184 48 grossen

207 2164 179 64 Mangel
427 2180 56 30 an
525 2162 315 48 brauchbaren
868 2163 203 62 Sängern
1114 2162 89 47 und
1245 2163 308 64 Sängerinnen
1595 2163 104 56 lese,

206 2257 130 31 wenn
363 2239 69 47 ich
463 2256 44 30 es
536 2241 103 54 lese,
681 2241 84 45 wie
805 2239 268 49 namentlich
1115 2239 42 46 in
1199 2239 139 49 Wien
1371 2239 82 47 seit
1489 2256 90 29 nun
1619 2241 81 45 fast

206 2317 142 47 einem
370 2315 138 47 Jahre
536 2315 70 47 die
626 2315 229 47 Direction
878 2314 80 48 der
979 2315 41 46 k.
1045 2314 39 48 k.
1105 2314 206 65 Hofoper
1332 2315 79 47 mit
1433 2315 114 47 allen
1571 2319 96 59 mög-

206 2392 140 47 lichen
377 2390 88 47 und
496 2390 314 63 unmöglichen
835 2390 261 47 Tenoristen
1120 2389 419 65 verzweiflungsvoll
1564 2406 108 48 expe-

207 2467 234 55 rimentirt,
483 2467 117 47 ohne
642 2465 66 49 bis
750 2467 102 47 dato
885 2474 129 40 unter
1035 2467 131 47 Allen
1194 2483 86 32 nur
1307 2467 144 47 Einen
1475 2467 223 62 gefunden

202 2562 52 29 zu
286 2543 164 56 haben,
478 2543 80 47 der
586 2543 84 47 den
697 2543 314 65 Ansprüchen,
1042 2543 169 47 welche
1240 2559 101 31 man
1372 2559 54 31 an
1457 2543 127 47 einen
1613 2559 56 47 gu-

203 2628 72 39 ten
297 2619 328 47 Primo-Tenor
647 2635 52 31 zu
722 2622 151 45 stellen
899 2618 77 48 das
1000 2619 143 47 Becht
1167 2619 92 56 hat,
1283 2623 213 59 genügte,

206 2710 117 32 muss
365 2695 67 46 ich
474 2694 114 48 mich
631 2695 200 48 wirklich
874 2694 311 57 verwundern,
1228 2695 84 47 wie
1354 2710 46 31 es
1434 2695 155 47 Herrn
1617 2696 81 47 Dr.

207 2771 245 49 Wollheim
476 2771 192 64 möglich
699 2788 110 39 war,
837 2771 114 49 noch
977 2771 71 47 ein
1072 2770 440 65 Opern-Ensemble,
1541 2771 85 47 wie
1654 2788 44 30 es

203 2848 431 63 Hamburg-Altona
656 2848 80 48 zur
736 2848 108 48 Zeit
1051 2855 152 48 nennt,
1225 2863 256 32 zusammen
1501 2864 51 31 zu
1576 2846 98 49 brin-

205 2940 101 47 gen,
334 2924 145 47 zumal
507 2939 44 32 es
579 2924 121 47 nicht
728 2924 42 47 in
799 2923 184 48 Abrede
1009 2924 174 63 gestellt
1211 2923 181 48 werden
1423 2924 136 56 kann,
1599 2924 100 47 dass

202 2999 70 48 die
292 2999 292 48 Erkenntniss
607 3000 172 56 dessen,
808 3016 90 32 was
920 3000 166 48 seinem
1110 3001 202 46 Institute
1332 2999 93 48 und
1448 2999 80 48 der
1550 3001 148 46 Kunst

206 3077 194 54 frommt,
438 3075 91 47 ihm
572 3077 62 46 oft
673 3091 82 49 gar
780 3076 105 47 sehr
911 3093 52 29 zu
992 3076 211 64 mangeln
1230 3076 185 56 scheint,
1456 3075 116 48 denn
1600 3076 98 48 eine

206 3152 217 64 Sängerin
454 3151 82 48 wie
564 3152 122 47 Frau
708 3152 343 56 Bonn-Bartels,
1080 3152 128 47 einen
1230 3151 185 48 Bariton
1438 3152 84 47 wie
1543 3152 154 47 Herrn

202 3227 208 65 Ludwig,
440 3227 128 49 einen
596 3227 221 49 Bassisten
847 3229 84 47 wie
953 3230 151 46 Herrn
1127 3229 235 47 Hermann
1386 3229 54 47 U.
1470 3227 146 65 gehen
1644 3246 53 30 zu

206 3304 157 54 lassen,
405 3304 116 45 ohne
565 3304 75 46 für
675 3305 294 62 genügenden
1001 3304 154 46 Ersatz
1183 3304 166 64 gerade
1378 3302 117 48 beim
1523 3305 171 63 Beginn

205 3378 78 49 der
302 3380 362 47 Wintcr'Saison
689 3386 181 58 gesorgt
894 3397 52 31 zu
977 3380 166 58 haben,
1151 3380 148 47 —das
1321 3378 113 49 wird
1457 3380 237 47 Manchem

206 3455 199 48 wirklich
427 3456 70 47 ein
518 3457 146 64 wenig
687 3456 287 65 unglaublich
998 3456 195 65 klingen,
1222 3457 55 47 ist
1297 3456 110 48 aber
1429 3456 267 48 Thatsache.

207 3531 108 47 Karl
337 3532 184 47 Formes
546 3538 163 41 musste
732 3531 91 48 dies
851 3533 83 47 auf
954 3532 314 64 empfindliche
1291 3532 156 50 Weise
1468 3533 205 64 gelegent-

207 3607 84 47 lich
319 3607 138 47 seines
485 3610 154 45 letzten
671 3608 240 64 Gastspiels
939 3608 222 49 erfahren.

322 3682 119 47 Frau
469 3683 390 64 Jagels-Both,
888 3701 160 30 unsere
1070 3685 162 63 jetzige
1259 3685 357 57 Prima-Donna,
1644 3685 55 46 ist

207 3757 240 65 allerdings
475 3758 97 47 eine
602 3761 361 61 ausgezeichnete
992 3761 244 63 Sängerin;
1269 3761 95 47 ihre
1392 3759 305 49 vortreffliche

206 3834 182 55 Schule,
428 3834 98 47 ihre
567 3834 185 64 kräftige
794 3837 88 47 und
922 3837 200 63 zugleich
1152 3836 327 64 sympathische
1506 3836 190 48 Stimme

206 3911 206 47 machten
441 3911 61 47 sie
530 3911 42 45 in
602 3911 156 47 kurzer
779 3913 94 47 Zeit
898 3931 51 29 zu
979 3914 144 47 einem
1147 3914 224 47 erklärten
1391 3913 208 64 Liebling
1621 3912 77 48 des

207 3985 269 50 Publicums.
526 3987 146 47 Allein
710 3987 69 47 die
808 3988 254 48 Künstlerin
1100 3989 169 49 scheint
1296 3989 90 49 sich
1414 4006 92 32 nun
1536 3989 163 47 einmal

202 4062 76 47 mit
319 4078 206 32 unserem
560 4062 485 52 stimmmörderischen
1077 4066 150 48 Klima
1260 4066 122 48 nicht
1421 4064 278 50 befreunden

1772 348 51 29 zu
1854 330 202 55 können;
2098 330 61 49 sie
2190 330 199 47 erschien
2420 330 41 47 in
2492 330 150 47 letzter
2670 330 110 56 Zeit,
2822 346 47 31 so
2901 329 61 48 oft
2992 330 61 47 sie
3095 330 182 58 auftrat,

1773 405 254 50 bedeutend
2055 407 297 63 angegriffen,
2383 405 90 49 und
2502 405 114 49 noch
2641 407 114 47 öfter
2778 422 94 32 war
2895 422 44 32 es
2962 405 70 47 ihr
3055 407 223 62 geradezu

1773 482 273 63 unmöglich,
2078 483 293 54 aufzutreten,
2413 498 48 31 so
2501 480 99 49 dass
2641 482 252 48 dieserhalb
2929 480 70 49 die
3030 489 113 40 erste
3174 499 78 46 pro-

1766 556 175 64 jectirte
1965 555 90 48 und
2078 556 335 64 angekündigte
2437 556 290 63 Vorstellung
2755 556 76 47 des
2854 556 174 49 Bobert
3060 558 77 45 mit
3165 558 111 47 Karl

1773 634 186 47 Formes
1989 634 61 46 als
2080 634 110 47 Gast
2218 633 214 47 ausfallen
2475 631 92 49 und
2609 631 77 47 das
2726 633 128 47 Haus
2888 633 85 47 den
3004 633 164 48 Abend
3196 649 51 47 ge-

1771 709 223 47 schlossen
2026 709 175 48 bleiben
2232 715 183 49 musste,
2453 709 151 47 wofür
2641 708 78 47 der
2754 724 125 32 arme
2907 710 82 46 Dr.
3024 709 246 48 Wollheim

1772 800 82 31 von
1885 784 99 47 dem
2014 785 155 46 Hoch-
2200 783 89 48 und
2321 783 139 48 Wohl
2468 784 161 46 weisen
2660 783 279 63 hamburger
2967 785 239 62 Magistrat
3232 785 45 47 in

1772 860 96 47 eine
1899 860 178 48 Brüche
2105 877 81 30 von
2213 860 68 48 20
2307 859 154 48 Thlrn.
2492 859 248 65 Preussisch
2773 860 203 47 Courant
3004 875 270 49 genommen

1773 934 172 48 wurde.

1885 1012 60 46 So
1974 1011 106 64 ging
2110 1028 45 31 es
2185 1011 99 47 fort.
2314 1011 60 47 So
2403 1011 62 47 oft
2493 1011 109 47 Karl
2634 1012 187 46 Formes
2851 1011 41 47 in
2917 1011 243 64 Hamburg
3187 1011 66 47 sin-

1772 1104 84 46 gen
1887 1087 166 55 wollte,
2083 1086 158 47 wurde
2270 1087 122 46 Frau
2413 1086 297 64 Jagels-Both
2742 1086 267 64 unpässlich,
3039 1086 69 47 die
3132 1087 114 47 Fräu-

1771 1162 86 47 lein
1885 1164 161 62 Steger
2075 1162 89 47 und
2188 1161 191 57 Weber,
2407 1179 47 30 so
2486 1162 83 47 wie
2597 1162 70 47 die
2689 1164 183 45 Frauen
2893 1162 377 49 Simon-Bomani

1772 1238 89 47 und
1885 1238 227 49 Schröder
2135 1246 196 39 mussten
2356 1238 245 58 aushelfen,
2629 1255 48 30 so
2707 1245 81 57 gut
2815 1254 45 31 es
2889 1238 115 47 eben
3033 1238 119 64 ging.
3182 1240 90 47 Um

1771 1313 69 49 die
1870 1315 298 64 Aufführung
2210 1315 79 47 der
2317 1315 291 47 Zauberüöte
2648 1331 52 31 zu
2742 1315 323 63 ermöglichen,
3108 1322 165 41 musste

1771 1390 69 48 die
1881 1391 241 48 Soubrette
2161 1392 121 46 Frau
2327 1391 453 47 Seiler-Blumenthal
2820 1388 257 66 (allerdings
3105 1391 98 48 eine
3231 1392 43 46 in

1771 1466 330 48 musicalischer
2129 1466 207 47 Hinsicht
2370 1466 344 63 hochgebildete
2742 1465 164 64 Dame)
2944 1466 85 47 den
3058 1467 110 47 Part
3196 1466 80 48 der

1769 1542 197 64 Königin
1995 1542 79 48 der
2102 1542 147 48 Nacht
2277 1541 324 52 übernehmen.
2642 1542 203 64 Figaro's
2873 1542 218 48 Hochzeit
3118 1542 158 48 wurde

1772 1617 74 65 (da
1873 1619 152 47 Fräul.
2058 1619 119 46 Elise
2200 1617 201 48 Schmidt
2423 1618 172 47 damals
2618 1618 113 47 noch
2756 1618 121 47 nicht
2897 1619 244 64 angelangt
3161 1617 112 65 war)

1771 1694 96 47 eine
1896 1694 378 64 Unmöglichkeit.
2318 1694 116 47 Was
2464 1696 187 45 Formes
2679 1694 236 56 trotzdem,
2952 1711 82 30 von
3066 1710 207 31 unserem

1772 1769 236 49 wackeren
2047 1772 152 47 Tenor
2238 1771 110 47 Karl
2378 1769 129 50 Wild
2547 1771 62 47 als
2649 1769 190 57 Bobert,
2878 1771 164 55 Baoul,
3084 1771 189 48 Eleazar

1773 1846 90 47 und
1894 1847 197 56 Ottavio,
2120 1863 47 31 so
2197 1847 85 47 wie
2310 1846 88 47 den
2428 1848 178 46 Herren
2637 1846 321 58 Ilahnemann,
2999 1848 274 64 Zottmeyer,

1771 1922 317 58 Feuerstacke,
2111 1923 155 56 Löwe,
2290 1923 122 64 Kaps
2442 1922 91 48 und
2559 1923 233 47 Zellmann
2813 1923 43 47 in
2882 1923 392 64 ausgezeichneter

1772 1998 157 48 Weise
1959 2002 279 53 unterstützt,
2267 1999 42 46 in
2333 1998 207 48 Partieen
2572 1998 84 48 wie
2680 2000 223 55 Bertram,
2933 2000 223 54 Sarastro,
3185 1999 58 47 Le-

1773 2075 184 64 porello,
1989 2075 227 55 Cardinal,
2241 2075 215 56 Fallstaff,
2479 2075 168 47 Marcel
2677 2075 186 56 leistete,
2892 2074 201 48 darüber
3121 2091 153 31 waren

1773 2150 69 47 die
1871 2152 218 47 Stimmen
2131 2153 110 47 aller
2268 2150 461 65 Kunstverständigen
2770 2152 43 47 in
2855 2152 243 64 Hamburg
3138 2152 132 64 einig.

1772 2228 166 47 Altona
1967 2235 164 40 musste
2159 2228 167 47 darauf
2347 2228 264 56 verzichten,
2653 2228 75 47 für
2757 2227 183 48 diesmal
2971 2227 85 48 den
3085 2228 165 62 gefeier-

1769 2309 73 42 ten
1872 2304 172 64 Sänger
2086 2304 62 47 als
2178 2304 110 47 Gast
2326 2321 52 29 zu
2423 2303 262 65 begrüssen.
2740 2305 221 63 Dagegen
3004 2304 184 64 gastirte
3227 2321 49 30 er

1772 2378 91 47 drei
1895 2379 90 47 Mal
2014 2379 44 47 in
2088 2379 99 47 Kiel
2228 2379 62 47 als
2327 2380 184 62 Figaro,
2559 2379 239 63 Leporello
2827 2379 92 47 und
2947 2380 169 47 Marcel
3146 2385 131 42 unter

1773 2454 307 63 ungeheurem
2111 2455 155 47 Beifall
2295 2454 90 47 und
2417 2454 69 48 bei
2516 2454 277 48 überfüllten
2821 2456 225 47 Häusern.

1886 2531 85 47 Die
2012 2530 395 65 Vorbereitungen
2455 2548 51 30 zu
2550 2531 371 65 Meyerbeer's

1773 2605 102 48 dem
2549 2624 83 31 von
2676 2608 238 48 Thomas
2956 2608 106 58 und,
3105 2609 84 47 wie
3230 2625 46 31 es

1774 2684 148 56 heisst,
1965 2684 114 48 auch
2111 2684 79 47 der
2218 2700 144 32 neuen
2394 2685 125 64 Oper
2548 2684 77 48 des
2662 2685 245 64 Herzogs
2948 2702 100 30 von
3091 2686 185 47 Gotha

1772 2759 206 47 machten
2022 2760 70 47 die
2135 2760 357 63 Aufführungen
2533 2760 191 47 anderer
2764 2760 302 65 Neuigkeiten
3105 2769 172 39 vorerst

1772 2836 274 62 unmöglich.
2088 2836 48 46 In
2167 2836 80 47 der
2275 2836 226 47 Favoritin
2533 2836 89 47 und
2651 2836 43 47 in
2721 2836 181 48 Johann
2929 2853 85 31 von
3042 2836 126 48 Paris
3198 2836 57 48 fei-

1772 2917 95 41 erte
1896 2911 148 50 Wild
2083 2911 168 48 wieder
2280 2911 85 48 den
2394 2912 361 64 vollständigsten
2785 2912 219 65 Triumph
3034 2912 115 49 über
3178 2914 98 48 eine

1771 2989 186 63 gewisse
1985 2989 496 55 Beferenten-Coterie,
2512 2990 170 47 welche
2709 2989 92 48 sich
2830 2989 141 48 wider
2997 2989 87 49 den
3108 2991 142 47 Künst-

1771 3065 63 45 ler
1862 3065 328 57 verschworen,
2219 3065 100 47 weil
2350 3081 48 32 er
2425 3065 71 48 ihr
2525 3065 121 48 feiles
2667 3065 99 48 Lob
2788 3066 122 47 nicht
2931 3066 219 48 bezahlen
3173 3066 103 48 will.

1771 3140 242 64 Hamburg
2053 3141 143 57 weiss,
2244 3157 93 32 was
2375 3157 46 31 es
2461 3157 84 31 von
2587 3141 85 48 den
2710 3142 207 48 Kritiken
2957 3142 80 48 der
3077 3143 199 55 Herren,

1768 3216 172 48 welche
1971 3216 97 48 hier
2091 3216 77 48 das
2196 3232 154 49 grosse
2380 3217 141 48 Wort
2561 3217 181 59 führen,
2776 3235 55 30 zu
2869 3218 149 49 halten
3048 3217 93 59 hat,
3182 3217 92 50 und

1769 3291 116 49 freut
1923 3292 109 57 sich,
2073 3306 48 33 so
2164 3293 63 47 oft
2265 3310 44 30 es
2352 3292 294 65 Gelegenheit
2682 3293 155 60 findet,
2878 3295 151 48 seinen
3058 3293 212 65 Liebling

1771 3368 147 50 Wild
1948 3368 140 49 durch
2122 3370 153 48 Beifall
2303 3370 363 49 auszuzeichnen.

3061 3387 88 32 s

2125 3620 323 59 Schiller
2518 3620 129 58 und
2708 3620 212 58 Liszt.

1882 3749 266 66 Terpander
2175 3751 78 48 hat
2279 3751 44 47 in
2351 3752 79 47 Nr.
2460 3749 70 50 46
2561 3749 125 49 Ihres
2714 3749 282 65 geschätzten
3023 3752 171 49 Blattes
3222 3768 49 35 so

1768 3827 102 49 tiefe
1898 3828 153 47 Blicke
2079 3828 45 47 in
2153 3827 70 48 die
2257 3827 354 48 künstlerischen
2652 3828 362 48 Intentionen
3056 3828 77 50 des
3161 3831 84 48 Mei-

1769 3909 110 42 sters
1900 3904 118 47 Liszt
2045 3903 112 48 thun
2185 3904 160 55 lassen,
2373 3902 100 48 dass
2501 3902 84 48 wir
2611 3902 92 48 ihm
2733 3903 122 48 nicht
2883 3921 249 48 genugsam
3163 3904 82 50 dan-

1772 3979 84 49 ken
1885 3979 193 49 können.
2131 3979 132 49 Auch
2293 3978 71 48 die
2393 3978 178 50 Proben
2606 3995 84 33 von
2718 3981 313 48 Declamation
3061 3997 80 33 aus
3169 3981 103 49 dem

1773 4057 176 51 Werke
1989 4057 78 48 des
2101 4055 317 64 Componisten
2468 4055 79 49 mit
2582 4055 82 50 der
2714 4073 294 41 „enormen
3056 4058 186 50 Gestal-
