3561 4447
1748 110 85 53 100

186 243 213 60 Einfiuss,
443 243 89 52 den
561 245 79 50 das
669 247 263 49 Plätschern
964 247 78 51 des
1072 249 336 60 Wasserfalles,
1439 251 77 49 das
1548 268 80 32 aus
1660 252 78 49 der

190 327 122 49 Tiefe
343 328 42 48 in
418 327 68 51 die
517 329 204 51 höheren
750 332 127 47 Töne
915 332 310 67 aufsteigende
1253 333 243 50 Rauschen
1538 334 80 50 der
1648 334 92 50 sich

189 408 422 69 überschlagenden
653 412 181 51 Wellen
876 414 80 47 auf
989 414 86 50 den
1117 414 347 68 empfindenden
1493 417 247 49 Menschen

189 492 183 60 ausübt,
412 494 79 49 hat
519 494 370 51 wahrscheinlich
931 497 97 49 eine
1058 498 169 65 gleiche
1260 498 213 51 Ursache.
1517 501 97 48 Der
1644 501 96 48 Fall

190 574 83 50 der
305 577 373 66 Wassertropfen
713 578 58 50 ist
801 579 95 49 hier
926 579 81 50 der
1035 581 235 66 Erzeuger
1299 582 81 50 der
1411 583 329 59 Schallwellen,

188 657 120 49 beim
340 659 267 51 Wasserfall
653 659 43 50 in
739 662 315 50 unendlichem
1094 663 221 51 Wechsel
1357 663 106 51 bald
1503 666 235 58 schneller,

192 739 105 50 bald
326 741 267 66 langsamer,
622 742 72 50 bei
725 743 80 50 der
830 745 154 49 Welle
1007 745 201 67 langsam
1239 745 271 67 beginnend,
1540 748 79 49 mit
1649 756 69 41 ste-

190 823 116 66 tiger
345 825 414 67 Beschleunigung,
813 827 91 48 und
950 827 137 50 daher
1130 828 160 49 immer
1333 830 202 49 höheren
1581 832 160 48 Tönen

613 910 135 64 (126
763 910 230 66 —128.)

316 988 178 51 Gewiss
534 991 110 48 wird
686 991 80 49 der
805 993 141 47 Leser
987 992 113 50 nach
1141 993 152 50 diesen
1333 995 181 49 Proben
1559 995 182 67 geneigt

193 1072 109 57 s'iin,
332 1090 86 32 uns
443 1073 43 49 in
504 1073 99 49 dem
623 1073 167 68 obigen
807 1073 201 53 Urtheile
1028 1076 115 50 über
1158 1077 274 51 Schleidens
1477 1118 16 19 „

190 1153 370 60 beizustimmen;
589 1174 97 32 wer
712 1157 78 59 sie,
821 1159 216 49 hiedurch
1067 1170 234 56 angeregt,
1333 1161 141 50 selbst
1503 1179 80 32 zur
1606 1161 135 50 Hand

193 1237 175 59 nimmt,
400 1237 80 50 der
509 1239 61 49 sei
602 1239 268 68 überzeugt,
904 1241 123 50 nicht
1056 1242 122 50 bloss
1210 1244 123 48 einer
1364 1244 377 49 unterhaltenden

192 1320 213 60 Leclure,
451 1322 196 50 sondern
688 1324 114 48 auch
843 1325 145 48 einem
1032 1325 153 49 klaren
1216 1326 153 48 Geiste
1409 1326 93 50 und
1544 1327 123 49 einer
1698 1327 43 49 in

194 1402 197 50 solchem
405 1404 175 49 Maasse
604 1405 202 49 seltenen
821 1406 286 50 mannhaften
1120 1407 265 67 Gesinnung
1409 1427 55 30 zu
1488 1407 253 67 begegnen.

1430 1492 51 50 F.
1525 1492 90 50 Ch.

762 1754 196 59 Pariser
996 1755 173 59 Briefe.

322 1908 94 49 Das
442 1911 188 50 Thedtre
660 1912 175 65 lyrique
864 1912 78 49 hat
969 1912 86 50 den
1086 1914 364 49 Freischütz
1481 1914 169 50 wieder
1673 1915 79 49 auf

199 1988 69 49 die
298 1990 158 51 Bühne
487 1992 231 66 gebracht,
750 1994 40 50 d.
825 1995 40 49 h.
897 1996 86 48 den
1015 1997 332 49 französischen
1368 1999 148 49 Robin
1538 2000 73 48 des
1624 2000 121 56 Bois,

197 2071 82 48 mit
308 2071 103 50 dem
440 2075 217 49 Zusätze:
688 2077 123 50 Piece
837 2079 200 49 imitee
1063 2081 53 47 de
1143 2081 279 48 l'Allemand
1439 2109 65 6 —
1527 2080 97 48 eine
1654 2080 61 49 Un-

196 2154 362 61 verschämtheit,
590 2157 114 50 über
732 2160 171 48 welche
934 2160 140 49 selbst
1104 2161 69 50 die
1203 2161 196 66 hiesigen
1430 2162 318 67 Tagesblätter

197 2236 271 67 einstimmig
500 2239 251 50 herfahren.
809 2244 94 47 Das
933 2242 320 50 Meisterstück
1283 2244 50 48 C.
1363 2245 61 48 M.
1457 2263 40 30 v.

199 2317 78 50 hat
318 2320 121 48 seine
470 2321 268 51 Geschichte
778 2324 43 48 in
860 2326 126 49 Paris
1025 2326 179 65 gehabt.
1263 2326 85 50 Die
1376 2328 180 48 Herren
1588 2328 157 49 Castil-

199 2400 135 50 Blaze
378 2403 92 48 und
516 2405 206 66 Sauvage
766 2406 207 50 machten
1018 2408 68 48 die
1141 2408 128 67 Oper
1312 2416 153 42 zuerst
1507 2409 58 49 im
1610 2410 137 48 Jahre

205 2483 155 49 1824
394 2485 70 48 für
494 2486 78 51 das
604 2489 164 49 Odeon
801 2490 208 60 zurecht;
1055 2491 62 49 sie
1156 2491 179 50 machte
1376 2499 117 42 trotz
1537 2493 80 48 der
1646 2510 75 32 ver-

200 2565 272 67 krüppelten
502 2570 191 57 Gestalt,
740 2571 100 49 dem
870 2573 545 50 Durcheinanderwerfen
1455 2575 80 48 der
1574 2574 143 51 Musik-

201 2649 170 58 stücke,
403 2650 81 48 der
512 2655 489 50 unverantwortlichen
1030 2657 403 66 Verstümmelung
1462 2657 79 49 des
1570 2658 175 51 Finales

200 2749 46 31 u.
279 2749 33 32 s.
343 2749 56 33 w.
445 2734 143 51 durch
629 2737 71 49 die
742 2738 123 48 nicht
905 2757 56 30 zu
1006 2739 270 50 ertödtende
1305 2740 153 50 Macht
1489 2740 79 50 der
1597 2742 148 48 Musik

202 2813 205 52 dennoch
453 2819 468 50 ausserordentlichen
953 2822 240 49 Eindruck.
1239 2822 82 49 Die

200 2897 136 48 nahm
388 2897 151 50 1835
587 2902 205 49 dasselbe
835 2903 263 49 Machwerk
1150 2904 43 50 in
1234 2905 68 47 ihr
1344 2905 271 66 Repertoire
1658 2907 86 48 auf.

201 2979 189 50 Endlich
432 2983 273 49 veranlasste
742 2985 59 49 im
840 2987 140 48 Jahre
1029 2987 145 49 1841
1225 2987 71 49 die
1335 2988 252 65 königliche
1618 2989 127 68 Oper

202 3062 98 48 eine
341 3063 227 51 wirkliche
600 3065 343 69 Uebersetzung
985 3069 78 49 des
1105 3071 171 48 Textes
1316 3088 87 31 von
1442 3071 121 49 Kind
1603 3071 141 49 durch

202 3144 191 50 Emilien
414 3148 174 60 Pacini;
618 3151 174 49 Berlioz
823 3152 174 49 schrieb
1014 3152 245 51 Recitative
1289 3153 129 59 dazu,
1450 3153 92 52 und
1565 3172 51 32 so
1643 3154 101 49 kam

206 3227 83 48 der
310 3229 261 51 Freischütz
602 3250 102 31 zum
736 3241 151 42 ersten
910 3234 117 50 Male
1048 3236 269 66 vollständig
1348 3237 79 48 auf
1450 3237 96 48 eine
1579 3237 166 67 pariser

204 3309 174 51 Bühne.
422 3314 318 68 Vollständig?
795 3317 63 48 Es
898 3317 57 48 ist
995 3318 209 66 möglich,
1250 3319 102 49 dass
1383 3318 144 51 dieses
1557 3318 70 50 bei
1659 3319 85 50 den

206 3398 150 43 ersten
395 3394 348 69 Aufführungen
793 3397 145 51 1841
992 3398 80 50 der
1117 3401 91 48 Fall
1253 3419 236 48 gewesen;
1533 3401 211 59 nachher,

204 3474 95 50 und
328 3479 267 49 namentlich
624 3481 70 49 bei
726 3482 80 48 der
823 3482 431 51 Wiederaufnahme
1277 3485 145 48 dieser
1439 3485 305 66 Bearbeitung

205 3556 60 49 im
296 3558 185 66 vorigen
510 3562 150 58 Jahre,
704 3563 163 50 fanden
910 3563 213 51 ebenfalls
1164 3565 311 50 abscheuliche
1504 3568 209 49 Verstüm-

202 3639 244 68 meluugen
475 3645 134 58 Statt,
648 3647 172 48 welche
859 3647 85 50 den
975 3647 257 51 bekannten
1260 3651 191 48 Process
1481 3650 79 49 des
1590 3651 153 48 Herrn

200 3739 89 33 von
333 3725 275 66 Tyskiewiez
653 3730 315 50 veranlassten.
1028 3731 175 48 Berlioz
1251 3731 158 51 wurde
1456 3731 286 51 bekanntlich

204 3806 114 48 auch
341 3808 302 68 angegriffen;
675 3827 48 32 er
745 3812 306 68 rechtfertigte
1079 3813 106 58 sich,
1216 3815 90 49 und
1331 3816 111 48 nach
1469 3815 144 51 seiner
1627 3816 87 48 Ver-

202 3886 263 71 teidigung
494 3891 173 49 scheint
696 3910 63 41 es,
799 3893 102 50 dass
943 3896 139 50 schon
1118 3895 145 51 1841
1305 3896 70 50 die
1405 3899 309 66 Opern-Direc-

202 3968 93 50 tion
327 3971 327 71 eigenmächtig
686 3975 106 66 jene
830 3977 459 69 Verstümmelungen
1334 3980 287 67 (namentlich
1663 3981 76 50 des

199 4052 195 70 Finales)
425 4074 350 49 vorgenommen
806 4060 138 51 hatte.

1963 254 118 51 Was
2113 256 80 48 auf
2216 254 101 51 dem
2354 257 192 52 Thedtre
2574 258 178 69 lyrique
2786 258 114 69 jetzt
2941 261 83 50 seit
3055 262 101 51 dem
3191 263 90 52 26.
3312 266 53 49 Ja

1834 353 115 32 nuar
1972 336 206 66 gegeben
2203 338 127 57 wird,
2348 338 56 50 ist
2429 339 84 49 fast
2538 357 111 48 ganz
2678 342 90 48 und
2798 361 81 47 gar
2906 344 80 49 der

1834 436 86 32 von
1953 419 309 51 Castil-Blaze.
2306 422 102 48 Alle
2438 425 173 46 Namen
2652 423 81 50 der
2762 427 232 50 Personen
3026 428 80 50 der
3138 430 250 50 deutschen

1835 501 128 67 Oper
1994 502 97 50 sind
2122 503 255 57 verändert,
2410 506 198 48 Ottokar
2640 508 90 49 und
2762 507 81 50 der
2859 510 174 49 Eremit
3063 530 113 47 ganz
3208 513 156 51 hinaus-

1834 585 240 64 gewiesen.
2132 587 67 48 Im
2248 595 152 42 ersten
2432 590 115 48 Acte
2589 590 109 49 lässt
2740 591 93 49 sich
2875 592 72 50 die
2979 595 288 68 Anordnung
3308 598 81 49 der

1832 667 310 50 Musikstücke
2170 670 114 48 noch
2311 679 238 58 ertragen;
2580 672 72 48 die
2669 672 110 51 Arie
2803 673 233 69 Caspar's:

1832 750 56 48 ist
1917 750 44 48 in
1994 751 83 48 den
2110 751 164 49 dritten
2306 753 89 49 Act
2427 761 217 52 versetzt;
2674 756 79 50 das
2779 757 184 50 Terzett
2992 759 81 48 mit
3105 760 147 51 Chor:
3295 762 93 60 „O,

1834 832 119 50 diese
2236 835 139 51 bildet
2417 836 77 50 das
2525 837 168 60 Finale,
2737 840 94 49 und
2862 842 69 49 die
2959 844 246 67 Handlung
3236 845 142 49 bleibt

1832 915 60 49 im
1924 916 183 50 Ganzen
2138 934 50 32 so
2221 917 198 50 ziemlich
2450 919 210 58 dieselbe,
2691 939 88 32 nur
2808 922 101 50 dass
2940 924 120 49 nicht
3085 926 158 59 Kilian,
3278 943 81 34 son-

1835 999 109 49 dern
1976 1000 217 48 Samiel
2226 1001 180 66 (Robin)
2432 1002 86 49 den
2541 1004 146 64 Vogel
2712 1005 247 51 abschiesst
2977 1009 91 49 und
3087 1009 117 49 dann
3231 1029 130 47 gross-

1835 1081 175 66 müthig
2041 1081 97 50 eine
2166 1084 146 48 Börse
2354 1084 103 48 dem
2498 1085 145 49 Dick
2674 1086 179 67 (Kilian)
2886 1090 191 58 zuwirft,
3119 1094 183 48 worauf
3320 1093 45 66 je-

1835 1164 117 48 doch
1994 1164 123 49 nicht
2160 1165 160 57 dieser,
2366 1166 197 51 sondern
2611 1169 255 51 Richard
2909 1173 60 66 (d,
3011 1173 24 49 i.
3081 1173 186 69 Caspar)
3313 1176 71 50 die

1835 1246 217 68 Couplets
2084 1247 79 49 mit
2193 1249 100 48 dem
2325 1250 236 50 Lachchor
2591 1253 133 64 singt,
2754 1254 149 49 indem
2933 1272 51 33 er
3010 1258 115 48 Dick
3156 1259 63 48 als
3251 1260 114 48 Stell-

1836 1336 225 42 vertreter
2090 1331 79 49 des
2198 1331 403 52 Meisterschützen
2631 1336 217 50 vorlührt.
2983 1340 95 47 Der
3109 1341 157 49 zweite
3297 1343 92 49 Act

1835 1411 76 49 hat
1952 1411 77 50 das
2058 1414 145 47 Duett
2234 1414 91 49 und
2354 1415 273 50 Aennchens
2658 1418 188 68 (Nancy)
2876 1420 134 59 Arie;
3054 1423 118 48 dann
3213 1424 57 48 ist
3312 1425 71 49 ein

1835 1496 145 49 Duett
2020 1496 221 49 zwischen
2273 1498 160 67 Tony
2460 1499 143 67 (Max)
2648 1501 90 49 und
2777 1504 162 48 Anna
2970 1504 233 69 (Agathe),
3247 1526 133 31 wenn

1836 1578 84 48 mir
1949 1578 127 49 recht
2105 1579 70 57 ist,
2207 1597 79 31 aus
2317 1580 81 48 der
2425 1581 265 68 Euryanthe
2718 1584 337 66 eingeschaltet.
3115 1590 125 49 Nach
3281 1590 105 50 dem

1835 1660 185 50 Terzett
2048 1661 43 49 in
2419 1663 65 48 Es
2217 1663 113 65 folgt
2359 1663 70 49 die
2456 1665 145 49 Scene
2631 1665 42 50 in
2705 1667 81 49 der
2809 1668 372 61 Wolfsschlucht,
3212 1673 175 49 welche

1835 1743 44 48 in
1910 1744 67 48 die
1996 1743 196 67 Gebirge
2224 1763 86 31 von
2331 1747 251 49 Yorkshire
2611 1748 112 49 nach
2753 1750 207 66 England
2991 1761 195 41 versetzt
3215 1754 72 51 ist.
3316 1757 70 48 Im

1836 1825 341 68 Hintergrunde
2208 1828 69 49 die
2305 1829 179 50 Ruinen
2523 1830 121 50 eines
2674 1832 120 49 alten
2824 1834 248 51 Schlosses.
3118 1838 163 48 Samiel
3313 1856 48 30 er-

1837 1909 171 48 scheint
2038 1927 55 32 an
2124 1910 80 49 der
2235 1912 138 48 Stelle
2401 1912 124 49 einer
2554 1914 241 60 Bildsäule,
2833 1917 172 49 welche
3036 1919 80 49 der
3142 1921 113 48 Blitz
3287 1938 73 32 zer-

1839 1992 280 58 schmettert,
2150 1994 90 50 und
2272 1994 256 51 überreicht
2552 1997 102 48 dem
2679 1998 171 67 Caspar
2872 1999 70 50 ein
2968 2001 282 52 feuerrothes
3274 2006 84 47 Per-

1839 2083 195 56 gament,
2066 2076 194 49 welches
2283 2078 108 48 Max
2422 2079 349 50 unterzeichnen
2801 2082 82 48 soll
2899 2083 50 66 *).
2980 2084 106 49 Max
3111 2084 109 50 aber
3245 2086 141 49 bleibt

1837 2158 268 65 tugendhaft
2133 2159 93 49 und
2257 2159 116 49 zieht
2403 2177 47 32 es
2480 2178 94 40 vor,
2603 2162 215 51 Reissaus
2834 2183 55 30 zu
2907 2166 208 59 nehmen,
3148 2185 93 33 was
3267 2168 119 51 dann

1836 2239 342 66 Veranlassung
2220 2260 56 29 zu
2321 2242 101 48 dem
2469 2243 410 52 Schluss-Tableau
2925 2247 109 66 gibt,
3078 2249 43 49 in
3165 2251 218 49 welchem

1839 2322 108 48 Max
1977 2321 113 49 über
2116 2323 123 66 Berg
2268 2324 91 49 und
2390 2324 113 50 Thal
2535 2326 136 57 flieht,
2716 2327 172 69 Caspar
2917 2331 91 48 und
3040 2332 67 48 ein
3138 2333 124 49 Heer
3295 2351 89 32 von

1841 2406 305 66 Gespenstern
2178 2406 146 49 hinter
2353 2407 90 48 ihm
2475 2408 95 59 her,
2617 2410 89 49 und
2743 2412 164 50 Samiel
2947 2415 80 48 auf
3052 2415 121 49 einer
3199 2417 159 50 Felsen-

1839 2487 139 67 spitze
2009 2487 122 50 diese
2160 2506 118 32 neue
2309 2490 132 49 wilde
2470 2491 117 66 Jagd
2618 2492 185 66 dirigirt.

1961 2571 94 48 Der
2097 2571 134 48 letzte
2271 2572 90 48 Act
2400 2573 78 47 hat
2517 2573 70 50 die
2627 2576 287 65 grässlichste
2941 2578 343 70 Misshandlung
3313 2600 47 32 er-

1837 2652 168 50 fahren.
2051 2653 179 66 Agathe
2273 2655 184 66 beginnt
2488 2657 77 48 mit
2597 2657 80 48 der
2706 2657 224 54 Cavatine.
2975 2662 248 51 Aenncben
3256 2665 101 67 plau-

1839 2736 100 49 dert
1967 2737 79 48 mit
2076 2737 92 57 ihr;
2198 2738 95 49 ihre
2324 2756 159 48 grosse
2639 2741 137 50 bleibt
2805 2745 248 49 mitsammt
3090 2747 165 59 „Nero,
3281 2749 101 49 dem

2207 2838 117 48 weg,
2366 2821 109 50 aber
2516 2822 68 50 die
2616 2824 350 67 Brautjungfern
2997 2829 262 50 erscheinen
3292 2832 92 49 und

1840 2901 156 66 singen
2025 2902 68 49 ihr
2121 2904 124 49 Lied.
2278 2904 107 49 Dies
2417 2905 105 48 alles
2554 2905 108 66 geht
2692 2907 81 49 auf
2796 2909 144 49 einem
2972 2910 137 49 freien
3139 2912 154 50 Platze
3322 2914 60 49 im

1839 2985 169 49 Walde
2037 3003 80 31 vor
2149 2985 80 49 der
2258 2986 425 69 Försterwohnung
2712 3008 94 31 vor.
2852 2991 169 51 Sobald
3062 2994 68 49 die
3161 2996 223 60 Mächen

1839 3066 70 50 die
1938 3067 159 50 Bühne
2126 3069 227 49 verlassen
2381 3069 161 58 haben,
2574 3072 224 49 erscheint
2822 3074 169 68 Caspar
3020 3078 244 68 (Richard),
3294 3080 93 65 legt

1840 3149 121 49 seine
1989 3150 177 49 Büchse
2207 3151 112 50 und
2357 3151 93 50 ein
2479 3152 190 50 Pistol
2711 3155 79 48 auf
2814 3156 85 50 den
2931 3158 147 50 Tisch,
3123 3131 105 79 ftfan
3260 3179 124 32 muss

1839 3231 176 57 wissen,
2061 3232 102 50 dass
2203 3234 80 48 der
2325 3235 170 65 pariser
2526 3236 259 50 Freischütz
2827 3257 86 31 nur
2955 3240 124 50 drei
3110 3243 276 66 Freikugeln

1837 3321 111 42 statt
1977 3315 150 48 sieben
2159 3333 223 48 gegossen
2414 3318 89 48 hat.
2563 3318 169 68 Caspar
2777 3321 121 49 stellt
2940 3323 142 66 einige
3114 3325 243 65 gewissens-

1836 3395 165 67 bissige
2023 3399 367 66 Betrachtungen
2420 3417 80 40 an;
2532 3400 95 50 eine
2658 3420 85 31 von
2776 3404 85 48 den
2892 3404 92 49 drei
3016 3406 182 67 Kugeln
3228 3409 76 50 hat
3336 3427 50 32 er

1839 3497 54 31 an
1924 3480 108 50 Max
2061 3481 204 66 gegeben
2373 3483 101 58 wie,
2504 3502 134 31 wenn
2669 3502 50 31 er
2748 3486 122 49 nicht
2898 3488 129 51 käme
3059 3508 76 31 um
3165 3509 81 32 vor
3276 3493 104 49 dem

1839 3561 169 50 Schuss
2024 3563 76 49 das
2116 3565 273 65 Pergament
2414 3584 52 29 zu
2490 3566 384 51 unterzeichnen?
2906 3570 109 50 Hier
3034 3572 113 66 folgt
3177 3573 69 49 die
3276 3575 108 49 Arie

1837 3663 80 30 aus
1950 3645 101 50 dem
2081 3655 151 40 ersten
2263 3649 203 48 Acte.—
2485 3649 189 50 Endlich
2705 3650 174 51 kommt
2907 3654 123 50 Max.
3059 3655 66 49 Er
3153 3657 76 49 hat
3260 3659 122 48 seine

1835 3728 240 66 Freikugel
2117 3747 81 32 zur
2226 3730 205 66 Rettung
2474 3749 86 31 von
2603 3732 234 66 Agathens
2867 3737 155 58 Vater,
3073 3739 81 47 auf
3187 3739 88 50 den
3314 3742 70 48 ein

1835 3809 124 51 Eber
1990 3812 228 66 eindrang,
2248 3813 307 51 verschossen.
2616 3814 169 69 Caspar
2828 3818 89 60 hat,
2958 3819 85 50 wie
3073 3838 50 32 er
3153 3832 116 55 sagt,
3313 3823 70 50 die

1905 3965 33 47 *)
1966 3965 53 38 Es
2047 3965 47 38 ist
2122 3965 141 40 immer
2290 3967 279 52 merkwürdig,
2610 3968 88 39 dass
2728 3969 128 41 dieser
2884 3970 361 44 Castil-Blaze'sche
3275 3975 84 40 Frei-

1966 4027 133 39 schütz
2131 4027 101 40 1824
2262 4030 81 38 und
2371 4030 169 39 Scribe's
2569 4031 80 38 und
2677 4031 264 56 Meyerbeer's
2968 4034 151 39 Robert
3147 4035 68 39 der
3245 4036 136 40 Teufel

1970 4086 100 41 1830
2099 4087 243 41 erschienen.
2885 4092 89 41 Die
3003 4094 301 40 Redaction.
