3619 4452
1787 130 93 54 284

197 275 207 53 Maassen
437 273 210 68 ausging,
680 273 57 51 ist
767 275 151 68 wenig
950 294 59 33 zu
1039 275 372 66 entschuldigen;
1457 273 121 50 denn
1609 290 49 33 es
1691 273 89 66 gab

200 359 311 67 mannigfache
544 360 317 67 Gelegenheit,
905 362 94 50 sich
1044 362 115 49 über
1204 361 70 48 die
1307 359 342 66 Vortrags-Art
1692 360 59 48 Pa-

196 442 336 51 lestrina'scher
563 445 152 49 Musik
748 465 56 31 zu
836 446 343 57 unterrichten;
1211 444 85 49 wir
1326 444 168 49 führen
1523 450 138 43 unter
1693 445 66 49 vie-

197 529 69 49 len
299 545 90 33 nur
419 527 72 51 die
521 530 215 51 Vorrede
778 549 81 33 aus
891 530 212 51 Proske's
1148 546 168 34 neuem
1345 529 184 51 Werke
1573 569 16 18 „
1600 531 182 50 Musica

192 614 161 51 divina
427 632 71 34 an.
530 615 96 50 Hat
658 615 81 50 der
755 615 210 66 Dirigent
996 614 145 51 dieses
1167 614 153 49 Werk
1352 614 218 67 gekannt,
1602 632 51 33 so
1686 614 97 67 gibt

193 696 149 51 dieses
358 699 199 51 Factum
577 699 131 51 einen
723 698 180 50 Beweis
921 698 146 58 dafür,
1098 698 88 49 wie
1216 698 153 67 wenig
1400 698 94 50 sich
1527 698 146 50 durch
1703 717 52 49 ge-

195 781 271 53 schriebene
498 784 286 65 Anweisung
813 783 81 51 der
925 783 192 67 richtige
1148 785 207 66 Vortrag
1385 783 128 51 einer
1545 784 147 51 Sache
1721 784 62 50 im

196 867 253 50 Einzelnen
482 868 229 49 andeuten
742 867 126 59 lässt,
899 884 138 33 wenn
1070 868 69 49 die
1171 868 261 67 praktische
1449 869 150 48 Lehre
1623 873 133 44 unter-

196 952 221 50 richteter
446 953 194 48 Männer
685 952 82 49 mit
808 953 91 51 ihm
945 953 125 49 nicht
1108 953 138 49 Hand
1291 953 43 49 in
1366 954 137 48 Hand
1548 954 140 66 geht;
1734 971 48 31 es

198 1053 98 33 war
325 1035 327 68 merkwürdig,
686 1054 55 31 zu
776 1035 305 60 beobachten,
1128 1038 86 48 wie
1245 1037 112 49 viele
1388 1037 149 49 dieser
1565 1037 190 51 Bezeich-

195 1137 202 50 nungen,
427 1121 165 68 richtig
625 1123 80 48 auf
732 1122 105 51 dem
872 1123 176 67 Papier,
1096 1122 145 49 durch
1274 1122 220 67 peinliche
1527 1122 91 49 und
1651 1122 104 49 miss-

193 1206 306 50 verstandene
546 1207 314 67 Anwendung
917 1226 55 30 zu
1032 1204 387 60 kümmerlichem,
1479 1204 302 51 zerrissenem

195 1289 202 60 Wesen,
438 1297 111 43 statt
581 1308 54 32 zu
668 1291 353 49 künstlerischer
1049 1288 295 66 Abrundung
1373 1287 276 51 hinzuleiten
1680 1306 74 32 ver-

196 1375 231 50 mochten.
484 1376 144 49 Unter
672 1375 106 49 dem
814 1373 190 51 Drucke
1049 1373 148 50 dieses
1241 1373 326 50 knechtischen
1599 1373 149 50 Gehor-

198 1476 121 32 sams
352 1458 126 51 litten
510 1457 274 51 namentlich
816 1457 71 50 die
918 1466 157 42 ersten
1108 1458 137 50 Sätze
1275 1458 83 50 der
1386 1458 170 59 Messe,
1607 1457 141 51 beson-

243 1509 41 8 ***
482 1507 24 26 3
604 1510 27 21 o

193 1542 106 48 ders
332 1542 81 50 der
442 1541 184 67 Anfang
657 1541 80 51 des
1368 1543 154 49 Credo.
973 1541 160 52 Freier
1176 1542 94 50 und
1313 1542 210 66 flüssiger
1564 1542 214 51 machten

192 1626 93 50 sich
317 1626 201 50 einzelne
550 1626 158 50 Theile
748 1627 80 50 des
1546 1629 212 57 Sanclus,
1120 1645 51 32 so
1214 1626 87 51 wie
1346 1626 80 51 des

188 1710 195 49 manche
423 1711 182 50 Piano's
652 1715 159 47 wären
856 1711 281 58 vortrefflich
1180 1728 234 50 gewesen,
1458 1711 129 50 hätte
1631 1711 146 50 ihrem

191 1794 226 50 Schatten
446 1795 70 49 ein
549 1795 223 51 breiteres
802 1797 143 50 Forte
987 1796 65 50 als
1082 1795 285 51 Lichtmasse
1399 1795 268 68 gegenüber
1698 1814 50 48 ge-

192 1879 210 51 standen.
460 1881 226 50 Dasselbe
727 1881 146 50 fühlte
916 1899 105 32 man
1052 1880 72 51 bei
1156 1881 103 50 dem
1293 1881 94 50 99.
1420 1881 151 50 Psalm
1613 1883 137 55 „Jubi-

206 1966 89 50 lale
357 1973 60 17 u
418 1965 33 50 und
482 1965 82 51 der
596 1965 267 69 Antiphone
1628 2006 18 17 r
1661 1969 37 47 A
1781 1969 10 47 I
1705 1966 71 51 die

192 2048 65 49 als
290 2048 179 50 Ganzes
501 2067 73 31 am
605 2049 164 51 besten
800 2049 290 51 herauskam.

314 2133 216 51 Leichter
569 2134 65 50 als
680 2134 71 50 die
795 2152 195 32 unserer
1020 2134 99 50 Zeit
1160 2134 99 50 fern
1311 2134 209 66 liegende
1560 2134 216 66 Majestät

184 2215 80 50 des
296 2233 193 50 grossen
521 2219 215 57 Römers,
779 2217 162 50 wurde
974 2218 70 48 die
1075 2217 223 50 deutsche
1330 2217 334 68 Frömmigkeit
1696 2219 80 51 des

186 2302 418 67 protestantischen
648 2302 178 50 Eccard
872 2302 280 68 empfunden
1199 2303 211 68 (Choral:
1468 2303 129 57 „Der
1641 2303 136 68 heilig

186 2385 131 50 Geist
347 2403 107 32 vom
484 2385 201 51 Himmel
915 2387 92 49 und
1039 2404 104 32 zum
1175 2387 250 51 Ausdruck
1452 2387 236 66 gebracht.

311 2469 173 51 Diesen
513 2471 237 49 einzelnen
780 2471 539 49 Unvollkommenheiten
1350 2471 118 49 kann
1503 2471 274 67 abgeholfen

184 2554 216 59 werden;
449 2554 209 51 dennoch
691 2556 116 49 wird
837 2556 81 49 der
950 2556 158 49 wahre
1141 2556 255 49 Charakter
1437 2556 81 52 der
1550 2556 120 52 alten
1701 2557 50 51 Fi-

184 2638 326 67 gural-Musik,
554 2639 277 50 namentlich
865 2638 83 51 der
977 2657 90 32 von
1098 2639 270 58 Palestrina,
1407 2646 138 43 unter
1576 2639 88 50 den
1696 2657 52 50 ge-

184 2722 210 69 gebenen
416 2723 349 51 Verhältnissen
797 2723 271 54 schwerlich
1089 2741 82 32 zur
1188 2723 324 68 Erscheinung
1543 2723 230 51 kommen.

183 2808 139 49 Denn
367 2807 71 52 die
484 2808 367 66 Figural-Musik
894 2807 59 52 ist
1005 2807 126 51 nicht
1176 2807 301 67 geschrieben
1531 2808 69 50 lür
1645 2808 129 50 einen

188 2910 192 48 grossen
412 2892 127 50 Chor
568 2911 90 32 von
686 2893 329 59 Naturalisten,
1063 2892 203 51 sondern
1310 2892 73 50 für
1424 2892 132 51 einen
1597 2893 179 50 kleinen

191 2975 124 49 Chor
346 2976 282 51 vollendeter
657 2979 343 66 Kunstsänger,
1032 2976 95 52 und
1156 2976 57 50 ist
1245 2995 57 32 an
1333 2976 269 51 classischer
1634 2977 142 50 Stelle

188 3059 189 50 niemals
408 3060 163 51 anders
602 3061 270 67 ausgeführt
911 3061 208 56 worden.
1183 3062 99 49 Der
1327 3061 257 50 Charakter
1627 3061 150 50 dieser

190 3144 154 49 Musik
376 3144 175 50 kommt
581 3145 123 51 nicht
734 3146 146 50 durch
894 3145 404 68 Massenwirkung
1317 3163 83 31 zur
1416 3146 220 66 Geltung,
1669 3164 79 30 son-

191 3227 115 50 dern
353 3227 149 50 durch
543 3229 155 51 innere
739 3231 131 49 Kraft
917 3230 95 51 und
1053 3231 318 68 Transparenz
1414 3230 80 51 des
1538 3230 236 66 Klanges;

190 3311 124 51 seine
360 3311 307 68 Ausführung
709 3313 168 50 beruht
913 3315 125 50 nicht
1085 3314 129 51 allein
1260 3315 81 50 auf
1368 3313 291 52 Correctheit
1692 3314 82 49 der

190 3398 236 58 Nuancen,
445 3396 203 51 sondern
666 3399 81 48 auf
760 3398 213 50 höchster
991 3399 358 51 künstlerischer
1364 3399 214 51 Freiheit.
1614 3400 162 51 Wenn

191 3480 94 51 dies
317 3481 57 50 im
407 3481 237 51 einzelnen
671 3481 123 50 Falle
826 3499 85 32 von
944 3484 146 50 einem
1119 3502 193 48 grossen
1336 3484 438 50 Dilettanten-Chor

190 3565 267 51 annähernd
498 3564 198 52 erreicht
738 3565 131 57 wird,
917 3583 51 32 so
1006 3565 141 51 bleibt
1188 3586 47 31 es
1266 3568 72 49 ein
1371 3567 373 50 Concert-Kunst-

191 3650 146 59 stück,
374 3650 80 50 auf
479 3652 164 49 dessen
663 3650 137 50 Höhe
833 3649 210 51 derselbe
1068 3650 91 50 sich
1192 3650 67 51 bei
1292 3652 239 50 vielfacher
1546 3654 191 48 Verwen-

326 3697 10 13 -7

191 3733 126 67 dung
347 3734 124 50 nicht
503 3734 153 50 halten
690 3734 133 50 kann.
872 3735 102 50 Wo
1006 3734 208 66 dagegen
1246 3735 69 49 die
1346 3737 187 48 inneren
1565 3735 178 50 Lebens-

190 3817 326 68 bedingungen
548 3819 227 66 mangeln,
807 3818 125 50 führt
962 3822 190 46 äussere
1179 3818 333 69 Nachahmung
1550 3821 134 49 leicht
1715 3837 56 33 an

192 3902 71 49 die
294 3903 180 50 Gränze
504 3904 83 50 der
619 3903 270 52 Caricalur.i
939 3903 202 52 .gJdaöm
1179 3899 251 56 adldohais
1467 3904 131 51 liilßb

318 3987 94 49 Für
444 3988 88 50 den
562 3988 391 67 Kirchensänger,
1000 3989 82 49 der
1124 3987 103 51 dem
1260 3987 360 66 regelmässigen
1650 3989 91 49 Vor-

192 4077 132 60 trage
361 4071 83 51 der
473 4072 363 67 Figural-Musik
878 4072 121 51 beim
1040 4072 347 51 Gottesdienste
1433 4071 94 49 sich
1570 4072 202 60 widmet,

191 4153 58 51 ist
281 4151 110 52 aber
421 4155 297 68 vollständige
748 4156 251 51 Kenntniss
1040 4157 80 50 des
1153 4155 413 69 Gregorianischen
1599 4155 144 50 Gesan-

1879 291 80 50 ges
1990 275 96 52 und
2116 275 147 53 seiner
2289 272 292 52 öffentlichen
2600 272 309 70 Ausfuhrung
2939 276 58 52 im
3022 294 191 48 grossen
3239 276 195 53 Kirchen-

2485 358 24 9 ».
2542 357 9 18 1
2657 358 17 17 n
2740 359 11 5 ,
3149 340 4 35 '

1876 376 161 33 räume
2070 360 118 51 eben
2220 378 50 31 so
2302 360 266 48 wesentlich
2600 360 310 59 eriorderlich,
2959 362 87 50 wie
3090 362 99 50 eine
3234 362 228 51 schöne

1877 444 248 50 Stimme
2157 444 94 50 und
2284 442 461 51 künstlerische
2775 444 478 71 Beherrschung
3285 447 149 50 dersel-

1877 527 88 51 ben
1985 548 10 38 ;
2037 529 145 51 durch
2215 529 70 49 die
2317 535 122 43 erste
2467 527 296 68 Eigenschaft
2792 529 167 66 gehört
2991 546 50 32 er
3072 531 82 50 der
3184 531 170 51 Kirche
3386 550 76 41 an,

1879 613 144 50 durch
2072 614 70 49 die
2183 614 169 49 andere
2399 614 82 49 der
2521 614 168 48 Kunst.
2746 613 102 49 Nur
2878 613 145 49 durch
3055 615 71 50 die
3158 615 306 57 Verbindung

1879 696 148 50 dieser
2073 696 164 51 beiden
2267 698 150 67 Dinge
2458 696 115 52 wird
2610 696 71 51 die
2718 696 154 50 Masse
2915 696 80 51 des
3037 698 61 49 im
3128 698 333 68 Kirchenjahre

1877 781 394 51 vorkommenden
2303 783 170 49 Stoffes
2519 800 56 32 zu
2605 781 300 51 überwinden
2938 783 108 57 sein,
3091 800 91 32 nur
3212 783 145 49 durch
3390 785 72 50 die

1877 869 183 64 grösste
2077 864 302 66 Leichtigkeit
2411 864 80 50 des
2516 868 257 66 Vortrages
2804 867 112 50 wird
2949 867 222 50 tödtende
3191 867 270 50 Monotonie

1876 949 226 52 verbannt
2131 950 190 51 werden
2354 950 196 50 können.
2653 991 9 22 f
2666 954 204 51 9i9r/ß13

2006 1037 97 47 Der
2122 1034 254 50 Charakter
2407 1034 82 50 der
2520 1034 152 50 Chöre
2704 1034 57 50 ist
2793 1037 210 49 kleinlich
3033 1038 95 50 und
3161 1037 297 68 zudringlich,

1877 1137 138 33 wenn
2061 1119 124 51 seine
2232 1119 311 49 Harmonieen
2586 1118 126 52 nicht
2757 1137 87 32 von
2883 1122 258 49 veredelter
3182 1123 276 51 natürlicher

1876 1204 136 49 Kraft
2042 1204 249 65 ausgehen,
2317 1221 134 32 wenn
2468 1202 123 51 nicht
3363 1204 103 50 Cresc
2873 1204 93 49 und
3333 1208 102 61 lang-

2340 1269 5 12 -9
3410 1256 26 20 O

1877 1288 220 51 athmend
2138 1289 44 49 in
2227 1288 175 50 breiten
2436 1287 376 67 Schwingungen
2859 1287 94 51 sich
2994 1289 202 51 erheben
3240 1293 95 49 und
3380 1292 52 51 be-

1877 1372 239 67 sänftigen,
2159 1390 136 32 wenn
2342 1372 81 50 der
2455 1373 200 65 Gesang,
2703 1372 80 50 des
2816 1372 531 53 Orchesterschmuckes
3378 1376 54 51 be-

1875 1456 152 58 raubt,
2073 1457 43 50 in
2163 1457 94 50 sich
2303 1456 143 51 selbst
2488 1457 125 50 nicht
2658 1457 192 50 höchste
2881 1457 188 51 Würde
3112 1460 94 49 und
3245 1460 212 50 Anmuth

1875 1541 249 66 vereinigt;
2171 1540 70 49 die
2272 1541 331 66 Sologesänge,
2650 1540 95 52 und
2785 1557 49 33 es
2877 1540 99 50 sind
3020 1541 143 51 deren
3193 1542 108 51 sehr
3330 1545 128 52 viele,

1875 1625 183 67 klingen
2089 1625 314 58 kümmerlich,
2449 1641 136 33 wenn
2616 1625 63 49 sie
2709 1625 125 49 nicht
2863 1642 89 34 von
2985 1626 341 55 metallreichen
3361 1629 95 50 und

1874 1709 259 68 gebildeten
2166 1711 221 66 Organen
2417 1709 272 68 ausgeführt
2718 1710 203 51 werden.

2003 1796 97 51 Wo
2157 1794 89 50 den
2289 1795 245 49 Italiänern
2595 1794 70 50 die
2710 1795 254 67 glänzende
3008 1796 148 51 Natur
3215 1818 56 30 zu
3316 1800 140 50 Hülfe

1872 1879 195 57 kommt,
2111 1883 184 45 müssen
2329 1877 72 51 die
2427 1879 268 49 Deutschen
2728 1879 146 51 durch
2916 1880 292 65 gründliches
3240 1884 216 49 Studium

1875 1964 81 49 der
1988 1963 352 67 Gesangskunst
2371 1963 281 50 nachhelfen.
2704 1965 136 48 Dann
2873 1964 98 51 sind
3003 1965 167 51 freilich
3204 1969 249 66 Vortrags-

1872 2048 402 66 Bezeichnungen,
2307 2048 86 49 wie
2423 2048 70 49 die
2526 2065 57 33 zu
2608 2048 139 49 Brühl
2779 2049 352 67 angewandten,
3164 2050 289 70 überflüssig.

1872 2133 121 49 Was
2025 2131 71 50 ein
2128 2131 246 51 deutscher
2406 2131 124 50 Chor
2572 2149 201 50 vermag,
2818 2131 205 51 beweis't
3067 2134 83 50 der
3180 2137 277 50 Dom-Chor

1872 2234 57 31 zu
1959 2215 171 59 Berlin,
2161 2217 95 49 und
2288 2215 118 51 doch
2435 2215 60 50 ist
2525 2215 218 60 bekannt,
2775 2217 85 49 wie
2893 2217 124 50 nicht
3039 2237 89 32 nur
3159 2219 82 52 der
3271 2225 184 63 grösste

1870 2300 124 50 Eifer
2025 2300 148 50 seiner
2200 2299 276 69 Mitglieder,
2521 2299 70 50 die
2634 2299 273 67 umsichtige
2952 2302 92 52 und
3093 2303 225 51 wahrhaft
3348 2323 78 32 vor-

1870 2384 226 50 treffliche
2139 2384 202 66 Leitung
2380 2384 82 51 des
2502 2384 240 51 Directors
2775 2385 266 59 Neidhardt,
3088 2388 198 50 sondern
3334 2391 116 49 auch

1871 2468 71 50 die
1974 2486 160 49 grosse
2152 2468 235 50 Schatulle
2417 2468 126 50 eines
2577 2467 379 53 kunstliebenden
2980 2471 178 67 Königs
3188 2473 161 67 nöthig
3380 2474 72 57 ist,

1871 2571 79 32 um
1984 2553 74 48 ihn
2089 2571 56 32 zu
2177 2553 168 51 halten.
2408 2552 102 51 Und
2539 2553 86 50 wie
2657 2553 151 66 wenig
2848 2554 76 49 hat
2956 2572 49 32 er
3037 2556 82 49 der
3149 2557 153 51 Masse
3333 2559 117 50 nach

1872 2656 57 30 zu
1962 2637 159 49 leisten
2164 2637 270 67 gegenüber
2474 2637 89 49 den
2594 2637 376 51 Erfordernissen
3011 2638 82 51 des
3137 2641 313 52 katholischen

1874 2721 187 49 Cultus!
2107 2721 131 52 Doch
2271 2721 71 49 die
2371 2721 265 67 Erfahrung
2667 2721 115 52 wird
2816 2722 239 51 belehren!
3103 2725 109 50 Wir
3243 2727 204 65 gehören

1874 2805 284 66 keineswegs
2190 2822 57 32 zu
2279 2805 162 57 denen,
2486 2806 174 49 welche
2691 2806 105 48 dem
2830 2806 411 53 Wiederaufleben
3273 2810 81 52 der
3386 2811 42 49 al-

1874 2897 77 42 ten
1978 2891 155 48 Kunst
2164 2890 296 67 missgünstig
2491 2890 216 57 zusehen,
2754 2890 83 49 wir
2881 2891 200 51 nehmen
3107 2893 129 51 Theil
3282 2912 57 32 an
3371 2895 85 51 der

1871 2975 198 56 Ereude,
2114 2973 69 50 die
2228 2991 104 32 man
2379 2993 56 30 an
2467 2975 87 49 den
2585 2973 157 50 reinen
2774 2975 229 49 Schätzen
3034 2976 83 50 der
3147 2979 273 67 Vergangen-

1871 3057 93 50 heit
1997 3057 157 59 findet,
2186 3057 84 50 wir
2302 3057 143 50 hören
2479 3059 61 48 sie
2573 3075 112 50 gern
2718 3059 43 48 in
2793 3057 89 51 den
2909 3060 213 49 Räumen
3152 3060 84 51 der
3265 3062 185 58 Kirche,

1870 3159 136 32 wenn
2051 3141 96 50 ihre
2180 3140 302 68 Aufführung
2525 3141 221 51 vielleicht
2793 3142 69 49 für
2907 3141 262 53 bestimmte
3201 3146 125 66 Tage
3372 3147 81 50 des

1870 3226 354 66 Kirchenjahres
2271 3226 70 50 die
2393 3226 141 50 Stelle
2580 3244 197 32 neuerer
2821 3227 314 51 Kunstwerke
3180 3230 272 52 einnehmen

1870 3310 198 50 könnte:
2219 3310 142 50 sollen
2394 3310 64 50 sie
2488 3309 112 51 aber
2643 3328 83 32 zur
2755 3310 235 67 alleinigen
3022 3313 270 52 Herrschaft
3325 3315 95 51 kom-

1870 3412 120 40 men,
2025 3395 94 50 und
2152 3412 124 31 zwar
2305 3394 65 49 als
2404 3394 150 49 Schild
2587 3412 164 50 empor
2780 3395 214 66 gehoben
3023 3414 89 32 von
3145 3396 162 59 denen,
3340 3400 84 48 wel-

1870 3478 82 49 che
1985 3479 70 48 die
2087 3478 409 66 Schwierigkeiten
2534 3478 123 49 ihrer
2686 3479 291 67 Einführung
3023 3480 136 51 kaum
3204 3501 56 30 zu
3302 3484 148 48 ahnen

1870 3563 228 57 scheinen,
2153 3561 143 50 sollen
2342 3561 64 50 sie
2436 3561 301 68 verdrängen,
2783 3582 95 32 was
2910 3564 93 51 sich
3033 3565 44 49 in
3108 3583 218 32 unserem
3357 3568 61 48 Va-

1869 3647 209 49 terlande
2110 3647 42 48 in
2183 3645 253 50 nationaler
2468 3647 162 50 Weise
2660 3653 321 62 naturgemäss
3014 3649 199 66 gebildet
3245 3650 93 49 und
3370 3649 52 50 be-

1870 3732 151 49 währt
2064 3730 93 58 hat,
2204 3748 49 32 so
2302 3730 181 50 können
2530 3733 83 48 wir
2657 3733 99 48 eine
2801 3734 155 50 solche
3001 3733 317 67 Einseitigkeit
3359 3752 89 34 nur

2246 3819 143 51 (19II08
2432 3819 209 65 gnulüil
2680 3836 124 34 i9ni9
3105 3817 361 53 nsbntraildigoN
