3464 4440
1720 186 95 53 226

145 324 175 54 welche
353 324 72 52 die
455 324 250 52 Kenntniss
737 323 80 52 der
846 325 149 51 Natur
1027 344 102 34 zum
1170 327 276 67 Gemeingut
1480 327 109 51 aller
1617 327 62 52 Ge-

146 408 204 52 bildeten
381 409 188 50 machen
601 408 160 60 sollen,
807 409 68 50 die
907 409 150 51 Lehre
1104 430 103 33 vom
1239 412 179 51 Schalle
1449 411 232 52 unberück-

148 493 183 67 sichtigt
361 492 253 65 geblieben,
660 494 280 65 ungeachtet
985 496 118 50 ihres
1132 496 452 67 Zusammenhanges
1630 497 82 51 mit

150 578 82 50 der
262 576 296 68 populärsten
590 576 110 52 aller
732 579 195 58 Künste,
959 581 80 48 der
1070 581 164 51 Musik.

275 662 70 47 Da
375 661 99 48 tritt
505 680 94 32 nun
630 663 139 50 Einer
800 665 80 49 auf
906 665 90 50 und
1025 666 151 49 macht
1207 665 94 52 sich
1333 682 55 33 an
1420 666 70 51 die
1521 666 163 51 schwie-

150 746 95 65 rige
276 743 229 68 Aufgabe,
552 764 86 33 uns
681 748 98 59 alle,
826 748 68 50 die
938 748 81 50 wir
1049 751 149 48 Musik
1230 747 174 53 treiben
1435 751 93 49 und
1562 751 152 51 Musik

149 827 165 60 lieben,
374 830 296 50 aufzuklären
717 832 115 48 über
888 832 70 50 die
1018 833 696 69 mathematisch-physicalische

152 911 266 68 Grundlage
451 913 80 50 der
562 915 148 51 Musik
745 917 90 49 und
868 916 71 50 die
964 917 310 68 Anwendung
1307 917 80 49 der
1419 917 293 51 akustischen

152 996 196 50 Gesetze
383 996 68 51 bei
486 999 101 49 dem
619 1000 96 48 Bau
761 1001 80 48 der
872 1001 341 50 musicalischen
1246 1002 327 51 Instrumente.
1620 1004 94 48 Das

150 1081 59 50 ist
239 1081 315 51 Friedrich
599 1085 332 49 Zamminer
973 1085 41 48 in
1047 1086 206 50 Giessen.
1312 1086 64 48 Er
1409 1086 76 50 hat
1515 1086 69 50 die
1618 1086 64 50 Ab-

153 1165 131 58 sicht,
315 1165 143 49 durch
491 1166 92 50 sein
618 1167 123 49 Buch
773 1167 85 50 alle
889 1167 266 68 diejenigen,
1187 1169 172 49 welche
1390 1170 91 50 sich
1509 1170 79 50 mit
1612 1171 68 49 Mu-

154 1250 66 48 sik
253 1249 323 67 beschäftigen,
609 1250 80 50 mit
719 1251 85 50 den
823 1253 333 67 Forschungen
1189 1261 203 42 vertraut
1424 1273 55 32 zu
1512 1256 204 55 machen,

157 1333 71 49 die
261 1331 114 51 über
404 1333 70 49 die
506 1335 268 66 Bewegung
806 1336 80 49 der
912 1336 170 56 Saiten,
1127 1336 71 50 die
1228 1338 373 67 Schwingungen
1635 1339 81 49 der

154 1416 123 58 Luft,
323 1415 88 50 den
451 1418 98 48 Bau
597 1419 80 47 der
718 1420 311 50 Instrumente
1074 1439 87 32 von
1208 1423 330 54 Mersenne,
1584 1423 98 49 Ber-

150 1498 207 59 noulli,
381 1499 265 60 Chladni,
667 1503 207 51 Savart
905 1504 92 50 und
1029 1505 31 49 S
1077 1504 143 51 eebe
1235 1522 23 33 c
1277 1505 43 57 k,
1339 1523 79 33 vor
1435 1507 133 49 Allen
1597 1523 117 41 „von

152 1601 214 33 unserem
412 1585 204 66 genialen
1044 1590 282 50 Wilhelm
1373 1590 221 51 Weber
1637 1609 52 31 an-

153 1668 185 65 gestellt
370 1668 189 51 worden
592 1670 115 50 sind.

280 1752 85 49 Die
383 1754 407 66 Schwierigkeiten
816 1757 80 49 der
914 1757 210 67 Aufgabe
1156 1757 144 67 liegen
1334 1758 95 51 hier
1453 1758 109 50 aber
1593 1759 123 50 nicht

154 1853 90 32 nur
286 1837 41 48 in
375 1837 80 48 der
487 1839 86 47 Art
620 1839 90 49 und
741 1841 175 57 Weise,
961 1842 78 48 das
1074 1842 452 49 Wissenschaftliche
1571 1843 143 50 durch

155 1919 207 50 lassliche
394 1922 90 48 und
510 1923 282 65 angenehme
817 1926 295 64 Darstellung
1136 1926 152 66 jedem
1312 1926 271 50 Gebildeten
1616 1943 74 32 ver-

153 2003 221 48 ständlich
408 2004 91 50 und
529 2006 246 50 anziehend
808 2026 55 30 zu
896 2009 204 51 machen,
1145 2011 198 48 sondern
1375 2011 337 67 hauptsächlich

150 2087 116 48 auch
299 2087 141 55 darin,
483 2088 102 50 dass
632 2091 69 48 die
738 2092 333 50 Wissenschaft
1101 2093 143 50 selbst
1277 2095 115 49 noch
1427 2095 132 66 lange
1589 2095 122 49 nicht

153 2169 84 50 alle
268 2169 69 50 die
367 2171 313 52 Geheimnisse
704 2175 307 50 durchschaut
1044 2177 90 57 hat,
1169 2178 173 50 welche
1372 2178 70 50 die
1458 2178 146 50 Natur
1635 2195 52 49 ge-

152 2253 107 50 rade
290 2255 80 48 auf
397 2256 169 49 diesem
599 2257 190 51 Gebiete
821 2277 51 32 so
908 2260 84 49 tief
1020 2262 313 50 verschlossen
1366 2262 108 56 hält,
1524 2263 102 49 dass
1658 2280 54 32 an

153 2338 143 49 vielen
329 2340 172 48 Stellen
548 2341 70 48 die
665 2341 151 51 bisher
861 2361 315 49 gewonnenen
1209 2346 238 50 Resultate
1488 2364 88 32 nur
1620 2354 95 42 erst

153 2422 272 57 hinreichen,
468 2425 85 48 den
595 2426 183 66 Anfang
823 2446 102 31 zum
959 2429 352 50 Verständnisse
1357 2448 53 31 zu
1458 2430 254 67 gewinnen.

153 2505 131 51 Aber
314 2507 79 50 mit
423 2507 145 51 Recht
600 2519 101 57 sagt
731 2512 81 49 der
844 2512 260 51 Verfasser:
1156 2515 127 57 „Das
1314 2514 401 67 Abgeschlossene

155 2590 94 49 und
281 2590 184 67 Fertige
497 2591 56 51 ist
583 2610 49 32 es
663 2594 136 58 nicht,
832 2613 94 31 was
958 2596 178 50 anzieht
1166 2597 93 50 und
1279 2597 238 51 denkende
1535 2597 179 50 Geister

152 2672 275 68 beschäftigt
513 2676 159 50 darum
701 2679 187 65 glaubte
919 2681 83 55 ich,
1034 2681 88 49 den
1152 2683 144 48 Leser
1328 2681 113 50 auch
1474 2699 54 32 an
1561 2681 153 50 solche

152 2759 143 48 Beete
327 2759 162 49 führen
521 2778 56 32 zu
610 2760 174 61 dürfen,
817 2782 72 30 wo
921 2765 116 50 eben
1070 2774 94 41 erst
1197 2766 158 50 Keime

277 2843 122 58 Nun,
441 2843 84 48 wir
558 2844 180 51 können
771 2846 87 50 den
887 2849 174 48 Lesern
1090 2849 274 57 versichern,
1409 2850 103 50 dass
1543 2850 63 48 sie
1637 2850 79 48 mit

155 2928 281 66 Vergnügen
484 2928 90 49 und
621 2947 56 31 zu
726 2930 121 50 ihrer
892 2949 192 50 grossen
1115 2933 265 67 Belehrung
1423 2934 120 50 diese
1574 2934 141 50 Beete

150 3028 56 32 an
238 3010 82 50 der
350 3010 136 50 Hand
519 3009 78 51 des
626 3013 263 51 Verfassers
921 3017 291 49 umwandeln
1245 3017 90 49 und
1367 3018 348 65 grösstentheils

152 3095 129 50 mehr
300 3094 154 51 finden
478 3097 198 58 werden,
707 3098 63 49 als
802 3098 62 49 sie
896 3100 113 50 nach
1043 3100 85 50 den
1157 3099 331 52 bescheidenen
1514 3103 173 49 Aeusse-

152 3197 175 48 rungen
361 3179 80 50 des
473 3179 202 51 Führers
705 3191 225 41 erwarten
962 3184 228 51 mochten.
1225 3185 129 49 Auch
1388 3187 78 48 das
1499 3185 217 67 bestätigt

155 3264 80 48 der
268 3262 160 58 Inhalt,
477 3279 96 33 was
606 3264 81 48 der
722 3265 237 51 Verfasser
991 3285 55 31 an
1079 3267 123 49 einer
1231 3268 201 50 anderen
1466 3269 142 50 Stelle
1635 3269 79 49 des

154 3348 269 50 Vorwortes
455 3354 127 60 sagt:
626 3387 17 19 „
660 3349 214 50 Manches
897 3351 251 57 Goldkorn,
1179 3353 196 50 welches
1406 3353 82 50 der
1505 3353 181 50 Wissen-

154 3431 144 49 schaft
328 3434 165 46 nützen
527 3432 185 58 konnte,
759 3433 116 50 habe
917 3434 69 50 ich
1029 3434 69 49 bei
1142 3436 231 49 Musikern
1419 3436 90 49 und
1542 3437 148 48 Instru-

155 3514 399 50 mentenmachern
596 3516 259 50 unbenutzt
897 3517 146 67 liegen
1089 3518 245 66 gefunden,
1381 3519 100 50 weil
1515 3519 87 50 den
1630 3521 57 48 Be-

157 3598 166 50 sitzern
355 3598 80 50 der
468 3599 151 50 Faden
653 3601 150 59 fehlte,
836 3602 201 50 welcher
1066 3602 66 50 sie
1161 3621 81 31 aus
1277 3603 103 50 dem
1415 3603 191 50 Gebiete
1635 3603 80 50 der

157 3682 153 48 Kunst
343 3682 43 48 in
418 3682 78 50 das
527 3682 80 50 der
640 3685 334 50 Wissenschaft
1016 3686 135 51 leiten
1194 3687 183 50 konnte.
1438 3688 150 49 Meine
1618 3687 65 50 Ab-

157 3766 116 49 sicht
300 3782 109 40 war,
440 3766 142 49 durch
614 3768 287 69 vorliegende
926 3771 183 58 Schrift,
1140 3772 40 48 in
1215 3771 199 51 welcher
1444 3771 69 51 die
1540 3772 175 50 Namen

157 3848 155 50 Amati
357 3847 94 51 und
492 3850 258 59 Mersenne,
793 3853 179 50 Händel
1019 3855 93 49 und
1145 3853 204 58 Chladni,
1394 3855 179 49 Mozart
1625 3855 91 49 und

155 3932 261 51 Humboldt
436 3932 146 51 neben
610 3936 213 51 einander
841 3937 175 60 stehen,
1047 3940 176 49 solches
1244 3939 118 50 Gold
1382 3939 41 49 in
1449 3940 267 66 Bewegung

155 4036 55 31 zu

282 4102 94 50 Das
406 4101 130 50 Buch
566 4102 191 68 verfolgt
802 4104 128 50 keine
972 4113 157 59 streng
1159 4106 344 69 systematische
1533 4106 153 51 Anord-

154 4203 142 51 nung.
359 4186 106 51 Wir
497 4185 180 69 billigen
709 4188 91 49 dies
832 4188 59 49 im
924 4188 199 63 Ganzen,
1164 4190 195 66 glauben
1385 4190 183 66 jedoch,
1613 4191 102 50 dass

1808 329 100 52 eine
1938 328 277 70 Einleitung,
2264 329 172 52 welche
2481 329 71 51 die
2581 327 436 71 Haupt-Lehrsätze
3056 328 81 51 der
3174 331 198 52 Akustik

1809 414 432 60 zusammenstellte,
2269 414 424 51 wünschenswerth
2727 412 93 52 und
2850 413 195 50 nützlich
3078 414 95 50 sein
3206 414 164 52 dürfte.

1807 499 158 50 Indess
1999 498 110 50 fehlt
2138 498 115 51 auch
2295 499 43 50 in
2383 499 102 50 der
2515 499 154 59 Form,
2717 498 70 50 die
2819 497 81 52 der
2930 497 240 51 Verfasser
3202 498 170 52 beliebt

1808 585 91 57 hat,
1945 582 71 51 die
2062 583 298 66 Darstellung
2404 585 82 48 der
2530 582 323 51 wesentlichen
2895 582 335 67 Bedingungen
3288 583 82 50 der

1808 667 294 67 Entstehung
2133 668 92 50 und
2244 667 312 69 Verbreitung
2585 670 79 48 des
2694 668 152 50 Tones
2879 685 42 33 u.
2948 684 34 33 s.
3006 685 56 32 w.
3095 667 138 51 nicht.
3260 668 110 51 Wir

1810 753 150 50 finden
2004 752 63 50 sie
2110 751 250 51 besonders
2406 752 42 48 in
2491 752 85 50 den
2609 752 94 51 drei
2733 760 152 42 ersten
2918 751 318 60 Abschnitten,
3281 770 89 33 von

1809 837 147 50 denen
1989 836 80 50 der
2101 845 121 41 erste
2252 836 90 50 und
2377 837 161 49 zweite
2580 837 94 49 die
2717 836 250 58 Violine,
3012 836 81 50 der
3131 836 137 51 dritte
3300 837 71 50 die

1809 920 255 51 Akustik
2097 920 100 49 der
2229 919 289 49 Gebäude
2551 919 270 59 behandelt;
2853 920 118 49 dann
2999 920 43 49 in
3064 919 247 52 Abschnitt
3335 920 28 48 7

1819 1005 138 57 „Die
1990 1002 470 51 harmonischen
2491 1002 340 60 Obertöne;
2873 1004 497 68 Schwingungen

1810 1106 109 34 von
1952 1087 258 56 Platten,
2242 1087 289 58 Glocken,
2557 1089 237 49 Häuten
2829 1090 109 50 und
2971 1089 258 58 Stäben;
3259 1090 71 50 Re-

2241 1173 43 48 in
2317 1170 244 51 Abschnitt
2592 1171 32 50 9
2671 1173 245 57 „Flöten
2951 1173 113 50 und
3095 1174 233 66 Zungen-

2228 1256 90 49 und
2350 1255 43 50 in
2425 1255 245 51 Abschnitt
2708 1255 69 50 12
2838 1256 370 69 „Stimmung
3254 1258 114 49 und

1935 1424 95 47 Der
2060 1423 149 49 Inhalt
2238 1424 79 48 des
2350 1424 201 50 Werkes
2582 1424 172 50 zerfällt
2785 1425 41 49 in
2868 1424 69 50 14
2971 1423 287 59 Abschnitte,
3300 1427 71 48 die

1811 1508 80 49 mit
1922 1508 93 49 drei
2050 1508 254 63 Anhängen
2336 1509 91 48 und
2462 1509 101 50 dem
2596 1509 212 66 Register
2839 1507 115 52 437
2991 1509 155 48 Seiten
3186 1510 40 49 in
3260 1508 108 52 Bvo.

1810 1592 151 49 füllen.
2018 1592 82 48 Die
2142 1590 351 68 notwendigen
2529 1593 198 65 Figuren
2774 1593 92 49 und
2897 1590 324 66 Abbildungen
3268 1593 102 49 sind

1811 1677 41 48 in
1885 1675 221 50 scharfem
2133 1674 90 51 und
2250 1675 214 50 schönem
2491 1675 287 51 Holzschnitt
2801 1677 42 49 in
2871 1677 85 49 den
2979 1677 121 48 Text
3131 1677 239 64 gedruckt.

1811 1759 83 50 Ein
1927 1759 130 50 mehr
2087 1759 371 50 übersichtliches
2490 1762 180 65 System
2714 1761 41 49 in
2788 1762 81 48 der
2899 1761 290 64 Anordnung
3221 1761 150 48 dürfte

1811 1843 282 67 keineswegs
2125 1843 272 66 überflüssig
2427 1843 118 59 sein;
2591 1844 42 49 in
2675 1844 81 49 der
2787 1843 374 69 gegenwärtigen
3194 1844 178 50 Gestalt

1809 1933 126 60 trägt
1965 1928 78 50 das
2078 1928 147 51 Werk
2258 1946 53 30 zu
2344 1928 105 50 sehr
2481 1928 87 50 den
2595 1928 254 50 Charakter
2879 1929 79 49 des
2980 1928 390 67 Aphoristischen.

1811 2013 131 49 Auch
1971 2013 69 49 die
2073 2012 309 63 Darstellung,
2426 2030 51 32 so
2524 2012 240 66 geistreich
2808 2013 91 50 und
2940 2012 248 51 anziehend
3217 2012 64 50 sie
3310 2012 60 50 im

1811 2097 185 48 Ganzen
2039 2096 70 56 ist,
2156 2097 181 48 verräth
2369 2098 179 65 Spuren
2598 2096 80 49 der
2709 2097 96 50 Eile
2852 2098 111 49 oder
2993 2096 375 66 Nachlässigkeit,

1810 2181 174 48 welche
2027 2181 99 48 eine
2168 2181 159 48 zweite
2358 2180 194 66 Auflage
2598 2181 147 49 sicher
2787 2180 278 50 verwischen
3099 2181 126 48 wird.
3292 2181 76 48 Bei

1810 2263 81 50 der
1924 2263 300 66 Behandlung
2255 2263 122 50 eines
2410 2263 360 66 Gegenstandes,
2803 2265 80 49 der
2914 2281 51 33 so
2999 2263 263 50 wesentlich
3297 2265 80 48 auf

1810 2347 333 66 Beobachtung
2176 2347 90 50 und
2300 2347 261 66 Erfahrung
2591 2365 70 32 am
2693 2347 265 51 Stofflichen
2991 2347 182 59 beruht,
3222 2349 148 48 laufen

1810 2431 287 66 dergleichen
2137 2431 144 50 kleine
2305 2431 182 66 Mängel
2520 2431 133 50 leicht
2683 2432 235 60 mitunter,
2951 2432 82 49 wie
3060 2431 131 67 jeder
3222 2431 149 60 weiss,

1811 2516 80 48 der
1923 2515 92 49 sich
2046 2533 56 31 an
2137 2515 294 49 Aehnlichem
2464 2515 212 49 versucht
2708 2516 89 50 hat.

1938 2599 82 49 Die
2057 2600 109 48 zwei
2197 2606 153 42 ersten
2383 2599 272 49 Abschnitte
2686 2597 270 59 behandeln,
3000 2599 85 49 wie
3118 2599 139 49 schon
3291 2617 53 47 ge-

1811 2691 117 59 sagt,
1977 2684 68 48 die
2087 2684 262 51 Violine.
2410 2685 96 48 Der
2538 2684 137 49 dritte
2705 2683 262 58 Abschnitt,
3024 2684 116 57 „Die
3173 2684 195 48 Akustik

1813 2773 80 43 der
2318 2766 372 59 überschrieben,
2746 2766 231 68 bespricht
3029 2768 220 48 zunächst
3300 2766 71 50 die

1811 2850 362 68 Fortpflanzung
2204 2850 80 50 des
2314 2850 202 51 Schalles
2548 2850 273 69 überhaupt,
2852 2851 71 49 die
2953 2850 419 65 Geschwindigkeit

1813 2934 255 55 derselben,
2100 2934 70 50 die
2201 2934 333 56 Schallwellen,
2576 2935 69 49 die
2671 2934 395 66 Zurückwerfung
3103 2934 79 50 des
3215 2934 130 50 Schal-

1810 3018 81 58 les,
1937 3019 85 48 den
2053 3018 214 49 Nachhall
2313 3019 91 48 und
2443 3018 283 51 Wiederhall
2773 3018 93 49 und
2912 3019 117 48 dann
3075 3018 71 49 die
3189 3018 150 49 zweck-

1813 3103 194 65 mässige
2040 3103 136 48 Form
2209 3119 88 32 von
2327 3102 251 50 Gebäuden
2610 3103 41 48 in
2683 3103 282 49 akustischer
2994 3102 223 50 Hinsicht.

1940 3185 150 50 Ueber
2134 3185 69 50 die
2250 3184 229 52 bekannte
2524 3187 275 65 Erfahrung,
2858 3187 101 48 dass
3020 3185 42 50 in
3108 3185 264 50 windstiller

1811 3269 145 50 Nacht
1994 3269 131 66 jeder
2163 3269 148 50 Schall
2358 3271 158 48 weiter
2562 3273 137 62 trägt,
2744 3271 63 48 als
2853 3269 68 50 bei
2954 3272 140 63 Tage,
3139 3269 141 51 heisst
3323 3286 48 33 es

1813 3354 123 49 hier:
1980 3353 113 57 „Mit
2125 3353 201 50 Unrecht
2358 3354 76 49 hat
2464 3371 102 32 man
2599 3353 94 51 dies
2727 3353 80 50 der
2838 3354 125 50 Stille
2995 3354 81 49 der
3103 3353 149 50 Nacht
3293 3371 52 32 zu-

1813 3436 237 50 schreiben
2098 3437 181 49 wollen.
2341 3437 201 49 Seitdem
2575 3437 256 51 Humboldt
2866 3437 198 49 dieselbe
3107 3437 231 51 Wahrneh-

1813 3539 142 48 mung
1985 3522 41 48 in
2058 3521 86 49 den
2181 3521 221 49 Wäldern
2436 3522 80 48 der
2547 3521 590 70 Aequinoctial-Gegenden
3177 3521 193 56 machte,

1811 3606 41 47 in
1900 3605 145 49 denen
2093 3603 70 51 bei
2206 3606 126 65 Tage
2377 3605 68 49 die
2491 3608 180 64 grösste
2713 3606 127 49 Stille
2885 3606 209 49 herrscht
3140 3605 91 49 und
3277 3611 94 42 erst

1810 3690 170 48 Nachts
2027 3688 79 50 das
2150 3688 342 65 geräuschvolle
2524 3688 272 51 Thierleben
2838 3688 204 66 beginnt,
3094 3688 118 50 kann
3266 3704 101 31 man

1813 3773 86 49 den
1930 3772 158 50 Grund
2121 3772 82 50 der
2232 3773 317 67 Erscheinung
2595 3791 86 31 nur
2728 3773 117 50 noch
2877 3773 42 50 in
2951 3773 81 50 der
3062 3770 280 68 gleichmässi-

1813 3874 139 48 geren
1984 3856 360 51 Beschaffenheit
2374 3857 80 50 der
2473 3857 310 66 Atmosphäre
2815 3875 81 32 zur
2918 3856 236 51 Nachtzeit
3184 3855 187 54 suchen,

1813 3940 53 48 da
1912 3940 68 49 die
2022 3941 108 50 Luft
2177 3940 67 49 bei
2276 3942 126 65 Tage
2449 3949 133 40 unter
2627 3941 103 48 dem
2763 3940 223 49 Einflüsse
3020 3937 350 68 mannigfacher,

1813 4040 85 32 von
1931 4022 81 50 der
2043 4025 154 48 Sonne
2228 4033 208 57 erregter
2465 4025 312 65 Strömungen
2811 4025 68 47 für
2911 4024 87 48 den
3029 4021 164 57 Schall,
3236 4038 134 33 wenn

1814 4124 102 32 man
1947 4124 50 33 so
2030 4124 141 50 sagen
2205 4107 112 59 darf,
2364 4106 133 50 trübe
2539 4109 92 48 und
2674 4107 199 65 weniger
2900 4105 307 67 durchsichtig
3238 4105 128 58 wird,

1811 4190 124 51 Nach
1982 4191 81 50 der
2106 4209 86 32 von
2224 4193 80 48 Dr.
2338 4191 110 50 Reid
2496 4190 69 51 bei
2610 4191 80 50 der
2722 4190 276 51 Ventilation
3039 4190 82 50 der
3149 4190 222 50 londoner
