3464 4440
1741 180 97 54 228

161 325 317 70 gusseiserner
492 324 207 53 Rahmen
725 321 200 54 schaden
950 321 103 54 dem
1078 324 145 59 Tone,
1256 324 220 52 welchem
1509 325 62 51 sie
1597 324 129 51 einen

161 413 182 59 harten,
371 410 110 51 kurz
514 406 355 54 abbrechenden
901 408 255 53 Charakter
1186 410 240 51 verleihen.

296 512 84 58 „In
398 510 146 50 einem
560 509 177 67 Flügel,
770 510 199 51 welcher
1001 510 156 54 sieben
1181 512 206 50 Octaven
1419 528 86 34 von
1541 513 86 55 A-t
1663 509 67 51 bis

160 613 31 35 a
197 639 15 19 4
247 594 203 56 umfasst,
483 594 160 50 nimmt
676 594 71 50 die
770 597 159 66 Länge
960 597 80 49 der
1063 597 155 49 Saiten
1251 615 85 31 von
1372 595 72 51 68
1480 595 80 50 auf
1585 602 145 43 etwas

164 678 204 66 weniger
399 677 63 49 als
495 677 32 49 2
563 678 172 69 pariser
766 679 96 50 Zoll
894 678 71 60 ab,
996 679 95 50 ihre
1122 681 139 49 Dicke
1293 697 85 33 von
1412 679 134 60 0,74
1574 679 156 50 Linien

164 762 79 51 auf
272 759 110 63 0,3,
414 762 71 51 die
503 763 257 70 Spannung
776 764 174 50 endlich
983 782 86 32 von
1097 764 73 51 90
1194 766 81 48 auf
1303 762 73 53 30
1401 764 328 66 Kilogramme.

164 846 212 52 Rechnet
419 865 102 33 man
568 847 71 51 die
669 847 253 69 Spannung
955 848 108 50 aller
1099 847 113 51 235
1250 849 153 50 Saiten
1453 866 278 39 zusammen,

168 949 52 33 so
252 931 151 67 ergibt
434 931 93 51 sich
561 933 102 50 eine
691 932 188 66 Zuglast
911 950 84 32 von
1028 940 118 42 etwa
1181 931 115 52 220
1331 932 249 58 Centnern,
1623 932 80 50 wel-

169 1015 109 50 cher
310 1015 81 50 der
423 1016 208 51 Rahmen
662 1015 79 49 des
772 1016 333 49 Instrumentes
1137 1016 131 49 einen
1299 1013 262 54 dauernden
1595 1034 108 31 uner-

172 1098 354 52 schütterlichen
561 1098 295 50 Widerstand
890 1098 159 51 leisten
1083 1117 139 35 muss.
1335 1101 80 49 Bei
1447 1101 101 49 dem
1581 1100 148 49 Tafel-

173 1183 141 51 Piano
344 1183 56 50 ist
431 1183 68 50 die
531 1182 323 68 schwingende
885 1183 308 50 Saitenmasse
1221 1181 128 70 jedes
1381 1185 232 51 einzelnen
1640 1186 60 48 To-

173 1284 80 34 nes
283 1275 118 42 etwa
433 1266 94 50 drei
560 1266 172 50 Viertel
765 1285 85 32 von
884 1267 260 68 derjenigen
1179 1269 77 49 des
1289 1269 201 66 Flügels,
1532 1270 70 49 die
1635 1269 72 49 Sai-

172 1349 242 66 tenlängen
448 1349 82 50 der
561 1350 187 49 tieferen
780 1351 129 50 Töne
942 1351 96 50 sind
1071 1352 227 65 geringer,
1331 1361 118 41 etwa
1485 1351 129 57 58,9
1654 1370 50 48 pa-

169 1434 114 49 riser
316 1434 98 50 Zoll
456 1434 69 49 lür
982 1436 57 47 F-
1047 1467 10 26 t
1071 1473 11 19 ,
714 1435 90 49 und
855 1453 132 33 wenn
1030 1436 79 50 das
1143 1437 282 50 Instrument
1464 1437 131 50 sechs
1638 1437 92 49 und

493 1492 6 12 i

167 1516 100 52 eine
297 1516 132 51 halbe
461 1516 175 51 Octave
677 1534 90 34 von
804 1520 52 50 C-
861 1554 12 28 t
917 1519 65 51 bis
1087 1521 203 56 umfasst,
1336 1539 51 32 so
1433 1520 184 67 beträgt
1640 1516 4 71 ,
1660 1520 71 50 die

169 1619 144 50 ganze
344 1601 366 69 Spannungslast
741 1603 80 49 der
860 1601 108 52 139
1005 1605 153 50 Saiten
1205 1613 120 42 etwa
1368 1604 110 52 140
1515 1605 214 51 Centner.

309 1712 117 60 „Die
459 1714 482 68 Haupt-Klangmasse
972 1714 124 66 geht,
1142 1716 84 49 wie
1266 1716 71 52 bei
1384 1717 115 49 allen
1530 1718 199 50 anderen

172 1796 539 58 Saiten-Instrumenten,
751 1815 51 31 so
833 1797 113 51 auch
981 1798 68 48 bei
1083 1799 101 49 dem
1214 1801 259 48 Pianoforte
1506 1818 84 32 von
1626 1799 101 51 dem

172 1879 529 53 Resonanzboden
746 1900 95 33 aus.
904 1882 209 50 Directer
1147 1882 116 51 kann
1297 1901 103 32 man
1433 1883 87 51 den
1551 1885 178 49 Beweis

173 1965 126 50 nicht
329 1965 174 57 führen,
542 1965 64 49 als
639 1966 93 48 dies
766 1984 84 31 von
884 1966 189 49 Pellisov
1108 1967 257 65 geschehen
1397 1968 70 50 ist.
1529 1970 165 48 Sämmt-

173 2048 112 50 liche
301 2048 154 50 Saiten
487 2048 121 50 eines
630 2050 180 66 Flügels
842 2066 154 33 waren
1028 2061 165 39 sammt
1227 2052 100 48 dem
1346 2055 141 62 Stege
1523 2070 80 32 aus
1627 2055 100 47 dem

172 2133 312 50 Instrumente
504 2150 273 48 genommen
812 2135 90 48 und
936 2145 135 39 unter
1104 2136 213 50 einander
1345 2137 41 49 in
1414 2137 316 66 wagerechter

172 2216 231 66 Richtung
434 2234 55 32 an
521 2217 126 50 einer
677 2217 334 50 Zimmerwand
1044 2230 324 56 ausgespannt.
1430 2220 74 49 Sie
1542 2221 188 50 wurden

173 2300 141 49 durch
362 2301 100 48 eine
509 2301 449 59 Tasten-Mechanik,
1006 2302 175 50 ähnlich
1232 2304 262 67 derjenigen
1539 2323 55 30 an
1642 2305 88 49 den

170 2384 205 49 aufrecht
407 2385 248 49 stehenden
678 2386 239 56 Pianino's,
950 2387 348 68 angeschlagen.
1337 2390 101 48 Von
1467 2390 102 48 dem
1590 2390 140 65 Stege

174 2467 252 50 erstreckte
456 2467 93 51 sich
591 2470 70 47 ein
690 2469 112 49 Stab
846 2488 84 32 von
962 2471 292 50 Fichtenholz
1297 2473 140 48 durch
1471 2473 70 48 die
1574 2473 157 50 Wand

173 2551 43 50 in
259 2553 70 48 ein
374 2551 328 51 benachbartes
733 2554 199 48 Zimmer
978 2553 65 50 bis
1090 2573 101 32 zum
1226 2555 393 51 Resonanzboden
1652 2558 78 48 des

173 2636 199 65 Flügels.
433 2636 109 49 Hier
584 2641 160 63 prägte
785 2638 93 49 sich
925 2639 78 48 das
1035 2639 120 67 Spiel
1190 2640 41 48 in
1265 2641 145 50 vollen
1443 2641 159 49 Tönen
1635 2658 96 38 aus,

173 2719 222 49 während
427 2719 80 49 der
539 2720 174 68 Spieler
753 2721 142 49 selbst
941 2721 71 50 die
1045 2723 374 66 Schwingungen
1462 2723 82 52 der
1575 2725 154 49 Sailen

172 2821 87 31 nur
290 2804 66 48 als
389 2804 67 50 ein
490 2804 148 56 leises,
681 2805 133 50 kaum
849 2804 218 51 hörbares
1096 2808 196 66 Klingen
1329 2808 229 52 vernahm.
1621 2809 111 50 Eine

170 2887 244 66 möglichst
457 2888 299 66 vollständige
790 2888 352 67 Uebertragung
1174 2892 80 48 der
1284 2892 420 63 Saitenschwingun-

170 2988 89 50 gen
291 2972 83 48 auf
398 2972 86 48 den
516 2969 396 53 Resonanzboden
956 2974 91 50 und
1091 2975 98 49 eine
1231 2977 354 65 zweckmässige
1617 2978 85 47 Ver-

170 3054 206 68 bindung
407 3055 146 49 dieses
586 3055 219 50 letzteren
838 3057 79 48 mit
949 3057 100 49 dem
1069 3058 183 67 Körper
1284 3058 79 51 des
1383 3059 348 59 Instrumentes,

168 3139 137 50 damit
337 3139 148 50 dieser
517 3138 69 51 die
614 3141 235 48 Resonanz
884 3146 302 53 unterstütze,
1218 3142 147 51 bilden
1400 3144 96 49 eine
1528 3144 80 49 der
1638 3162 62 31 we-

167 3223 298 51 sentlichsten
499 3224 291 49 akustischen
824 3224 242 66 Aufgaben
1099 3227 80 49 des
1213 3227 418 52 Pianofortebaues.
1647 3238 18 18 u

292 3325 80 48 Als
405 3325 292 66 vorzügliche
732 3326 177 48 Werke
954 3326 113 50 über
1110 3327 85 50 den
1230 3327 266 51 Ciavierbau
1544 3330 186 49 werden

167 3409 267 63 angeführt:
481 3410 295 65 Kützing,
823 3409 151 49 Ueber
1005 3411 559 67 Fortepiano-Baukunst,
1598 3414 133 55 Bern,

177 3491 171 59 1844,
391 3492 89 51 und
522 3495 61 48 H.
616 3494 299 58 Welcker,
956 3496 94 48 Der
1076 3496 175 65 Flügel,
1306 3495 169 52 1853.
1509 3497 117 65 (Wo
1659 3514 47 32 er-

170 3575 245 49 schienen?
473 3576 132 50 Auch
648 3577 289 65 dergleichen
981 3595 242 37 ungenaue
1255 3577 255 53 Citationen
1542 3580 98 50 sind
1685 3581 42 49 in

169 3659 145 48 einem
335 3660 158 48 Buche
523 3678 52 30 zu
608 3661 275 56 vermeiden,
915 3661 80 50 das
1015 3663 249 64 Anleitung
1296 3682 53 31 zu
1384 3664 213 49 weiterer
1616 3665 85 48 Ver-

172 3741 188 66 folgung
390 3744 79 47 der
499 3751 278 59 angeregten
810 3746 149 65 Dinge
991 3745 147 67 geben
1171 3745 117 62 soll.)

299 3842 242 52 Abschnitt
575 3845 96 49 fünf
696 3848 90 48 und
819 3848 129 49 sechs
993 3848 196 51 handeln
1232 3866 117 40 „von
1382 3848 85 49 den
1503 3849 196 50 harmoni-

167 3925 138 51 schen
323 3927 343 50 Verhältnissen
696 3929 90 48 und
813 3929 486 66 gleichschwebenden

167 4011 92 49 und
304 4028 118 40 „von
454 4012 248 49 Harmonie
732 4013 92 50 und
1162 4017 78 49 Sie
1285 4016 146 66 gehen
1475 4035 86 33 von
1603 4018 126 50 Seite

172 4093 113 51 104
320 4093 66 50 bis
418 4094 123 49 Seite
572 4093 110 51 175
708 4094 92 52 und
826 4094 148 54 bilden
1006 4099 99 50 eine
1132 4099 81 52 der
1243 4099 341 69 gründlichsten
1616 4102 84 48 Par-

167 4179 116 50 tieen
318 4179 78 50 des
432 4177 220 53 Werke?.
956 4221 8 9 .

1951 324 95 48 Der
2078 322 204 54 siebente
2314 322 245 54 Abschnitt
2604 324 222 51 erläutert
2869 321 70 52 die
2985 322 407 70 Flageolet-Töne,

1826 405 72 53 die
1948 408 348 67 Klangfiguren,
2357 410 219 57 Glocken,
2638 409 199 57 Pauken,
2884 408 372 69 Schwingungen
3312 413 82 52 der

1826 491 144 51 Stäbe
2011 491 61 70 (in
2105 494 377 68 Zungenpfeifen,
2527 494 248 51 Strohfidel
2807 512 44 31 u.
2884 510 35 33 s.
2952 491 92 71 w.),
3091 496 182 49 worauf
3312 498 80 49 der

1826 575 132 51 achte
2004 578 80 48 auf
2125 578 70 49 die
2242 579 472 69 Luftschwingungen
2761 579 41 48 in
2840 576 328 51 cvlindrischen
3202 579 189 52 Röhren

1825 660 205 65 (Flöten-
2063 660 94 51 und
2187 663 376 68 Zungenpfeifen)
2595 662 240 67 übergeht,
2877 662 68 50 ein
2974 663 190 57 Thema,
3195 664 197 51 welches

1826 744 59 50 im
1918 753 201 42 neunten
2140 745 286 61 Abschnitte,
2461 749 135 55 „Die
2881 745 372 61 überschrieben,
3284 748 81 49 wei-

1828 836 70 40 ter
1929 830 270 66 ausgeführt
2230 830 129 50 wird.

1953 913 83 50 Die
2083 913 163 51 beiden
2294 914 240 68 folgenden
2581 916 94 67 (10
2728 916 92 50 und
2870 914 91 69 11)
3019 914 256 52 behandeln
3321 917 71 51 die

1828 992 617 57 Blas-Instrumente
2488 997 100 52 des
2620 1001 376 49 Orchesters
3037 1018 80 32 aus
3147 1001 117 49 Holz
3298 1002 91 49 und

1826 1098 80 32 aus
1939 1083 169 51 Metall.
2140 1084 66 49 Im
2239 1084 212 49 zwölften
2483 1083 114 50 wird
2640 1084 102 56 „die
2774 1086 322 67 Tonmessung
3127 1086 90 49 und
3251 1086 112 51 Stim-

1826 1175 174 57 mung*
2045 1166 284 68 besprochen
2374 1166 79 51 mit
2483 1167 248 51 Rücksicht
2779 1168 84 50 auf
2900 1168 69 51 die
3015 1177 221 43 neuesten
3277 1170 85 50 For-

1826 1250 235 67 schungen
2096 1251 90 51 und
2218 1252 557 66 Zusammenstellungen.
2822 1255 98 48 Aus
2955 1253 103 51 dem
3094 1253 292 51 dreizehnten

1828 1332 147 51 haben
2021 1335 82 48 wir
2158 1336 42 48 in
2247 1336 80 48 der
2371 1336 187 66 vorigen
2604 1337 222 48 Nummer
2881 1338 99 50 eine
3034 1338 357 50 ausführlichere

1828 1417 150 50 Probe
2031 1420 223 66 gegeben.
2412 1421 93 47 Der
2549 1421 260 51 vierzehnte
2863 1422 91 49 und
3008 1421 137 51 letzte
3198 1424 56 49 ist
3307 1422 82 51 der

1837 1502 475 57 „menschlichen
2329 1504 290 50 -Stimme
2672 1506 111 50 und
2830 1505 123 49 dem
3308 1524 53 51 ge-

1828 1582 199 55 widmet.

2407 1671 206 69 (Schluss
2648 1671 144 67 folgt.)

2044 1938 100 60 Das
2183 1939 177 59 zweite
2399 1937 442 61 mittelrheinische
2881 1938 284 60 Musikfest.

1938 2084 83 48 Die
2056 2084 90 48 vier
2177 2084 161 49 Städte
2369 2081 382 59 Darmstadt,
2794 2083 352 58 Mannheim,
3190 2085 191 51 Mainz

1824 2166 91 50 und
1953 2166 356 51 Wiesbaden
2343 2166 146 51 haben
2522 2166 91 50 sich
2643 2183 79 32 vor
2754 2166 110 49 zwei
2896 2166 170 50 Jahren
3099 2166 281 61 verbunden,

1825 2250 79 49 mit
1936 2250 125 51 ihren
2094 2252 279 66 vereinigten
2407 2250 339 51 musicalischen
2778 2250 193 50 Kräften
3015 2250 249 68 alljährlich
3308 2255 73 49 ein

1824 2334 239 51 Musikfest
2102 2354 53 32 zu
2205 2337 316 49 veranstalten.
2582 2337 91 48 Das
2720 2343 121 42 erste
2889 2337 159 48 wurde
3091 2337 57 48 im
3197 2339 185 65 vorigen

1823 2419 139 50 Jahre
2003 2420 104 65 (den
2141 2419 92 52 31.
2267 2422 184 65 August
2483 2422 90 48 und
2621 2420 44 49 1.
2693 2419 292 68 September)
3029 2420 42 50 in
3115 2422 271 51 Darmstadt

1824 2503 270 67 abgehalten
2129 2506 104 67 (vgl.
2273 2504 171 60 1856,
2484 2506 79 49 Nr.
2599 2502 71 52 37
2707 2521 101 32 vom
2850 2502 86 52 13.
2968 2506 164 66 Sept.),
3180 2506 90 49 und
3314 2507 72 51 die

1824 2587 293 68 Aufführung
2160 2591 79 48 des
2286 2589 188 50 Messias
2521 2597 132 41 unter
2701 2587 50 49 C.
2793 2589 57 47 A.
2888 2588 254 66 Mangold's
3190 2591 197 64 Leitung

1825 2672 145 66 zeigte
2002 2673 138 50 schon
2173 2673 67 50 bei
2275 2673 167 50 diesem
2475 2681 154 42 ersten
2663 2672 249 56 Versuche,
2954 2672 103 49 dass
3090 2672 70 49 die
3192 2673 166 51 vorhan-

1825 2757 144 48 denen
2003 2758 159 49 Kräfte
2192 2758 304 51 vollkommen
2527 2761 249 63 genügten,
2808 2774 76 33 um
2912 2756 240 51 classische
3175 2758 184 50 Meister-

1826 2840 154 49 werke
2011 2841 77 48 auf
2116 2841 203 67 würdige
2342 2843 161 49 Weise
2535 2859 81 31 zur
2639 2841 295 66 Aufführung
2964 2859 54 30 zu
3051 2841 205 67 bringen.
3289 2843 96 50 Das

1828 2923 270 69 diesjährige
2129 2927 108 50 Fest
2270 2927 40 50 in
2341 2927 258 50 Mannheim
2643 2944 70 31 am
2742 2925 84 53 14.
2860 2925 92 49 und
2988 2925 86 50 15.
3105 2927 106 48 Juni
3245 2927 108 48 über-

1828 3017 164 58 zeugte
2022 3010 202 49 vollends
2256 3011 83 50 alle
2373 3011 336 58 Anwesenden,
2747 3011 103 48 dass
2883 3010 67 49 die
2983 3010 404 68 Lebenslähigkeit

1826 3092 79 49 des
1945 3092 174 68 jungen
2152 3095 207 49 Instituts
2404 3096 83 50 der
2534 3094 427 49 mittelrheinischen
2995 3094 267 50 Musikfeste
3300 3113 55 33 un-

1826 3176 267 52 zweifelhaft
2126 3180 88 47 und
2248 3180 102 48 dass
2381 3180 80 51 der
2484 3179 256 67 Erhaltuug
2770 3179 91 49 und
2882 3179 388 67 Verherrlichung
3303 3180 80 49 der

1826 3261 246 50 Tonkunst
2111 3264 68 48 ein
2212 3280 143 35 neuer
2386 3264 187 68 Tempel
2619 3282 70 30 am
2727 3262 171 51 Rheine
2930 3262 217 50 errichtet
3179 3262 70 59 ist,
3300 3264 80 49 der

1826 3344 101 48 dem
1961 3345 248 51 deutschen
2243 3348 273 49 Vaterlande
2550 3365 79 31 zur
2662 3346 122 50 Ehre
2816 3346 218 68 gereicht.

1953 3430 106 48 Wir
2089 3430 211 51 erinnern
2332 3449 84 32 uns
2447 3431 257 66 allerdings,
2752 3431 104 50 dass
2897 3430 114 50 auch
3054 3430 141 50 schon
3228 3430 154 48 früher

1825 3529 160 48 grosse
2017 3514 528 69 Musik-Aufführungen
2588 3516 40 49 in
2661 3515 86 51 den
2781 3515 171 50 oberen
2985 3514 326 56 Kheinlanden,
3344 3533 36 29 z.

1824 3598 51 48 B.
1906 3598 41 48 in
1975 3598 293 67 Heidelberg,
2295 3600 328 51 Zweibrücken
2657 3618 43 34 u.
2726 3618 34 32 s.
2785 3618 75 39 w.,
2889 3600 122 49 Statt
3043 3599 227 65 gefunden
3302 3598 51 49 ha-

1826 3679 112 60 ben;
1993 3682 128 49 allein
2167 3699 48 32 es
2261 3683 99 49 kam
2408 3703 53 32 zu
2511 3685 152 49 keiner
2705 3684 145 48 festen
2886 3682 329 66 Organisation
3259 3680 122 52 eines

1826 3764 282 56 Verbandes,
2131 3765 81 50 der
2235 3767 96 49 ihre
2348 3767 220 66 jährliche
2585 3767 368 66 Wiederholung
2982 3765 226 66 gesichert
3240 3763 141 61 hätte,

1825 3848 90 49 und
1955 3848 228 69 späterhin
2228 3853 189 48 wurden
2464 3852 62 49 sie
2557 3849 271 51 namentlich
2870 3870 44 30 in
2945 3849 155 50 Baden
3133 3847 141 49 durch
3308 3848 70 51 die

1824 3933 292 65 Sängerfeste
2174 3952 113 48 ganz
2350 3936 260 64 verdrängt.
2672 3936 142 48 Desto
2865 3932 292 51 erfreulicher
3203 3933 55 47 ist
3312 3934 69 50 die

1823 4017 246 49 Rückkehr
2102 4036 55 32 zu
2190 4019 83 49 den
2309 4019 231 49 festlichen
2569 4019 352 68 Aufführungen
2954 4017 79 49 mit
3063 4016 160 50 vollem
3258 4019 124 50 Chor

1826 4101 89 48 und
1948 4101 268 59 Orchester,
2265 4103 97 48 weil
2409 4103 121 50 diese
2562 4103 127 50 allein
2723 4103 211 66 geeignet
2964 4101 113 57 sind,
3123 4102 71 48 die
3226 4103 155 50 wahre

1824 4183 150 51 Musik
2018 4204 55 31 zu
2105 4193 229 44 vertreten
2384 4187 89 48 und
2513 4187 116 50 eben
2672 4186 202 51 dadurch
2917 4186 80 49 der
3039 4186 341 68 andringenden
