3693 4572
2176 3857 183 45 98

1042 546 162 41 stützend,
1223 547 70 34 und
1312 545 106 36 blickt
1437 546 143 35 brütend
1599 560 40 21 zu
1654 545 122 36 Boden.
1810 548 38 33 In
1867 546 56 35 der
1939 545 260 50 Tempelpforte,

1044 600 99 34 deren
1171 599 155 35 vorderer
1349 599 198 48 Thorflügel
1574 600 72 34 sich
1672 613 71 21 nun
1770 598 187 49 gleichfalls
1985 599 87 35 nach
2099 600 100 34 innen

1044 650 123 43 öffnet,
1205 653 163 34 erscheint
1404 652 124 35 lautlos
1566 655 171 39 Saturn,
1780 653 52 34 ein
1868 651 129 36 blinder
2033 652 93 35 Greis
2163 653 36 33 in

1047 706 208 34 schwarzem
1274 705 172 40 Gewand,
1475 706 63 34 mit
1557 705 134 47 langem
1710 705 142 35 weifsen
1870 707 75 33 Bart
1969 705 70 34 und
2063 704 137 35 kahlem

1044 757 152 42 Schädel,
1223 759 73 33 eine
1315 758 145 48 goldene
1479 761 98 31 Sense
1597 758 80 35 über
1697 758 56 35 der
1771 759 134 34 rechten
1926 758 121 48 (seiner
2065 756 132 46 linken)

1044 810 153 36 Schulter
1217 811 154 47 tragend,
1398 809 81 35 über
1498 810 64 35 den
1582 808 209 50 Sensengriff
1810 811 63 34 den
1891 813 180 32 Unterarm
2091 809 110 48 gelegt

1044 864 71 34 und
1147 864 36 34 in
1215 863 57 35 der
1298 863 104 35 Hand
1430 863 170 35 desselben
1627 865 117 33 Armes
1773 865 72 33 eine
1876 863 144 47 goldene
2048 862 153 34 Sanduhr

1044 916 151 35 haltend.
1255 918 55 33 An
1342 917 59 33 der
1432 916 125 34 andern
1590 915 102 35 Hand
1724 915 94 35 führt
1851 916 59 34 ihn
1946 916 74 34 der
2052 914 149 34 Knabe

1045 969 237 40 Thanatos,
1307 967 228 49 zwölfjährig,
1554 969 150 34 schwarz
1723 968 170 48 geflügelt,
1917 981 59 21 um
1996 968 53 34 die
2070 966 132 35 Lenden

1045 1023 64 33 mit
1123 1022 111 34 einem
1248 1021 203 40 schwarzen,
1472 1021 339 47 golddurchwirkten
1824 1020 97 35 Tuch
1935 1019 176 40 bekleidet,
2130 1018 72 35 und

1045 1075 37 33 in
1096 1074 57 34 der
1167 1073 131 35 Linken
1315 1075 121 47 (seiner
1451 1074 167 47 Rechten)
1634 1074 85 34 zwei
1732 1072 170 49 gesenkte,
1924 1073 76 34 aber
2014 1070 189 35 brennende

1045 1126 143 35 Fackeln
1220 1126 156 47 tragend;
1415 1128 87 33 auch
1531 1126 86 35 diese
1645 1126 74 34 sind
1748 1126 168 40 schwarz,
1950 1125 53 34 die
2031 1124 172 34 Flammen

1046 1180 158 34 bläulich.
1253 1183 67 30 Das
1340 1182 80 31 Paar
1439 1180 80 47 geht
1542 1178 152 48 langsam
1714 1177 64 36 auf
1796 1178 52 34 die
1867 1176 257 48 Marmorkugel
2143 1189 56 28 zu;

1047 1235 139 37 Saturn,
1213 1232 53 34 die
1293 1231 102 35 Hand
1422 1232 54 34 des
1500 1232 170 33 Thanatos
1696 1230 197 39 loslassend,
1919 1230 86 47 tippt
2032 1229 76 34 dem
2132 1239 54 24 ver-

1048 1297 174 22 sonnenen
1240 1282 135 36 Lucifer
1394 1282 66 36 auf
1473 1284 53 33 die
1545 1282 133 41 Achsel,
1703 1282 110 35 sodafs
1834 1296 33 20 er
1887 1281 219 40 aufschrickt,
2130 1280 73 34 und

1048 1338 96 34 weist
1152 1337 216 48 gebieterisch
1376 1350 63 33 gen
1448 1335 117 35 Abend
1576 1334 65 36 auf
1646 1335 64 34 den
1718 1338 104 31 Stern.
1839 1333 133 36 Lucifer
1979 1333 132 35 wendet
2119 1334 83 39 sich,

1047 1389 122 35 streckt
1188 1390 217 46 sehnsüchtig
1424 1389 53 34 die
1496 1390 118 37 Arme,
1643 1387 102 48 beugt
1765 1389 53 32 ein
1839 1387 94 35 Knie.
1977 1388 84 32 Nun
2081 1386 122 34 nimmt

1048 1443 73 34 ihm
1140 1442 171 34 Thanatos
1332 1441 53 34 die
1404 1453 278 35 ausgegangenen
1701 1439 142 35 Fackeln
1867 1437 171 49 rücklings
2064 1451 57 21 aus
2147 1437 57 34 der

1048 1494 113 40 Hand,
1173 1494 73 34 ihm
1260 1495 36 33 in
1312 1493 53 34 die
1380 1494 101 34 andre
1493 1493 101 33 Hand
1609 1492 53 34 die
1677 1492 118 34 beiden
1810 1491 212 34 brennenden
2035 1489 168 40 steckend,

1048 1547 73 34 und
1145 1547 153 33 schreitet
1322 1545 152 48 langsam
1497 1546 63 32 mit
1580 1547 120 32 Saturn
1718 1557 78 21 zum
1815 1543 139 49 Tempel
1978 1542 143 45 zurück;
2151 1543 52 33 die

1048 1599 120 35 beiden
1186 1598 198 48 Thorflügel
1403 1596 177 36 schliefsen
1599 1597 71 34 sich
1689 1597 111 34 hinter
1818 1597 112 33 ihnen.

1128 1650 135 35 Lucifer
1285 1652 43 32 ist
1351 1649 260 48 aufgestanden,
1637 1650 53 34 die
1709 1648 141 35 Fackeln
1869 1648 127 35 wieder
2017 1651 30 44 je
2072 1649 35 33 in
2133 1648 73 34 eine

1049 1704 102 34 Hand
1177 1703 182 40 nehmend,
1387 1702 69 35 und
1481 1702 121 34 tänzelt
1620 1701 166 35 zaudernd
1806 1700 64 35 auf
1884 1700 64 35 den
1966 1702 240 47 Zehenspitzen

1051 1757 62 33 mit
1139 1756 260 47 ausgebreiteten
1416 1757 125 32 Armen
1566 1754 56 34 der
1645 1753 216 48 Hängebirke
1885 1767 59 27 zu,
1975 1754 109 33 hinter
2107 1753 99 34 deren

1051 1811 129 32 Stamm
1199 1809 70 33 sich
1288 1808 211 47 gleichzeitig
1517 1808 57 33 der
1592 1806 209 35 Abendstern
1820 1805 173 36 versteckt.
2036 1808 89 31 Kurz
2145 1818 62 22 vor

1051 1861 57 34 der
1136 1860 96 35 Birke
1255 1861 127 34 weicht
1408 1857 133 37 Lucifer
1565 1860 68 34 wie
1661 1859 163 34 staunend
1852 1858 143 40 zurück,
2024 1867 94 40 tappt
2144 1859 63 33 mit

1051 1914 198 33 unsicheren
1274 1912 121 48 langen
1423 1913 164 33 Schritten
1615 1910 186 35 rückwärts
1834 1910 87 35 nach
1950 1910 57 34 der
2034 1914 148 31 Marmor-

1051 1965 104 48 kugel
1191 1966 76 40 hin,
1307 1964 90 35 sinkt
1434 1964 77 35 dort
1543 1963 126 36 wieder
1700 1965 49 32 ins
1776 1965 106 38 Knie,
1919 1963 71 34 und
2023 1972 96 25 unter
2151 1963 56 34 die

1051 2017 98 35 Birke
1249 2018 112 33 hinter
1389 2017 77 34 dem
1491 2019 130 32 Stamm
1648 2017 121 34 hervor
1869 2017 72 33 tritt
1961 2018 164 39 Venus,
2154 2015 53 35 die

1051 2069 122 35 Hände
1211 2069 80 35 über
1319 2070 77 34 dem
1427 2072 94 32 Stern
1553 2068 154 48 gefaltet,
1747 2069 56 35 der
1835 2069 141 34 zitternd
2008 2069 80 33 über
2120 2069 88 33 ihrer

1051 2124 108 33 Stirne
1183 2121 167 41 schwebt,
1377 2122 46 34 als
1448 2123 106 47 Spitze
1578 2122 85 34 ihres
1686 2121 167 36 Diadems.
1898 2123 52 33 Sie
1973 2123 41 33 ist
2041 2121 168 34 bekleidet

1051 2176 64 33 mit
1138 2175 77 34 dem
1239 2175 120 47 langen
1379 2175 152 34 Gewand
1557 2173 57 35 der
1638 2175 421 47 Serpentinetänzerinnen,
2086 2173 102 35 durch-

1051 2228 122 47 sichtig
1190 2227 98 35 weifs
1309 2228 62 33 mit
1390 2226 163 35 silbernen
1573 2226 212 43 Pünktchen;
1814 2240 60 20 um
1894 2227 53 33 die
1966 2226 132 34 Hüften
2116 2227 41 33 ist
2177 2239 31 21 es

1053 2278 181 49 aufgerafft
1254 2280 61 33 mit
1334 2280 109 34 einem
1458 2279 221 35 ebensolchen
1695 2279 277 47 Muschelgürtel,
1992 2279 68 35 wie
2075 2278 134 35 Lucifer

1052 2333 61 34 ihn
1131 2336 98 43 trägt,
1267 2331 109 35 lieber
1395 2333 94 33 ihren
1509 2333 116 33 Ohren
1645 2332 114 34 stehen
1778 2331 189 48 gleichfalls
1987 2331 205 35 fischflossen-

1053 2384 148 49 förmige
1220 2384 291 34 Strahlenbüschel
1536 2385 58 41 ab;
1623 2385 53 33 ihr
1695 2387 92 31 Haar
1805 2385 42 33 ist
1870 2392 64 28 rot.
1981 2386 86 32 Nun
2092 2384 117 33 breitet

1053 2438 46 34 sie
1119 2438 52 33 die
1187 2439 101 32 Arme
1307 2437 75 34 dem
1401 2436 189 35 knieenden
1605 2436 135 35 Lucifer
1759 2445 183 39 entgegen;
1973 2436 104 35 dieser
2096 2436 114 35 erhebt

1053 2491 90 39 sich,
1169 2488 121 37 wankt
1317 2490 62 33 mit
1403 2489 219 41 verzückten,
1649 2489 288 48 langgestreckten
1957 2490 164 33 Schritten
2149 2488 65 35 auf

1054 2544 46 33 sie
1119 2556 50 26 zu,
1188 2542 118 34 bäumt
1321 2555 61 22 vor
1401 2543 53 33 ihr
1472 2541 64 36 auf
1551 2542 62 34 den
1629 2543 113 34 Zehen
1758 2541 69 40 auf,
1848 2542 45 33 sie
1909 2542 120 33 ebenso
2046 2554 61 22 vor
2125 2542 84 40 ihm,

1053 2595 72 34 und
1135 2608 81 26 nun,
1231 2595 166 34 nachdem
1412 2608 33 21 er
1458 2596 53 33 ihr
1526 2594 53 35 die
1594 2596 72 33 eine
1676 2593 119 36 Fackel
1810 2595 146 47 gereicht
1973 2595 68 39 hat,
2057 2594 94 47 legen
2164 2595 46 32 sie

1054 2647 54 34 die
1128 2646 107 35 freien
1249 2650 101 31 Arme
1371 2647 157 34 einander
1542 2660 62 21 um
1623 2647 53 34 die
1692 2646 176 35 Schultern
1888 2647 68 34 und
1970 2646 161 35 wandeln
2150 2648 63 32 mit

1054 2700 188 34 erhobenen
1274 2699 158 41 Fackeln,
1474 2700 197 34 allmählich
1710 2700 37 33 in
1780 2699 198 48 wiegenden
2005 2700 208 33 Tanzschritt

1054 2751 229 48 übergehend,
1320 2765 43 21 an
1400 2751 56 35 der
1492 2752 190 35 schwarzen
1715 2753 110 46 Kugel
1864 2765 84 21 vorn
1986 2751 116 35 vorbei
2138 2751 75 35 dem

1054 2804 140 48 Tempel
1213 2817 51 21 zu.

1135 2856 76 35 Auf
1229 2857 58 34 der
1306 2855 95 35 Stufe
1419 2857 55 34 des
1493 2856 152 49 Tempels
1671 2856 126 35 kehren
1817 2857 46 34 sie
1882 2857 72 34 sich
1973 2857 67 34 wie
2065 2857 148 47 spähend

1057 2923 64 35 gen
1149 2912 342 45 Sonnenuntergang;
1528 2909 71 34 und
1627 2909 354 47 aneinandergelehnt,
2015 2908 113 35 sodafs
2161 2909 52 35 die

1058 2965 113 31 Sterne
1190 2961 82 35 über
1291 2961 94 34 ihren
1406 2964 176 46 Häuptern
1600 2963 72 33 sich
1691 2961 174 40 berühren,
1884 2961 142 36 winken
2044 2962 46 34 sie
2109 2963 84 33 zwei-

1058 3014 68 34 mal
1154 3015 64 33 mit
1246 3014 66 33 den
1336 3013 142 35 Fackeln
1506 3014 88 34 nach
1621 3015 63 33 den
1711 3013 120 35 Birken
1860 3027 49 21 zu.
1962 3017 100 31 Dann
2090 3013 124 35 senken

1057 3068 46 33 sie
1124 3066 52 34 die
1190 3068 113 38 Arme,
1322 3066 112 34 sodafs
1455 3066 52 34 die
1522 3066 142 34 Fackeln
1683 3066 151 35 aufrecht
1853 3066 107 34 neben
1975 3068 94 32 ihren
2081 3065 132 36 Hüften

1058 3120 171 34 flammen.
1275 3120 71 33 Aus
1372 3118 57 35 der
1452 3119 137 34 rechten
1609 3118 87 35 Ecke
1717 3119 54 34 des
1790 3120 284 47 Hintergrundes,
2103 3120 110 34 hinter

1058 3172 56 34 der
1129 3174 225 31 Grenzmauer
1373 3170 148 48 entlang,
1542 3170 136 35 kommt
1697 3172 161 48 plötzlich
1877 3174 127 31 Amor
2022 3172 62 33 mit
2104 3173 109 33 einem

1057 3224 205 34 Schwarm
1284 3225 251 33 Amoretten.
1592 3226 108 32 Amor
1722 3225 59 33 hat
1806 3225 180 34 schwarzes
2010 3226 110 39 Haar,
2145 3226 68 33 wie

1058 3278 190 40 Thanatos;
1277 3275 89 34 doch
1394 3276 94 34 nicht
1511 3276 69 35 wie
1598 3276 114 34 Dieser
1730 3276 193 40 schlichtes,
1947 3276 142 35 sondern
2114 3278 80 34 wirr-

1058 3328 183 49 gewelltes.
1283 3328 64 34 Die
1366 3330 212 40 Amoretten,
1599 3328 125 35 Kinder
1743 3342 69 21 von
1831 3329 69 34 drei
1917 3328 49 35 bis
1985 3328 85 35 fünf
2082 3330 131 44 Jahren,

1058 3381 75 35 sind
1156 3380 220 49 krausköpfig
1394 3379 246 36 dunkelblond.
1679 3381 91 40 Alle,
1795 3382 88 33 auch
1903 3381 56 34 der
1978 3381 235 49 zwölfjährige

1058 3436 119 39 Amor,
1193 3443 115 38 tragen
1318 3434 117 34 weifse
1446 3433 210 47 Flügelchen,
1671 3433 140 35 silberne
1821 3433 163 35 Sandalen
1999 3434 70 34 und
2084 3434 128 41 weifse,

1058 3485 329 36 silberdurchwirkte
1406 3486 263 34 Lendentücher.
1712 3486 75 34 Alle
1811 3486 108 34 haben
1943 3500 42 20 an
2005 3487 56 34 der
2079 3488 135 33 rechten

1060 3540 104 48 (ihrer
1178 3538 134 48 linken)
1325 3539 85 34 Seite
1426 3539 96 33 einen
1537 3537 134 35 kleinen
1686 3538 171 35 blutroten
1867 3540 134 34 Köcher
2015 3540 62 33 mit
2092 3540 120 34 ebenso

1059 3591 187 49 gefärbtem
1259 3591 120 35 Gürtel
1399 3591 71 34 und
1488 3591 165 35 silbernen
1667 3589 127 37 Pfeilen
1813 3593 143 46 hängen,
1976 3591 115 35 halten
2105 3593 37 33 in
2157 3593 56 33 der

1058 3644 153 36 Rechten
1230 3645 98 34 einen
1347 3644 166 35 silbernen
1531 3647 116 44 Bogen
1666 3645 63 33 mit
1747 3654 88 24 roter
1854 3645 130 34 Schnur
2003 3645 69 34 und
2097 3646 36 32 in
2157 3645 56 35 der

2305 544 129 36 Linken
2460 545 73 34 eine
2556 543 113 35 kleine
2695 543 169 34 schwarze
2886 540 119 36 Fackel
3028 542 63 33 mit
3117 541 157 37 rötlicher
3296 545 155 47 Flamme;

2307 599 56 34 der
2377 600 115 45 Bogen
2506 599 123 33 Amors
2648 596 42 34 ist
2710 594 129 48 gröfser
2854 594 45 34 als
2920 594 53 34 die
2993 594 150 47 übrigen,
3162 596 86 34 seine
3262 597 113 36 Fackel
3391 599 61 37 fast

2306 665 38 20 so
2363 649 92 49 grofs
2470 651 68 34 wie
2557 649 54 34 die
2625 661 70 23 von
2711 646 134 36 Lucifer
2861 646 69 34 und
2946 649 124 33 Venus.
3103 649 40 31 Es
3158 647 89 35 wird
3265 648 189 41 allmählich

2307 703 161 42 dunkler;
2497 702 81 34 über
2601 701 78 35 dem
2702 703 95 31 Meer
2822 700 88 48 gehn
2935 698 54 35 die
3012 701 113 32 Sterne
3148 698 74 42 auf,
3248 701 70 35 sich
3341 704 113 50 goldig

2306 758 36 32 in
2361 756 57 34 der
2438 754 275 36 schwarzblauen
2727 752 246 35 Wasserfläche
2992 751 181 50 spiegelnd.

2386 808 63 34 Die
2464 810 199 32 Amoretten
2683 805 111 36 haben
2812 805 111 34 hinter
2938 806 108 33 Amor
3064 806 59 33 her
3142 804 52 34 die
3212 804 174 51 Oeffnung
3403 810 52 35 der

2307 864 224 32 Grenzmauer
2558 868 99 25 unter
2685 859 56 34 der
2766 856 230 50 Doppelbirke
3024 856 282 43 durchschritten,
3332 861 123 36 wollen

2307 914 87 34 nach
2414 913 57 35 der
2490 910 273 49 Marmorkugel;
2792 910 161 49 plötzlich
2972 909 103 34 bleibt
3094 912 107 32 Amor
3220 911 129 41 stehen,
3375 915 80 48 zeigt

2307 967 101 33 ihnen
2446 966 56 33 das
2540 964 221 35 zerbrochene
2797 962 392 36 Theerosenbäumchen.
3255 966 66 31 Der
3361 979 94 34 ganze

2307 1019 176 34 Schwarm
2512 1018 85 33 sieht
2625 1017 71 34 sich
2724 1016 65 34 den
2817 1015 152 35 Schaden
2996 1015 162 34 kichernd
3189 1028 59 27 an,
3281 1015 47 35 bis
3356 1020 100 35 Amor

2307 1071 103 34 ihnen
2429 1071 97 33 einen
2540 1068 115 37 Wink
2674 1068 103 49 giebt,
2798 1067 143 36 worauf
2955 1068 46 34 sie
3021 1067 64 35 alle
3104 1080 43 22 an
3167 1068 52 34 die
3239 1071 216 36 Grenzmauer

2307 1122 88 35 eilen
2408 1122 70 34 und
2493 1122 71 33 ihre
2578 1121 142 34 Fackeln
2735 1121 53 34 die
2798 1123 121 32 Mauer
2932 1120 150 48 entlang,
3097 1121 169 33 rechtshin
3276 1122 67 34 wie
3357 1122 83 37 links-

2307 1175 71 40 hin,
2399 1176 37 32 in
2450 1175 64 34 den
2529 1174 116 34 Boden
2659 1173 151 43 stecken;
2830 1186 64 22 nur
2909 1176 108 32 Amor
3033 1172 142 36 klemmt
3190 1173 53 34 die
3257 1174 98 41 seine,
3372 1185 85 27 etwa

2308 1228 35 33 in
2363 1227 115 35 halber
2496 1227 217 34 Mannshöhe
2733 1227 80 33 über
2832 1225 77 35 dem
2928 1226 132 44 Boden,
3088 1226 167 34 zwischen
3274 1226 52 34 die
3344 1227 113 37 beiden

2309 1283 149 31 Stämme
2476 1279 59 34 der
2552 1278 242 49 Doppelbirke.
2841 1281 100 32 Dann
2965 1277 127 35 kehren
3116 1279 45 33 sie
3180 1291 41 21 zu
3241 1277 76 35 dem
3334 1282 103 33 Rosen-

2309 1331 97 35 stock
2431 1331 141 42 zurück,
2599 1334 108 32 Amor
2731 1331 109 35 bricht
2866 1331 63 35 den
2949 1329 266 50 umgeknickten
3234 1331 148 35 Oberteil
3408 1334 51 34 des

2309 1385 209 34 Bäumchens
2533 1383 152 35 vollends
2706 1383 53 41 ab,
2779 1385 172 47 schwingt
2970 1385 61 34 ihn
3049 1385 48 33 im
3113 1384 113 34 Kreise
3244 1384 80 34 über
3342 1386 118 34 seinem

2309 1436 111 50 Kopf,
2445 1437 115 35 wobei
2587 1436 53 34 die
2660 1439 199 32 Amoretten
2884 1438 97 33 einen
3007 1436 125 35 kurzen
3151 1436 231 48 Ringelreigen
3405 1451 57 22 um

2310 1491 60 33 ihn
2398 1499 135 31 tanzen,
2562 1489 71 34 und
2661 1490 81 46 geht
2767 1502 71 21 nun
2865 1489 153 47 würdig,
3047 1502 67 22 von
3139 1489 64 34 den
3228 1489 140 34 Kleinen
3391 1504 54 20 aus-

2311 1543 147 47 gelassen
2471 1541 174 49 umhüpft,
2657 1542 57 34 der
2724 1543 194 34 schwarzen
2926 1542 112 48 Kugel
3052 1555 58 28 zu;
3126 1541 208 48 gleichzeitig
3343 1543 119 35 nähern

2312 1596 70 33 sich
2398 1608 81 22 vom
2492 1594 138 49 Tempel
2648 1595 70 39 her,
2739 1603 76 26 stets
2836 1596 35 33 in
2890 1595 75 34 dem
2985 1595 164 48 gleichen,
3170 1594 111 41 leisen,
3301 1594 80 49 selig
3396 1597 66 33 sich

2311 1648 201 47 wiegenden
2530 1648 225 40 Tanzschritt,
2777 1650 109 31 Venus
2906 1648 71 33 und
2997 1646 135 35 Lucifer
3155 1646 57 35 der
3231 1646 118 48 Kugel.
3395 1647 71 35 Auf

2312 1700 87 35 diese
2427 1709 135 25 stemmt
2589 1702 109 32 Amor
2726 1700 64 34 den
2818 1699 140 50 Stumpf
2980 1700 53 34 des
3054 1698 261 42 Rosenstockes,
3349 1700 34 33 in
3412 1700 51 35 der

2312 1754 151 35 Rechten
2476 1753 121 48 (seiner
2608 1752 146 47 Linken)
2767 1750 85 37 Pfeil
2867 1754 72 33 und
2953 1756 116 43 Bogen
3084 1765 64 35 gen
3162 1752 152 34 Himmel
3327 1752 135 41 hebend,

2313 1805 165 36 während
2493 1803 132 36 Lucifer
2640 1805 71 34 und
2722 1808 112 31 Venus
2853 1806 71 33 ihre
2939 1804 143 35 Fackeln
3096 1805 67 34 wie
3180 1818 77 20 zum
3271 1807 103 45 Segen
3389 1805 76 34 über

2313 1858 57 35 der
2389 1857 227 36 Blütenkrone
2641 1857 54 35 des
2716 1858 210 34 Bäumchens
2947 1858 194 47 wagerecht
3165 1856 142 35 kreuzen
3329 1858 67 33 und
3415 1857 49 34 die

2313 1913 199 33 Amoretten
2531 1911 176 47 neugierig
2732 1910 185 47 zugucken.
2960 1914 102 31 Dann
3080 1909 151 36 wandelt
3250 1911 116 39 Amor,
3385 1908 80 36 Pfeil

2314 1964 70 34 und
2405 1966 114 45 Bogen
2537 1963 158 40 senkend,
2716 1963 63 34 mit
2799 1963 74 34 dem
2888 1963 326 34 Rosenstämmchen
3233 1961 125 36 zurück
3381 1963 83 34 nach

2314 2016 77 34 dem
2411 2016 256 46 Myrtenbusch,
2696 2018 110 32 Venus
2827 2016 71 34 und
2913 2015 133 35 Lucifer
3065 2016 63 34 mit
3154 2015 119 34 immer
3299 2016 88 33 noch
3412 2029 36 33 ge-

2314 2068 157 35 kreuzten
2490 2068 142 34 Fackeln
2653 2068 93 34 dicht
2762 2068 225 40 hinterdrein,
3017 2067 71 35 und
3107 2067 163 35 während
3290 2069 105 33 Amor
3415 2068 51 34 die

2315 2121 117 35 beiden
2452 2121 92 35 Teile
2567 2121 55 34 des
2643 2122 207 33 Bäumchens
2871 2119 315 42 aufeinandersetzt,
3213 2119 111 35 sodafs
3350 2133 30 21 es
3407 2133 40 21 un-

2314 2175 146 35 versehrt
2474 2175 68 33 wie
2556 2172 115 36 früher
2686 2173 141 40 dasteht,
2846 2175 134 46 hängen
2996 2173 53 34 die
3061 2175 198 33 Amoretten
3273 2173 70 33 ihre
3358 2175 109 45 Bogen

2314 2228 51 32 ins
2384 2225 205 49 Armgelenk
2608 2225 71 35 und
2698 2225 143 49 hüpfen,
2861 2227 34 33 in
2916 2227 53 33 die
2986 2225 191 35 Händchen
3197 2225 206 40 klatschend,
3422 2226 45 32 im

2316 2280 110 34 Kreise
2446 2293 59 20 um
2525 2279 53 33 die
2598 2279 78 33 Drei
2696 2279 130 34 herum.

2393 2334 86 32 Nun
2498 2332 145 33 nehmen
2662 2330 132 35 Lucifer
2820 2331 71 34 und
2913 2333 112 32 Venus
3052 2331 52 34 die
3124 2328 142 38 Fackeln
3285 2330 123 35 wieder
3427 2342 39 21 an

2316 2384 54 34 die
2387 2383 134 35 Hüften
2541 2383 71 35 und
2631 2384 161 34 wandeln
2810 2384 87 33 nach
2916 2384 57 33 der
2993 2383 110 48 Kugel
3121 2382 138 40 zurück,
3279 2385 103 32 Amor
3400 2382 66 34 und

2316 2436 53 34 die
2395 2439 199 32 Amoretten
2622 2436 130 34 tänzeln
2780 2437 87 34 nach
2895 2436 57 34 der
2978 2439 225 32 Grenzmauer
3230 2434 71 35 und
3328 2436 138 33 nehmen

2316 2487 190 50 gleichfalls
2525 2489 126 35 wieder
2670 2489 53 34 die
2740 2488 143 35 Fackeln
2901 2502 56 20 zur
2971 2488 113 35 Hand.
3118 2491 112 32 Venus
3250 2487 70 35 und
3339 2486 126 35 Lucifer

2316 2550 164 26 stemmen
2500 2541 52 34 die
2570 2542 106 40 ihren,
2697 2542 165 34 nachdem
2882 2542 46 33 sie
2947 2541 54 34 die
3018 2544 102 31 Arme
3134 2554 69 21 von
3219 2540 63 35 den
3298 2540 168 35 Schultern

2317 2607 204 34 genommen
2546 2594 68 34 und
2640 2595 71 33 sich
2733 2607 42 21 zu
2799 2594 119 34 beiden
2938 2594 108 34 Seiten
3074 2594 55 33 der
3148 2594 111 47 Kugel
3283 2591 183 49 aufgestellt

2318 2646 128 41 haben,
2472 2646 105 35 neben
2602 2646 156 35 einander
2777 2645 65 36 auf
2862 2646 98 35 deren
2979 2645 269 50 Scheitelpunkt;
3277 2648 105 31 Amor
3401 2644 66 35 und

2319 2700 54 33 die
2392 2702 199 31 Amoretten
2610 2699 163 34 kommen
2796 2700 36 33 in
2851 2698 256 49 geschweiftem
3127 2699 239 34 Gänsemarsch
3384 2697 83 34 nach

2319 2765 95 26 vorn,
2434 2752 96 47 legen
2549 2765 69 22 von
2638 2751 105 35 rechts
2762 2753 58 33 her
2839 2753 71 33 ihre
2930 2754 114 45 Bogen
3063 2751 94 35 dicht
3176 2765 60 21 vor
3255 2751 76 35 dem
3346 2749 101 48 Kugel-

2319 2813 192 39 postament
2529 2818 39 20 zu
2587 2804 118 35 Füfsen
2725 2804 54 34 des
2799 2807 114 32 Paares
2933 2804 128 40 nieder,
3089 2805 132 33 reichen
3247 2803 153 35 einander
3417 2801 51 35 die

2320 2857 199 40 Händchen,
2538 2856 113 35 sodafs
2671 2858 45 33 sie
2735 2857 71 34 ihre
2826 2856 133 35 kleinen
2977 2856 141 35 Fackeln
3137 2855 151 36 aufrecht
3307 2856 161 34 zwischen

2319 2911 71 33 sich
2408 2910 126 40 halten,
2555 2909 71 35 und
2645 2909 114 35 bilden
2773 2911 88 33 nach
2876 2909 87 35 links
2980 2911 59 33 hin
3053 2911 98 33 einen
3165 2909 233 48 Ringclreigen
3413 2920 55 20 um

2319 2963 57 33 das
2396 2965 96 39 Paar,
2519 2963 53 33 die
2592 2962 139 34 Fackeln
2757 2961 78 35 bald
2860 2962 130 34 hebend
3015 2961 78 35 bald
3116 2961 158 35 senkend.
3313 2959 155 36 Plötzlich

2318 3015 128 48 springt
2465 3017 123 38 Amor,
2608 3014 126 36 wieder
2753 3013 65 36 auf
2832 3014 56 35 der
2904 3015 209 34 Vorderseite
3133 3013 260 49 angekommen,
3413 3025 54 21 aus

2319 3067 77 34 dem
2415 3069 127 46 Reigen
2561 3068 117 34 heraus
2700 3066 63 36 auf
2778 3067 52 34 die
2850 3068 121 46 Kugel,
2992 3067 93 35 lehnt
3105 3067 65 34 den
3188 3066 142 35 Rücken
3349 3079 40 21 an
3408 3065 61 34 den

2319 3123 126 31 Stamm
2460 3121 54 33 des
2531 3118 233 50 Apfelbaums,
2782 3128 135 26 stemmt
2931 3121 72 33 sich
3018 3121 62 33 mit
3093 3120 119 34 beiden
3227 3119 144 34 Händen
3386 3118 83 34 seine

2318 3172 118 35 Fackel
2457 3172 64 35 auf
2536 3173 63 34 den
2615 3171 104 49 Kopf,
2736 3175 113 32 Venus
2865 3172 69 35 und
2949 3171 134 36 Lucifer
3101 3172 109 35 haben
3230 3172 52 34 die
3301 3172 93 34 ihren
3409 3170 60 33 mit

2319 3226 65 33 den
2398 3226 87 33 nach
2500 3225 116 35 aufsen
2631 3224 180 49 gekehrten
2823 3227 124 32 Armen
2961 3224 188 49 gleichfalls
3165 3226 94 33 rasch
3274 3222 73 36 aufs
3358 3226 111 45 Haupt

2319 3290 214 36 genommen,
2544 3278 234 47 umschlingen
2794 3279 62 33 mit
2867 3278 64 34 den
2944 3279 139 33 inneren
3092 3280 125 32 Armen
3227 3279 120 32 Amors
3358 3276 109 38 Kniee,

2321 3330 67 34 und
2404 3344 57 21 aus
2478 3330 76 35 dem
2570 3330 209 35 Pinienwald
2794 3336 119 29 stürmt
2928 3330 172 35 taumelnd
3116 3330 70 35 und
3201 3330 61 33 mit
3273 3327 196 36 Tamburin-

2320 3383 147 34 Gerassel
2556 3387 78 43 jetzt
2653 3384 89 33 ohne
2759 3382 241 47 Thyrsusstäbe
3089 3382 69 35 der
3177 3383 207 34 Schwarm
3403 3379 66 34 der

2319 3436 242 34 Bachanten
2595 3434 65 36 auf
2683 3436 64 33 den
2780 3436 312 47 Amorettenreigen
3125 3435 59 34 los.
3244 3434 62 35 Die
3331 3433 137 35 Kleinen

2319 3488 126 33 stieben
2464 3488 226 40 auseinander,
2709 3502 70 21 von
2798 3488 63 35 den
2879 3488 220 35 berauschten
3113 3488 190 34 Bachanten
3317 3484 151 48 verfolgt,

2319 3541 53 33 die
2400 3541 103 34 ihnen
2531 3541 141 34 teilweis
2701 3541 53 34 die
2779 3540 142 35 Fackeln
2949 3541 188 34 entreifsen.
3189 3542 63 32 Die
3276 3542 192 32 Amoretten

2319 3593 147 35 flüchten
2492 3594 86 34 nach
2598 3593 55 35 der
2671 3594 111 47 Kugel
2806 3593 141 40 zurück,
2974 3595 62 33 mit
3059 3591 259 37 hilfeflehenden
3335 3591 134 35 Mienen

2319 3647 72 33 sich
2410 3646 93 34 dicht
2523 3659 59 21 um
2597 3645 145 42 Lucifer,
2758 3649 111 33 Venus
2889 3646 69 34 und
2973 3648 108 33 Amor
3100 3645 181 48 drängend.
3319 3644 61 34 Die
3396 3642 73 34 aber
