3493 4572
1365 3865 189 41 75

269 538 114 52 Trug
411 539 70 38 der
509 540 209 39 Erbarmer
746 540 106 39 seine
881 541 291 38 Dornenkrone

266 601 78 37 Für
372 600 63 39 die
465 602 252 52 Gewaltigen
746 602 70 38 der
844 602 118 39 Welt
989 602 135 38 allein?

266 710 104 38 Zum
398 711 144 40 Schutz
570 710 65 40 für
661 711 115 40 ihren
806 713 205 47 Geldsack,
1039 713 82 40 ihre
1149 711 194 40 Throne?

268 771 97 39 Dafs
395 772 83 40 sich
507 773 63 38 die
600 774 118 38 blöde
746 776 129 36 Masse
905 774 109 38 nicht
1043 776 182 50 empöre?

266 834 112 38 Dazu
407 835 66 38 das
501 834 276 40 Teufelswerk
805 836 70 38 der
903 835 352 52 Dogmenfrohne?

265 944 145 38 Wenn
436 945 65 39 ich
529 945 68 38 des
625 944 189 39 Heilands
843 945 249 39 Liebeslehre
1120 946 108 46 höre,

267 1006 51 38 So
346 1005 112 40 weifs
487 1007 75 46 ich,
593 1005 82 39 dafs
705 1019 41 25 er
776 1006 78 38 den
885 1007 227 52 Geplagten
1140 1017 96 41 sagt:

266 1067 152 47 „Euch
447 1068 98 38 send
573 1067 64 38 ich
665 1068 151 36 meiner
842 1067 202 51 Pfingsten
1071 1067 116 40 frohe
1216 1068 146 38 Chöre.

265 1185 99 38 Und
392 1198 84 26 wer
505 1198 39 25 es
573 1199 83 25 von
685 1184 79 39 den
793 1186 287 51 Erdgebietern
1107 1198 115 40 wagt,

265 1246 78 37 Für
363 1247 135 37 seinen
513 1246 146 39 Zweck
674 1246 125 39 durch
812 1247 107 39 mich
939 1249 100 38 euch
1058 1261 49 26 zu
1126 1248 298 46 mifsbrauchen,

265 1307 83 36 Der
376 1306 101 38 wird
506 1306 124 40 durch
659 1306 72 39 alle
759 1307 149 39 Höllen
938 1309 99 37 einst
1066 1310 124 50 gejagt
1200 1311 32 37 I“

263 1414 96 38 Und
390 1415 149 38 Christi
567 1416 307 40 Flammenfluch
901 1418 103 38 kann
1032 1418 63 38 nie
1124 1419 258 39 verrauchen!

262 1477 79 36 Das
369 1475 80 38 rief
473 1477 143 38 ehmals
646 1479 63 36 ein
738 1479 169 38 Priester
934 1479 41 39 in
1005 1480 116 38 Sankt
1148 1480 107 47 Veit,

259 1536 99 39 Defs
389 1538 177 50 gotische
596 1538 155 40 Türme
778 1539 41 39 in
849 1541 63 37 die
941 1541 179 38 Wolken
1148 1542 178 39 tauchen.

260 1656 119 38 Sankt
407 1656 132 47 Vitus,
569 1656 71 38 der
669 1658 242 39 Hradschin!
967 1661 113 49 Prags
1110 1659 280 40 Herrlichkeit!

259 1718 92 37 Eins
381 1719 92 37 aber
501 1719 49 37 ist
579 1719 108 38 noch
714 1719 213 40 herrlicher
955 1721 40 38 in
1023 1722 110 49 Prag:

259 1780 84 37 Der
373 1779 410 39 Wallenstein-Palast
853 1804 8 5 -
892 1795 24 24 o
946 1782 266 39 Sternenzeit!

259 1890 106 37 Dort
395 1888 72 39 safs
495 1889 65 39 ich
587 1889 75 38 mal
691 1903 50 24 an
770 1889 129 38 einem
929 1891 243 51 Sommertag

261 1950 77 38 Mit
366 1950 92 38 dem
487 1952 131 38 Genie
647 1951 83 38 und
759 1951 138 38 seinen
927 1950 219 41 Offizieren

259 2013 48 38 In
334 2013 127 38 hoher
491 2011 128 39 offner
647 2012 114 38 Halle
791 2013 103 38 beim
924 2014 136 51 Gelag.

259 2122 60 38 Im
348 2122 154 38 Garten
529 2134 76 26 vor
632 2135 87 33 uns,
748 2122 201 39 zwischen
977 2122 239 49 Pikenieren,

260 2184 133 37 Tanzt
423 2183 63 38 ein
515 2183 345 53 Mongolentrupp
889 2183 43 38 in
959 2184 156 39 wildem
1145 2185 118 47 Flufs,

259 2244 192 38 Indessen
478 2244 73 38 wir
581 2244 235 40 erstaunlich
844 2245 241 53 pokulieren.

259 2354 62 38 Da
350 2354 139 38 ballert
517 2354 188 52 plötzlich
733 2354 64 37 ein
824 2353 393 48 Karthaunenschufs,

258 2414 97 39 Wie
384 2415 275 51 weggeblasen
689 2414 86 39 sind
805 2415 62 38 die
896 2415 176 46 Asiaten,

257 2476 98 38 Und
383 2475 70 39 auf
475 2476 63 38 die
565 2477 126 37 Leere
719 2475 104 52 zeigt
852 2475 202 39 Octavius.

257 2586 132 38 Musik
418 2585 186 52 begleitet
633 2585 214 38 seufzende
875 2586 205 46 Kantaten,

256 2647 96 38 Und
381 2647 103 39 seht:
513 2648 60 37 Da
600 2647 111 46 links,
741 2647 98 46 solo,
869 2658 107 27 tanzt
1004 2660 84 25 nun
1117 2647 70 37 der
1214 2647 110 38 Tod.

255 2708 76 45 He,
363 2708 108 38 Senil
501 2708 76 39 wie
604 2708 50 37 ist
684 2708 69 38 der
781 2708 338 51 hierhergeraten?

256 2817 222 52 Trübselig,
508 2818 304 39 melancholisch
839 2818 84 38 und
952 2818 135 47 devot,

254 2879 209 39 Schwankt
491 2879 68 39 hin
586 2879 82 38 und
695 2879 70 40 her
794 2879 70 38 der
884 2879 206 50 Schwager
1117 2879 83 38 sein
1221 2879 190 53 Gerippe,

252 2942 79 38 Mit
360 2940 128 38 einem
515 2940 210 39 Ausdruck
753 2941 76 39 wie
859 2942 63 37 ein
949 2940 117 39 Idiot.

251 3050 97 38 Und
379 3050 88 38 eine
494 3049 261 39 Pfauenfeder
784 3062 93 27 statt
905 3050 71 38 der
1004 3051 147 51 Hippe,

252 3111 176 47 Schlank,
456 3111 87 52 lang
571 3112 83 37 und
683 3112 184 38 schwank
894 3112 75 39 wie
1000 3112 86 38 eine
1115 3113 139 46 Gerte,
1283 3112 79 40 hält

251 3173 51 37 Er
329 3173 141 38 überm
498 3173 113 52 Kopf
634 3173 72 38 mit
734 3173 252 39 winkendem
1016 3173 64 39 Ge
1082 3173 143 53 wippe.

249 3282 96 38 Und
374 3283 103 38 seht:
505 3281 73 40 Ein
607 3282 94 39 alter
730 3283 169 39 schöner
927 3284 124 37 Mann
1080 3283 136 52 gesellt

249 3343 89 39 Sich
365 3357 51 25 zu
442 3343 94 47 ihm,
565 3354 162 27 ernsten
755 3344 139 47 Blicks,
923 3345 71 38 mit
1020 3344 148 40 wilden
1195 3346 183 38 Locken:

249 3406 83 37 Der
361 3406 105 38 Gott
494 3405 70 38 der
592 3404 186 39 Künstler
805 3406 67 39 hat
899 3406 83 39 sich
1011 3406 229 52 eingestellt.

247 3519 77 38 Mit
353 3519 130 38 einem
510 3519 156 38 Becken
694 3519 85 40 tritt
809 3534 42 24 er
878 3521 321 38 unerschrocken

246 3581 68 38 An
341 3594 149 25 unsern
518 3581 126 39 Tisch
671 3582 84 38 und
783 3582 179 39 sammelt
989 3584 149 37 Batzen
1169 3583 73 48 ein,

245 3644 98 37 Von
373 3643 100 38 Gast
503 3656 49 26 zu
581 3644 111 46 Gast,
721 3644 83 39 und
830 3644 66 39 hat
924 3644 231 40 zerlatschte
1184 3646 164 39 Socken.

1534 536 97 38 Und
1659 536 150 39 wieder
1837 536 150 53 poltert
2016 537 62 39 die
2107 539 222 38 Karthaune
2358 539 126 39 drein:

1533 597 76 38 Die
1639 597 144 39 beiden
1813 598 241 39 schwinden.
2110 600 97 38 Und
2236 600 63 38 ein
2326 600 263 53 Siegesbogen

1534 659 115 51 Zeigt
1676 659 137 39 seinen
1841 660 160 39 kühnen
2029 661 157 39 Wuchs
2216 675 65 26 aus
2311 663 276 39 Marmelstein.

1533 766 61 37 Da
1621 765 154 38 kommt
1804 765 70 38 der
1901 765 100 39 Tod
2029 766 109 38 noch
2166 767 141 38 einmal
2336 781 241 38 angezogen,

1532 826 97 38 Und
1657 826 196 52 schwingt
1882 827 63 38 die
1966 828 118 38 Sense
2103 828 107 50 jetzt,
2239 828 71 39 mit
2329 830 364 50 Herrschermiene,

1532 888 97 39 Und
1657 889 67 38 hat
1750 903 73 24 uns
1853 888 224 41 freundlich
2104 890 232 51 mitzugehn
2365 891 196 52 bewogen

1531 995 47 36 In
1606 993 106 39 seine
1743 993 132 52 grofse
1903 994 136 39 Nacht
2050 1013 9 29 3
2086 995 349 40 Lichtbaldachine

1531 1055 194 39 Erfüllten
1754 1055 54 39 sie
1835 1056 72 38 mit
1936 1056 313 52 siebenfarbigen
2277 1058 205 48 Frachten,

1532 1118 60 37 Da
1621 1116 189 40 schliefen
1837 1117 181 38 lächelnd
2047 1118 108 39 seine
2183 1118 190 39 Paladine.

1531 1232 59 37 Da
1610 1231 174 39 schliefst
1804 1231 98 39 auch
1918 1231 65 47 du,
1998 1232 107 38 mein
2119 1233 180 47 Richard,
2319 1234 52 38 ob
2392 1234 78 39 den
2489 1236 200 48 Nächten,

1531 1293 76 46 Du,
1635 1292 169 39 Richard
1832 1293 181 47 Dehmel,
2042 1294 70 38 der
2140 1294 65 38 das
2235 1296 128 37 Wort
2391 1309 150 35 ersann,

1531 1355 78 37 Das
1644 1367 76 25 uns
1754 1355 234 50 gewachsen
2015 1356 132 38 macht
2175 1356 78 39 den
2283 1357 408 41 Schicksalsmächten.

1530 1459 97 38 Und
1656 1459 59 39 dir
1743 1473 71 25 zur
1843 1461 101 38 Seite
1974 1461 113 38 stand
2116 1461 64 38 ein
2207 1461 278 49 Rittersmann,

1531 1521 160 38 Sanctus
1721 1522 210 50 Georgius,
1961 1522 70 38 der
2060 1536 59 24 am
2147 1523 149 39 Bändel
2325 1523 156 39 schleift

1529 1583 78 37 Das
1635 1583 217 50 Ungetüm,
1882 1583 70 38 der
1980 1585 119 38 Hölle
2129 1585 213 38 Guardian.

1529 1696 95 38 Und
1653 1697 75 37 wie
1756 1697 107 38 mein
1881 1698 106 38 Blick
2013 1698 69 40 hin
2110 1712 50 25 zu
2180 1698 92 39 dem
2291 1699 186 51 Heiligen
2497 1700 191 48 schweift,

1529 1757 162 39 Kommt
1719 1757 73 38 mir
1820 1759 64 37 ein
1914 1760 284 51 Georgsthaler
2225 1760 41 39 in
2296 1760 234 48 Gedanken,

1528 1820 83 36 Der
1639 1820 75 38 wie
1741 1819 72 39 mit
1841 1820 156 38 Krallen
2024 1821 43 38 in
2095 1823 108 38 mein
2230 1823 138 37 Leben
2398 1823 125 51 greift.

1528 1924 73 38 Ein
1630 1924 164 38 blutarm
1823 1926 199 38 Mädchen
2049 1927 86 38 tritt
2164 1941 63 24 aus
2256 1928 354 52 Frühlingsranken

1527 1985 96 38 Und
1651 1985 149 53 spricht
1828 1987 128 38 nichts
1985 1988 150 47 weiter,
2163 2002 92 26 nur:
2283 1990 69 38 Ich
2378 1989 102 39 liebe
2510 1990 99 40 dich.

1527 2046 98 38 Und
1652 2046 83 40 ihre
1764 2048 123 38 Liebe
1915 2049 146 38 kannte
2089 2050 112 38 keine
2230 2051 233 40 Schranken.

1527 2151 69 39 Ich
1623 2152 138 39 nehms
1790 2166 44 24 so
1863 2154 82 46 mit,
1973 2154 83 38 und
2085 2155 97 52 spiel
2211 2156 79 39 den
2317 2157 229 39 Täuberich

1526 2212 77 39 Mit
1630 2213 125 40 ihrem
1784 2214 134 39 süfsen
1946 2216 164 38 Herzen
2140 2217 87 38 eine
2255 2218 99 47 Zeit,

1526 2274 96 38 Und
1649 2274 70 39 lafs
1748 2275 53 38 sie
1831 2276 107 39 dann
1966 2278 315 51 erbarmungslos
2308 2279 53 38 im
2390 2280 118 39 Stich.

1525 2380 110 38 Beim
1654 2381 202 39 Abschied
1880 2381 106 52 langt
2011 2382 53 38 sie
2085 2383 265 40 schluchzend
2375 2399 66 24 aus
2462 2385 90 39 dem
2571 2387 115 38 Kleid

1525 2442 91 37 Den
1644 2442 270 47 Reiterthaler,
1942 2443 113 38 ihren
2084 2444 180 52 einzigen
2292 2446 211 39 Schmuck:

1525 2501 156 40 Nimm!
1711 2503 63 38 bat
1802 2504 52 37 sie
1863 2522 9 28 5
1903 2504 102 39 denk
2034 2519 47 24 an
2109 2519 118 25 unsre
2256 2506 197 52 Seligkeit!

1524 2607 96 38 Bald
1648 2608 100 38 nach
1778 2608 90 39 dem
1895 2609 150 39 letzten
2073 2609 98 40 Kufs
2199 2611 84 38 und
2311 2612 269 40 Händedruck

1521 2668 167 52 Vergafs
1716 2670 65 39 ich
1809 2670 65 38 sie.
1929 2671 69 37 Bei
2027 2671 108 39 einer
2165 2672 134 52 Orgie,
2330 2681 131 45 später

1521 2729 106 39 Traf
1647 2730 64 39 ich
1739 2731 53 38 sie
1821 2731 161 39 wieder.
2029 2734 121 38 Wars
2180 2734 372 54 Gespensterspuk?

1519 2835 70 39 Ich
1617 2835 86 39 kam
1731 2837 73 37 mir
1832 2837 191 52 plötzlich
2049 2852 76 25 vor
2152 2840 75 38 wie
2257 2839 65 39 ein
2350 2841 201 39 Verräter.

1519 2896 69 39 Ich
1615 2909 76 26 trat
1718 2912 67 25 ans
1813 2899 164 38 Fenster
1987 2918 10 29 3
2025 2900 73 38 mir
2124 2901 54 38 im
2206 2902 165 39 Rücken
2400 2903 154 40 schrien

1519 2959 74 38 Die
1623 2959 259 49 Tanzenden,
1911 2960 76 39 wie
2014 2961 312 42 Belialsanbeter.

1517 3063 70 38 Ich
1616 3064 158 39 schaute
1802 3065 138 39 finster
1968 3067 70 38 auf
2060 3069 64 37 ein
2153 3069 208 40 Gärtchen
2389 3071 79 46 hin,

1517 3124 91 48 Das,
1636 3126 144 51 winzig
1808 3127 116 48 klein,
1953 3142 74 24 vor
2055 3130 73 38 mir
2155 3131 54 39 im
2236 3132 191 38 Dämmer
2455 3133 190 48 schleiert,

1517 3185 125 39 Kaum
1670 3187 169 40 sichtbar
1866 3189 120 47 noch,
2015 3190 75 39 wie
2119 3202 118 27 unter
2264 3193 202 39 Musselin.

1517 3291 73 39 Ein
1618 3292 168 48 dünner,
1814 3294 293 53 milchigblauer
2135 3297 177 38 Himmel
2340 3297 150 47 bleiert,

1515 3354 125 38 Darin
1668 3355 71 38 der
1765 3356 155 48 feinste,
1949 3357 184 40 blässeste
2161 3359 224 38 Neumond
2413 3361 115 47 steht,

1516 3416 83 37 Der
1628 3416 134 39 seinen
1791 3418 159 39 Eintritt
1976 3419 43 38 in
2047 3420 81 38 den
2154 3422 144 37 Monat
2325 3420 126 40 feiert.

1516 3522 79 39 Das
1624 3522 151 52 einzige
1804 3524 107 47 Beet,
1940 3524 64 39 ein
2032 3525 432 49 Sonnenblumenbeet,

1516 3584 116 51 Zeigt
1659 3585 208 39 strotzend
1895 3585 107 39 seine
2032 3586 111 52 gelbe
2173 3587 247 47 Gästeschar,

1515 3647 75 38 Die
1621 3646 296 40 sehnsuchtvoll
1947 3648 64 38 das
2040 3648 138 52 Haupt
2206 3662 76 38 gen
2310 3650 131 38 Osten
2469 3650 128 40 dreht.
