3670 4572
2099 3858 209 42 112

1042 547 107 33 Wein
1174 547 69 34 und
1268 548 171 42 Winden,
1464 551 87 34 auch
1584 552 132 48 Epheu)
1745 555 220 47 ungemeinen
1990 559 19 31 P
2010 580 10 10 v
2023 557 57 34 eiz.
2127 560 66 32 Das

1042 598 131 41 Bosko,
1198 601 72 33 eine
1296 600 111 35 kleine
1435 602 110 35 dichte
1566 607 231 47 Baumgruppe
1822 608 34 33 in
1882 607 57 35 der
1959 609 117 41 Nähe,
2102 610 91 34 hatte

1042 651 107 35 durch
1160 651 63 35 den
1235 653 212 38 zitternden
1447 653 212 38 Sommerduft
1670 658 105 35 davor
1784 660 149 34 schönen
1944 660 165 49 duftigen
2109 660 83 49 Ton.

1119 703 144 36 Böcklin
1282 707 134 34 machte
1435 708 91 34 mich
1547 708 64 35 auf
1625 710 64 35 den
1709 710 135 49 grofsen
1862 712 148 36 Farben
2023 712 170 50 umfang

1040 755 103 35 dieser
1162 757 99 35 Stelle
1282 759 85 47 (von
1383 760 56 34 der
1453 759 83 36 Luft
1552 775 54 28 an,
1627 763 81 35 über
1726 764 75 35 dem
1814 765 73 34 sehr
1896 766 295 35 unterschiedenen

1039 811 94 45 Berg,
1158 809 81 35 über
1265 810 52 35 die
1336 813 126 47 Hügel,
1490 813 53 35 die
1562 816 117 34 Wiese
1704 816 48 34 bis
1778 830 38 21 zu
1845 818 62 34 den
1928 818 120 34 dürren
2069 818 102 35 braun-

1038 861 119 47 gelben
1177 863 147 35 Halmen
1342 866 64 33 mit
1430 875 96 25 roten
1545 868 251 35 Mohnblumen
1822 870 55 35 des
1898 870 289 48 Vordergrundes)

1039 912 237 38 aufmerksam.
1323 919 42 32 Er
1383 917 70 35 hob
1479 920 72 33 eine
1574 920 161 35 blafsrote
1754 922 229 35 Mohnblume
2009 922 70 42 auf,
2107 924 82 34 hielt

1037 967 45 33 sie
1103 980 104 35 gegen
1228 968 88 35 diese
1334 971 96 34 Töne
1449 971 70 35 und
1539 972 216 36 bewunderte
1781 974 53 34 die
1858 976 125 33 schöne
2002 977 187 34 Harmonie

1036 1032 41 21 zu
1098 1020 87 34 allen
1204 1021 123 34 Farben
1350 1024 71 33 und
1446 1025 137 40 meinte,
1604 1027 68 33 wie
1691 1027 105 34 schön
1815 1028 70 34 sich
1905 1028 54 34 ein
1978 1027 209 35 Seidenkleid

1035 1085 68 21 von
1124 1072 104 35 dieser
1247 1074 97 34 Farbe
1364 1076 70 34 hier
1454 1078 204 34 ausnehmen
1676 1079 128 35 würde.

1114 1126 79 33 Wir
1208 1126 190 36 zeichneten
1413 1127 124 36 darauf
1546 1130 88 34 beim
1643 1133 104 31 Turm
1759 1145 54 20 am
1821 1133 87 33 Bach
1919 1133 143 33 Lattich.
2086 1136 100 31 Dann

1035 1175 90 36 afsen
1150 1179 66 34 wir
1242 1180 126 48 Mittag
1394 1182 35 33 in
1455 1182 88 33 einer
1568 1185 317 46 Campagnaosteria
1914 1197 41 21 an
1983 1184 55 34 der
2063 1185 121 34 Strafse

1033 1230 87 33 nach
1148 1230 135 35 Albano
1317 1234 70 33 und
1419 1234 123 34 hielten
1578 1234 63 35 auf
1674 1236 63 33 den
1770 1237 144 33 Tischen
1947 1237 235 47 Mittagsruhe.

1033 1284 66 32 Am
1117 1284 224 48 Nachmittag
1359 1286 127 34 wieder
1504 1299 40 21 zu
1564 1287 62 34 den
1646 1288 273 35 Lattichblättern
1939 1303 55 19 am
2012 1291 99 33 Bach.

1031 1334 142 35 Böcklin
1193 1345 91 38 sagte
1303 1338 73 33 sehr
1395 1338 132 47 richtig,
1547 1340 69 33 wie
1637 1353 30 20 es
1688 1340 89 35 doch
1797 1341 179 47 eigentlich
2000 1343 92 33 recht
2119 1355 43 21 un-

1031 1385 85 49 klug
1135 1391 102 37 wäre,
1265 1402 36 20 so
1320 1390 108 34 Vieles
1450 1392 196 33 anzusehen.
1685 1396 117 31 Wenn
1827 1407 78 20 man
1933 1394 101 33 dieser
2060 1394 122 35 Blätter

1029 1453 123 33 wegen
1172 1441 101 33 allein
1291 1441 224 49 hinausginge
1536 1444 68 33 und
1630 1444 85 35 diese
1735 1446 90 33 recht
1845 1446 158 34 studierte
2027 1447 70 34 und
2122 1446 39 35 be-

1029 1491 191 42 obachtete,
1250 1494 119 34 würde
1404 1508 77 21 man
1517 1496 63 34 mit
1614 1496 65 35 viel
1708 1496 231 36 bleibenderen
1967 1498 213 35 Eindrücken

1027 1543 229 36 heimkehren.

1105 1597 179 34 Nachdem
1303 1599 66 34 wir
1394 1599 73 34 hier
1486 1601 53 33 ein
1559 1602 132 34 zweites
1712 1602 67 34 Bad
1799 1615 212 34 genommen,
2037 1603 139 34 kehrten

1026 1649 65 34 wir
1104 1648 78 35 über
1199 1650 56 34 das
1268 1650 124 35 braune
1402 1651 206 49 Stoppelfeld
1625 1654 68 34 und
1712 1667 54 21 am
1778 1655 270 48 Bacchustempel
2060 1655 116 35 vorbei

1026 1700 53 35 bei
1098 1703 323 47 Sonnenuntergang
1439 1703 101 35 heim.
1576 1704 77 36 Auf
1674 1706 56 34 der
1750 1706 209 35 Landstrafse
1983 1706 107 36 trafen
2110 1709 66 34 wir

1025 1753 53 34 die
1111 1754 109 34 Maler
1249 1755 406 37 Lindemann-Frommei
1689 1759 70 33 und
1790 1759 214 39 Benouville,
2040 1760 52 34 die
2121 1774 55 34 per

1025 1805 146 34 Kutsche
1191 1820 80 21 vom
1291 1808 252 35 Studienmalen
1569 1810 233 35 heimkehrten
1827 1811 70 35 und
1922 1813 145 33 nahmen
2095 1826 80 33 gern

1023 1858 53 33 ihr
1088 1858 212 41 Anerbieten,
1318 1862 61 31 mit
1397 1862 100 33 ihnen
1512 1862 264 42 heimzufahren,
1792 1877 54 27 an,
1862 1864 88 34 denn
1969 1865 51 33 die
2031 1867 142 32 Mauern

1022 1911 159 33 strahlten
1201 1912 72 33 eine
1293 1914 99 33 Hitze
1413 1927 55 20 aus
1489 1915 66 33 wie
1574 1914 183 37 Backöfen.

1492 2014 53 21 11.
1564 2001 66 44 Juli
1653 2004 55 33 66.

1099 2067 144 35 Böcklin
1269 2081 74 22 war
1370 2083 69 21 von
1466 2070 75 34 dem
1568 2072 163 46 gestrigen
1757 2073 220 47 Spaziergang
2002 2074 87 34 nach
2108 2074 63 35 Val

1021 2118 150 48 d’Egeria
1195 2121 74 33 sehr
1289 2130 155 39 angeregt
1463 2123 70 34 und
1549 2123 135 35 brachte
1700 2125 98 33 heute
1813 2125 69 34 sein
1900 2125 71 34 Bild
1986 2126 185 35 bedeutend

1019 2176 176 31 vorwärts.
1225 2175 41 31 Er
1280 2173 102 34 malte
1397 2176 106 34 rechts
1524 2175 54 35 die
1597 2175 135 48 grofsen
1752 2176 418 42 Huflattichblätter,

1019 2224 53 34 die
1092 2225 46 33 als
1159 2224 126 48 gröfste
1305 2225 149 36 Pflanzen
1475 2227 71 34 und
1567 2241 42 21 an
1629 2228 54 34 der
1703 2229 189 34 vordersten
1912 2230 97 35 Stelle
2029 2231 64 34 viel
2113 2245 57 20 zur

1018 2276 200 48 plastischen
1260 2277 177 49 Wirkung
1476 2280 54 34 des
1564 2280 108 34 Bildes
1715 2281 178 47 beitragen.
1949 2286 112 37 Dann,
2094 2283 75 35 dem

1018 2327 258 50 Schilfgehänge
1291 2344 68 20 von
1373 2330 88 35 links
1477 2333 327 47 entgegenstrebend,
1824 2334 101 34 malte
1942 2348 31 21 er
1987 2336 160 47 schwung-

1016 2381 70 34 voll
1112 2380 255 49 überhängende
1398 2384 150 35 Pflanzen
1573 2386 62 33 mit
1663 2385 162 35 violetten
1852 2386 130 40 Blüten,
2010 2387 81 35 über
2116 2389 52 34 die

1015 2432 284 36 weifsblühendes
1315 2435 166 35 Gaisblatt
1500 2436 146 36 klettert.
1676 2439 111 33 Dieses
1802 2438 270 49 Blütengehänge
2088 2441 80 34 über

1016 2485 55 34 der
1101 2486 123 44 Quelle
1256 2488 60 33 hat
1351 2488 191 47 (besonders
1574 2489 53 34 bei
1661 2491 56 33 der
1745 2493 346 46 Dämmerstimmung
2118 2494 49 33 im

1014 2537 110 48 Bilde)
1146 2547 103 26 etwas
1278 2540 274 35 Märchenhaftes
1571 2542 70 33 und
1659 2542 314 36 Melancholisches.

1092 2591 141 34 Böcklin
1260 2593 133 39 meinte,
1419 2606 102 22 wenn
1542 2608 78 20 man
1639 2595 256 34 hinauskommt
1917 2597 35 32 in
1971 2597 52 34 die
2042 2599 123 39 Natur,

1013 2641 87 35 lernt
1119 2657 80 20 man
1219 2643 65 35 fast
1303 2653 77 25 stets
1401 2646 167 40 einsehen,
1592 2646 71 35 dafs
1684 2647 286 50 Schlingpflanzen
1995 2650 70 33 und
2090 2650 56 34 der-

1014 2695 152 46 gleichen
1186 2696 63 34 viel
1268 2699 157 46 massiger
1440 2697 164 36 auftreten
1620 2699 69 34 und
1705 2699 70 35 dafs
1791 2714 79 20 man
1884 2700 114 35 solche
2013 2702 150 35 Pflanzen

1013 2746 66 34 fast
1110 2748 120 34 immer
1260 2761 39 21 zu
1329 2749 91 35 dünn
1448 2751 93 35 malt.
1583 2751 89 35 Alles
1700 2753 47 33 im
1777 2753 93 33 Bilde
1898 2754 164 34 erschiene
2090 2756 72 33 ihm

1013 2798 140 49 dürftig,
1174 2801 228 35 schwächlich
1416 2804 71 33 und
1503 2803 221 42 unwirksam,
1744 2818 102 22 wenn
1862 2819 33 20 er
1909 2819 41 21 an
1966 2806 63 34 den
2044 2808 99 47 präch-

1013 2852 91 47 tigen
1129 2854 132 33 Lattich
1286 2867 68 21 von
1378 2864 129 38 gestern
1531 2856 251 41 zurückdenke,
1809 2871 60 21 wo
1895 2871 31 21 er
1950 2859 70 33 sich
2043 2860 119 33 immer

1011 2905 162 33 staunend
1193 2918 101 35 sagen
1314 2907 139 35 mufste:
1474 2911 292 38 „Donnerwetter,
1793 2910 41 33 ist
1858 2909 56 35 das
1936 2911 70 33 eine
2025 2911 135 41 schöne,

1011 2956 167 35 stattliche
1196 2958 171 34 Pflanze!“

1477 3009 11 21 i
1502 3009 29 20 2.
1551 2995 66 45 Juli
1639 2998 58 33 66.

1089 3060 59 35 Als
1160 3062 65 35 wir
1239 3075 67 22 von
1322 3062 55 35 der
1391 3066 127 47 Kneipe
1531 3065 70 46 (bei
1613 3068 31 32 P.
1658 3066 162 47 Navona)
1837 3066 321 45 zurückkommend,

1011 3112 52 35 bei
1087 3113 210 36 Bilderläden
1317 3116 34 33 in
1374 3117 64 33 Via
1464 3117 165 34 Condotti
1653 3118 251 49 vorbeigingen,
1931 3120 141 34 erzählte
2096 3123 63 32 mir

1009 3165 153 41 Böcklin,
1181 3180 32 20 er
1227 3167 85 34 habe
1326 3169 204 40 manchmal,
1545 3183 60 20 um
1622 3171 71 34 sich
1712 3172 43 33 in
1774 3173 92 32 Zeit
1886 3172 68 34 der
1973 3175 83 32 Not
2072 3174 85 34 Geld

1009 3231 39 21 zu
1064 3217 215 42 verschaffen,
1305 3221 85 33 auch
1410 3220 55 35 für
1479 3222 114 33 solche
1608 3223 149 34 Händler
1772 3224 135 47 gemalt.
1935 3226 51 33 Sie
2001 3224 156 37 bezahlen

1008 3271 148 34 schlecht
1178 3272 36 46 (5
1223 3286 96 33 —ls
1343 3273 124 48 scudi).
1509 3276 84 33 Man
1616 3273 113 36 könne
1750 3275 85 42 aber,
1860 3290 103 21 wenn
1983 3291 78 21 man
2080 3292 58 21 vor-

1007 3323 122 47 sichtig
1148 3323 152 49 anfängt,
1319 3323 66 36 fast
1404 3327 35 33 in
1459 3327 109 33 einem
1587 3327 121 34 halben
1727 3330 73 45 Tag
1825 3328 95 35 solch
1940 3330 72 33 Bild
2033 3330 122 36 malen.

1007 3377 84 33 Man
1112 3381 109 29 müsse
1240 3391 65 20 nur
1324 3379 63 32 mit
1406 3379 87 33 einer
1508 3393 124 33 grauen
1650 3381 102 47 (nach
1767 3382 208 34 Umständen
1989 3382 167 35 vielleicht

1007 3428 300 48 grünlichgrauen)
1323 3431 245 48 Untermalung
1587 3432 163 47 beginnen
1770 3434 69 33 und
1860 3434 82 35 dazu
1962 3435 54 33 die
2030 3435 105 34 Ueber-

1007 3480 140 48 malung
1175 3483 62 33 mit
1266 3485 194 45 Benutzung
1488 3483 55 35 des
1568 3485 152 34 Grundes
1747 3486 190 35 einrichten.
1983 3488 171 34 Niemand

1006 3532 114 35 könne
1141 3535 108 33 einem
1268 3535 226 40 nachweisen,
1522 3537 44 33 ob
1592 3537 56 34 das
1674 3537 88 35 dann
1783 3539 119 34 Grund
1926 3539 80 34 oder
2030 3541 124 45 gemalt

1006 3586 56 34 sei.
1093 3588 42 31 So
1155 3587 92 34 hätte
1263 3600 33 21 er
1315 3588 53 33 ein
1387 3602 80 34 paar
1485 3589 72 33 Mal
1578 3589 56 34 das
1654 3593 147 32 Forum
1820 3591 109 35 malen
1945 3597 144 36 müssen,
2106 3593 46 34 als

1006 3651 32 20 er
1058 3638 123 35 einmal
1200 3640 202 47 notwendig
1421 3641 86 35 Geld
1527 3641 166 35 brauchte.

2771 572 51 32 13.
2849 560 67 44 Juli
2938 562 56 34 66.

2378 627 139 35 Böcklin
2538 629 59 34 hat
2616 641 70 21 nun
2705 628 52 34 die
2777 630 254 34 Lattichblätter
3050 632 134 46 gemalt,
3205 635 71 34 eine
3290 639 132 35 wunder-

2298 681 89 34 volle
2408 684 146 45 Gruppe,
2580 679 113 49 klagte
2713 681 86 45 aber,
2825 681 72 35 dafs
2923 696 34 21 er
2976 682 98 35 selbst
3093 685 61 33 mit
3173 686 132 35 starken
3324 690 119 37 Farben

2297 734 95 34 nicht
2418 733 56 35 das
2500 734 172 46 prächtige
2692 736 96 32 Grün
2811 734 138 35 erzielen
2968 734 126 37 könne.
3128 738 52 33 Sie
3199 739 86 34 seien
3304 740 52 34 bei
3373 743 69 36 ihm

2296 787 120 33 immer
2441 787 89 33 noch
2558 798 135 35 grauer,
2723 786 45 34 als
2797 787 52 33 die
2881 789 243 46 grünmoosige
3152 790 181 37 Felswand.
3378 798 63 33 Das

2295 839 182 33 Hindernis
2497 838 74 47 läge
2590 838 282 35 wahrscheinlich
2899 841 34 33 in
2960 839 77 35 dem
3055 841 297 48 violettgrauroten
3377 851 43 31 Ge-

2295 891 115 40 wand,
2442 890 107 34 neben
2575 891 76 33 dem
2675 890 53 34 die
2752 891 121 35 Blätter
2899 905 39 21 zu
2965 892 174 36 bräunlich
3167 896 196 36 erschienen.
3401 903 40 32 Er

2294 943 105 35 wolle
2420 942 76 34 aber
2512 946 77 43 jetzt
2610 941 64 35 auf
2689 943 53 34 die
2763 952 115 26 untere
2896 944 118 35 Hälfte
3043 945 55 35 der
3117 947 98 47 Figur
3234 949 94 34 mehr
3346 952 94 35 Licht

2293 994 103 35 fallen
2416 995 117 40 lassen,
2554 1008 36 20 so
2607 994 70 35 dafs
2697 1009 64 21 nur
2780 997 56 33 der
2855 996 97 35 obere
2970 997 73 34 Teil
3060 1001 219 33 Dämmerton
3300 1001 138 39 behalte.

2291 1048 121 33 Neben
2430 1049 160 33 reinerem
2604 1050 70 31 Rot
2690 1048 119 34 würde
2825 1048 87 35 dann
2929 1050 97 34 wohl
3046 1051 55 33 das
3117 1055 94 31 Grün
3227 1053 122 49 richtig
3362 1057 75 37 sein.

2370 1103 50 31 Da
2441 1100 52 34 die
2512 1100 134 40 Blätter,
2667 1100 145 35 obwohl
2827 1102 36 33 in
2881 1103 160 33 schönem
3057 1104 188 34 Verhältnis
3260 1119 55 21 zur
3331 1109 105 46 Figur,

2290 1152 107 34 ihrem
2425 1152 211 34 natürlichen
2664 1152 109 35 Mafse
2803 1154 87 34 nach
2913 1168 40 21 zu
2983 1154 91 35 klein
3097 1169 131 28 waren,
3258 1171 36 21 so
3323 1161 114 34 rückte

2290 1204 142 35 Böcklin
2453 1204 52 34 die
2523 1206 98 45 Figur
2640 1206 116 33 weiter
2775 1220 70 26 vor,
2865 1207 114 34 indem
2999 1220 32 21 er
3050 1209 45 33 sie
3111 1208 64 35 auf
3189 1211 89 33 einer
3292 1211 144 37 höheren

2289 1257 105 34 Platte
2429 1256 137 35 stehend
2601 1257 117 40 malte,
2754 1258 167 35 wodurch
2955 1272 32 21 er

2288 1309 95 34 mehr
2396 1312 113 31 Raum
2523 1307 56 36 für
2594 1309 64 34 den
2672 1310 151 35 hinteren
2834 1314 150 31 Wasser-

2286 1361 124 49 Spiegel
2425 1375 157 34 gewann.
2608 1364 117 33 Durch
2736 1363 110 34 diesen
2857 1363 109 48 gröfse-

2286 1427 58 21 rcn
2363 1413 151 35 Abstand
2535 1427 71 21 war
2625 1428 71 20 nun
2717 1416 86 33 auch
2829 1416 55 34 das
2905 1420 60 31 Ver-

2285 1467 123 34 hältnis
2434 1467 55 33 der
2514 1467 122 33 Blätter
2661 1480 56 21 zur
2742 1469 97 46 Figur
2862 1469 122 48 richtig

2284 1519 194 48 geworden.

2359 1673 198 42 Sonderbar,
2579 1675 72 35 dafs
2670 1677 70 33 sich
2759 1677 52 34 die
2833 1686 105 26 ersten
2955 1679 171 35 Oelbilder
3152 1681 110 45 Eyck
3281 1682 70 34 und
3370 1683 60 35 die

2280 1724 312 44 Altdeutschen,
2614 1730 87 33 auch
2721 1730 191 41 Holbein,
2933 1745 55 21 am
3008 1732 110 34 besten
3140 1733 155 47 gehalten
3314 1735 115 36 haben.

2279 1777 143 35 Böcklin
2450 1780 122 40 meint,
2600 1782 44 33 sie
2672 1782 116 34 hätten
2822 1791 62 26 erst
2913 1784 158 34 schwach
3104 1785 240 35 modellierend
3373 1801 38 21 an-

2279 1829 167 49 gefangen
2478 1832 70 34 und
2577 1832 90 35 dann
2698 1832 65 36 fast
2791 1848 64 21 nur
2888 1836 108 35 durch
3024 1839 144 33 Lasuren
3206 1838 56 34 das
3292 1839 72 34 Bild
3391 1854 38 20 zu

2279 1882 124 35 diesem
2423 1883 102 35 tiefen
2545 1885 143 35 Farbton
2707 1887 167 46 gebracht.

2747 1994 53 32 16.
2822 1992 65 44 Juli
2909 1994 57 33 66.

2356 2057 157 35 Böcklins
2530 2059 73 34 Bild
2619 2060 165 41 schreitet,
2800 2061 144 35 obwohl
2959 2076 32 21 er
3007 2062 105 35 durch
3125 2063 186 36 Krankheit
3326 2067 101 33 seiner

2276 2109 127 35 Kinder
2422 2111 73 34 sehr
2513 2112 171 47 gehemmt
2703 2114 100 41 wird,
2823 2115 125 34 schnell
2968 2119 174 32 vorwärts.

2353 2165 112 32 Heute
2489 2164 103 34 malte
2615 2178 32 21 er
2674 2166 52 33 die
2755 2165 204 36 feuchten
2978 2167 199 41 Streifen,
3209 2169 53 34 die
3290 2171 68 34 sich
3385 2185 41 21 an

2276 2213 56 35 der
2360 2215 172 35 Felswand
2563 2217 292 46 herunterziehen,
2885 2219 45 34 als
2960 2219 305 36 dunkelbräunlich
3293 2221 133 37 feuchte

2275 2265 152 42 Streifen,
2448 2269 36 33 in
2503 2269 98 34 deren
2619 2271 103 33 Mitte
2741 2271 54 34 die
2813 2270 233 49 frischgrünen
3066 2271 159 37 feuchten
3241 2274 162 36 Schlamm-

2274 2317 102 36 fäden
2407 2321 302 48 herunterhängen.
2751 2324 100 34 Auch
2884 2325 162 34 seitwärts
3078 2339 66 21 von
3178 2326 63 34 den
3276 2326 148 37 dunkeln

2274 2370 142 36 Streifen
2434 2373 42 33 ist
2495 2374 52 33 die
2568 2387 101 34 graue
2688 2375 118 35 Wand
2833 2377 61 33 mit
2921 2375 125 36 feinem
3071 2377 156 36 frischem
3248 2382 93 32 Grün
3368 2381 38 34 be-

2273 2422 124 36 kleidet
2410 2439 6 27 ;
2444 2427 72 33 eine
2540 2426 110 41 Farbe,
2675 2427 53 35 die
2753 2431 183 44 ungemein
2965 2429 102 35 frisch
3093 2431 71 34 und
3192 2432 131 34 reizend
3349 2446 55 21 aus-

2272 2476 96 40 sieht,
2385 2478 80 33 weil
2481 2479 51 33 die
2542 2477 158 37 feuchten
2715 2480 139 35 Streifen
2870 2495 57 21 aus
2939 2482 78 34 dürr
3028 2483 69 33 und
3108 2481 71 36 fahl
3191 2484 211 48 überhängen-

2272 2528 75 34 dem
2366 2537 224 40 graugrünem
2610 2535 81 31 Gras
2711 2533 242 41 herabfliefsen,
2973 2534 111 35 sodafs
3105 2536 63 40 die,
3193 2537 106 34 schon
3318 2537 103 35 durch

2272 2580 56 35 das
2357 2582 181 35 lasierende
2566 2587 136 32 Wasser
2731 2586 139 34 erhöhte
2897 2587 108 40 Farbe,
3038 2588 106 34 durch
3172 2589 62 33 den
3264 2592 158 32 Kontrast

2270 2635 91 32 noch
2380 2633 138 37 frischer
2538 2638 172 34 erscheint.

2347 2687 144 34 Böcklin
2523 2690 135 40 meinte,
2693 2703 33 21 er
2757 2695 109 30 müsse
2899 2704 72 21 nun
3004 2692 204 34 braunroten
3241 2693 89 35 Lack
3361 2707 39 21 an-

2269 2737 158 37 schaffen.
2467 2744 97 31 Denn
2584 2742 184 35 Lackfarbe
2789 2742 102 35 frisch
2913 2744 94 47 (aber
3025 2745 162 48 sparsam)
3205 2744 213 49 aufgetragen

2270 2791 42 46 (z.
2333 2793 35 33 B.
2399 2791 64 35 auf
2486 2794 63 33 den
2575 2793 159 36 feuchten
2759 2794 172 49 Streifen),
2963 2797 58 34 hat
3046 2798 35 32 in
3112 2798 56 33 der
3193 2798 226 48 Erscheinung

2267 2852 76 25 stets
2363 2852 104 28 etwas
2488 2848 181 45 ungemein
2688 2850 132 38 Nasses,
2841 2862 71 21 was
2931 2850 54 33 nie
3004 2850 255 35 verschwindet.

2736 2965 53 33 ip.
2808 2953 66 44 Juli
2895 2955 58 32 66.

2344 3020 57 32 Bei
2421 3020 217 47 Gelegenheit
2665 3022 54 34 des
2745 3021 226 42 Huflattichs,
3003 3023 111 35 dessen
3135 3024 121 35 Blätter
3275 3024 140 35 Böcklin

2265 3071 74 33 sehr
2358 3072 105 34 schön
2481 3073 36 33 in
2542 3073 55 34 der
2617 3075 93 32 Linie
2734 3076 170 46 gruppiert
2927 3076 69 40 hat,
3022 3075 143 35 äufserte
3185 3077 154 36 Böcklin:
3359 3080 54 32 Bei

2262 3122 88 46 jeder
2370 3125 103 41 Linie,
2495 3125 52 35 die
2566 3139 80 21 man
2661 3127 94 39 malt,
2777 3132 107 29 müsse
2898 3141 80 21 man
2992 3128 151 47 zugleich
3159 3142 42 21 an
3216 3130 52 33 die
3283 3134 110 43 Gegen-

2264 3174 80 35 linie
2364 3177 69 33 und
2454 3177 53 34 die
2527 3179 275 47 Gegenrichtung
2822 3179 140 36 denken.

2342 3229 143 35 Böcklin
2501 3231 102 33 malte
2617 3231 64 34 den
2697 3232 181 47 Vorgrund
2892 3233 107 33 rechts
3015 3241 115 27 unten.
3149 3234 261 47 Untermalung:

2263 3293 178 34 mausgrau
2462 3283 46 47 (d.
2533 3284 48 34 h.:
2601 3285 252 40 Kernschwarz,
2869 3284 113 35 Weifs
3002 3285 68 34 und
3092 3295 102 25 etwas
3211 3287 111 46 Grün)
3343 3287 68 33 und

2263 3332 266 49 weifslichgrau,
2557 3336 91 34 dann
2669 3336 163 48 überging
2852 3351 33 20 er
2904 3337 52 34 die
2975 3351 125 34 grauen
3120 3339 121 33 Stellen
3260 3339 150 34 ziemlich

2262 3398 108 21 warm
2397 3386 286 50 (bräunlichgelb)
2714 3390 68 32 und
2808 3389 165 35 nachdem
2999 3391 67 33 dies
3093 3400 103 26 etwas
3224 3405 187 33 angezogen

2260 3438 104 40 hatte,
2384 3440 64 33 mit
2474 3441 108 34 einem
2609 3441 159 34 lichteren
2794 3455 157 33 graueren
2977 3445 77 31 Ton
3079 3443 73 47 (das
3180 3446 101 31 Moos
3307 3443 104 35 damit

2262 3498 102 26 etwas
2384 3492 198 47 zeichnend)
2609 3494 69 33 und
2702 3494 102 34 malte
2828 3495 109 46 einige
2956 3495 151 34 Pflanzen
3132 3497 127 40 hinein,
3288 3496 51 34 die
3363 3496 47 33 im

2260 3544 103 32 Moos
2391 3546 169 33 wachsen.
2604 3549 43 30 So
2676 3546 51 34 bei
2756 3547 35 46 a)
2822 3547 84 48 (vgl.
2932 3547 53 34 die
3009 3547 111 35 Skizze
3145 3548 165 47 nebenan)
3337 3551 71 44 jene

2259 3593 189 37 feuerroten
2476 3597 186 41 Blättchen,
2696 3598 52 35 die
2780 3612 77 21 man
2890 3613 41 21 an
2965 3600 95 34 ihren
3093 3599 160 36 feuchten
3281 3601 127 34 Plätzen

2259 3649 218 45 gewöhnlich
2502 3649 55 35 für
2580 3650 139 35 Blumen
2742 3651 87 42 hält,
2850 3652 89 34 dann
2960 3651 36 48 b)
3025 3653 53 34 die
3102 3652 306 48 plattwachsenden
