2557 4338
747 263 167 32 REVUE
951 265 64 30 DE
1053 266 59 30 LA
1148 267 272 36 QUINZAINE

2038 275 51 44 33

1917 4006 21 38 3

76 488 122 30 nous
225 476 13 41 1
256 475 226 58 imposer.
513 480 37 41 Il
578 489 69 34 est
686 482 99 43 vrai
811 497 90 43 que
928 482 41 44 le
1002 484 164 56 public
1200 485 56 44 de
1296 486 44 43 la
1366 487 185 43 Société
1573 488 428 58 Philharmonique
2023 499 72 34 est

77 540 407 45 essentiellement
531 546 318 57 cosmopolite
871 561 9 38 ;
924 548 193 57 lorsque
1160 549 96 42 l'on
1293 551 211 44 acclame
1541 551 308 58 l'interprète,
1888 553 114 43 c'est
2034 567 60 29 en

71 602 237 56 plusieurs
334 604 214 58 langues,
569 609 117 43 mais
714 610 113 43 c'est
851 620 189 35 surtout
1071 627 58 29 en
1155 613 256 46 allemand.
1440 616 37 41 Il
1505 616 183 43 semble
1718 617 125 42 donc
1888 631 90 43 que
2013 631 80 29 ces

73 676 219 34 concerts
317 668 289 46 s'adressent
632 672 24 42 à
680 687 65 28 un
770 675 165 54 public
962 676 235 55 restreint,
1218 692 125 28 venu
1369 678 44 43 là
1437 694 123 41 pour
1585 680 196 43 écouter
1800 680 46 43 la
1869 680 223 57 musique

73 728 111 56 qu'il
204 730 139 46 aime,
370 734 269 52 Toutefois,
667 749 58 28 en
743 737 162 42 raison
932 739 82 42 des
1039 740 235 43 virtuoses
1301 741 81 55 qui
1410 744 68 55 s'y
1497 742 104 44 font
1619 744 246 54 entendre,
1895 753 45 35 et
1961 744 131 43 aussi

73 805 58 29 en
155 802 101 34 tant
282 809 92 41 que
400 796 358 44 manifestation
778 800 57 42 de
858 801 44 41 la
923 802 74 41 vie
1020 802 229 44 musicale
1276 804 25 42 à
1329 805 148 54 Paris,
1498 807 146 43 l'effet
1666 808 152 42 moral
1841 817 72 33 est
1939 809 121 43 beau-

73 868 124 43 coup
221 857 108 56 plus
356 859 351 45 considérable.
736 862 127 43 C'est
886 865 242 55 pourquoi
1172 866 32 41 il
1252 868 228 43 convient
1525 871 58 41 de
1626 871 155 56 réagir
1825 881 165 34 contre
2033 873 57 42 de

72 918 223 56 pareilles
320 921 280 43 tendances.

129 982 242 55 Quelques
398 992 125 33 mots
550 998 83 28 sur
648 986 67 42 les
741 987 124 42 deux
885 989 214 43 derniers
1127 1000 238 35 concerts.
1392 994 73 41 Au
1493 995 148 42 début
1667 997 57 41 de
1758 997 44 42 la
1826 998 265 55 quatrième

73 1044 185 52 séance,
289 1045 105 40 Mme
428 1047 181 42 Jeanne
657 1047 129 52 Diot,
833 1050 260 44 violoniste
1142 1068 58 28 au
1246 1055 151 42 talent
1420 1057 95 41 très
1552 1057 282 56 honorable,
1862 1075 48 28 se
1936 1061 52 42 fit
2015 1077 53 27 en-

71 1107 165 42 tendre
262 1107 118 43 dans
421 1122 93 29 une
557 1111 172 43 Sonate
762 1125 52 28 en
842 1113 48 42 ré
924 1115 186 56 majeur
1153 1117 63 41 du
1242 1117 142 43 vieux
1427 1119 167 43 maître
1620 1120 167 44 italien
1821 1123 270 57 Arcangelo

74 1169 177 43 Corelli
279 1171 224 55 (seconde
551 1173 164 43 moitié
755 1176 63 41 du
850 1187 116 32 xvn®
1011 1177 182 57 siècle,)
1239 1189 43 34 et
1325 1181 118 43 dans
1476 1183 205 44 Prélude
1708 1193 46 35 et
1764 1186 155 58 fugue
1940 1200 55 28 en
2020 1185 73 44 sol

73 1233 184 42 mineur
282 1235 56 42 de
367 1235 143 42 Bach.
533 1235 151 56 Après
711 1237 89 43 elle
828 1238 42 42 le
893 1240 62 41 Dr
979 1242 222 43 Wullner
1305 1257 113 30 avec
1440 1245 154 44 douze
1628 1247 121 42 lieds
1776 1249 238 55 germains

70 1309 123 30 nous
220 1306 158 33 satura
404 1298 57 42 de
488 1313 22 26 «
543 1298 118 43 fleur
699 1300 140 43 bleue
883 1316 23 28 »
950 1311 46 34 et
1039 1313 157 34 autres
1238 1306 247 56 puérilités
1526 1310 222 43 désuètes
1780 1312 83 42 des
1909 1313 184 43 vieilles

71 1358 225 57 légendes
323 1360 309 45 allemandes.
657 1364 65 42 Ce
749 1365 248 54 chanteur,
1022 1381 112 29 avec
1158 1366 96 45 très
1278 1383 94 41 peu
1406 1371 56 42 de
1487 1371 127 52 voix,
1641 1374 150 42 arrive
1826 1375 25 41 à
1871 1389 95 29 une
1989 1390 105 29 rare

70 1422 255 56 puissance
351 1424 328 56 d'expression
705 1445 10 33 ;
743 1440 84 43 par
852 1442 53 29 ce
933 1430 107 42 côté
1074 1430 32 42 il
1131 1440 69 34 est
1232 1433 347 44 extrêmement
1620 1435 302 47 intéressant.
1969 1438 123 44 Mais

72 1499 93 42 que
205 1499 51 28 sa
280 1486 228 57 mimique
550 1497 69 34 est
659 1490 126 42 donc
812 1503 228 44 agaçante
1068 1510 10 26 :
1104 1508 126 42 yeux
1258 1495 193 56 fermés,
1486 1498 174 57 poings
1699 1500 197 56 crispés,
1922 1511 105 34 tout
2050 1502 44 43 le

73 1562 136 43 corps
237 1549 78 56 qui
338 1550 160 43 frémit
520 1560 44 34 et
590 1565 47 29 se
664 1562 246 35 contracte
959 1555 428 46 ridiculeusement
1416 1560 9 42 !
1462 1561 37 41 Il
1533 1571 71 33 est
1645 1562 312 44 malheureux
1999 1579 94 41 que

71 1612 96 41 lon
193 1612 180 43 admire
397 1626 173 31 encore
601 1628 65 29 un
688 1616 65 43 tel
786 1618 301 57 cabotinage.
1136 1621 130 42 Pour
1305 1622 96 43 moi
1427 1623 111 57 (que
1578 1625 278 44 l'Ouvreuse
1884 1641 73 28 me
1990 1642 78 41 par-

75 1675 158 42 donne
259 1684 122 34 cette
429 1675 249 45 incursion
725 1680 119 42 dans
889 1695 75 29 ses
997 1684 396 57 plates-bandes),
1435 1687 40 56 je
1501 1701 59 29 ne
1599 1691 414 42 recommanderai
2039 1705 54 29 ce

78 1751 23 29 «
134 1738 219 43 Wullner
397 1739 108 42 herr
543 1758 22 21 »
614 1742 25 42 à
678 1756 260 43 personne,
988 1746 187 44 malade
1220 1762 63 28 ou
1334 1748 112 44 bien
1485 1760 210 46 portant.
1747 1754 146 42 Entre
1936 1763 157 48 temps

74 1801 71 41 M.
177 1800 180 56 Joseph
381 1802 242 52 Slivinski,
653 1818 59 28 au
733 1805 164 56 piano,
920 1807 52 42 fît
997 1809 253 56 applaudir
1275 1812 118 42 dans
1431 1812 210 46 diverses
1665 1828 188 31 œuvres
1880 1818 57 41 de
1965 1817 96 43 Cho-

70 1861 87 57 pin
181 1877 65 28 un
272 1864 78 55 jeu
376 1865 192 43 brillant
590 1875 45 34 et
661 1870 249 53 expressif.

129 1926 35 41 C
185 1934 70 34 est
272 1926 41 43 le
339 1943 19 23 «
380 1929 216 50 Quatuor
623 1931 56 41 de
708 1932 167 42 Paris»
955 1934 121 45 MM.
1104 1936 176 57 Hayot,
1307 1938 177 54 André,
1511 1940 220 59 Denayer
1750 1952 45 33 et
1815 1944 200 42 Salmon

73 1988 80 56 qui
181 1989 184 55 opérait
387 1990 24 42 à
436 1991 44 42 la
506 1992 171 44 séance
703 1994 63 42 du
798 2009 50 41 19
885 1997 255 45 décembre
1166 2018 10 32 ;
1213 2002 245 43 ensemble
1503 2004 57 42 de
1585 2012 107 37 tout
1715 2007 210 55 premier
1950 2009 141 42 ordre

73 2061 45 33 et
141 2053 29 41 d
189 2052 192 43 ailleurs
407 2063 106 47 trop
541 2070 161 29 connu
744 2072 124 42 pour
892 2074 93 42 que
1015 2062 44 56 je
1105 2065 236 42 m'etende
1374 2079 81 28 sur
1490 2066 45 42 la
1559 2068 94 42 très
1684 2069 124 43 belle
1835 2071 258 42 exécution

73 2114 137 57 qu'ils
233 2129 122 30 nous
381 2117 269 45 donnèrent
668 2120 63 43 du
760 2123 218 53 Quatuor
1007 2138 54 29 en
1088 2126 72 42 sol
1187 2128 185 55 majeur
1397 2129 57 42 de
1486 2130 175 56 Haydn
1689 2141 45 33 et
1777 2133 64 43 du
1865 2137 47 39 X
1914 2141 15 18 e
1963 2136 96 53 Qua-

73 2186 104 34 tuor
202 2178 57 43 de
289 2180 292 45 Beethoven.
605 2184 65 42 Ce
699 2194 110 33 sont
835 2186 57 42 de
919 2188 143 54 vrais,
1091 2189 56 42 de
1187 2192 177 54 grands
1391 2192 205 57 artistes,
1633 2204 46 34 et
1714 2196 69 43 les
1818 2198 190 56 rappels
2032 2212 60 30 ne

73 2241 101 41 leur
200 2250 83 34 ont
326 2256 85 42 pas
452 2244 70 42 été
565 2248 244 55 ménagés.
842 2249 40 42 A
931 2252 106 41 coté
1081 2252 158 56 d'eux,
1280 2254 120 44 dans
1437 2256 42 42 le
1521 2258 236 54 Quintette
1783 2261 58 41 de
1870 2261 220 52 Brahms,

75 2304 64 41 M.
170 2305 202 42 Ernesto
401 2306 215 45 Consolo
644 2310 90 42 tint
755 2311 42 42 le
824 2311 143 56 piano
993 2315 428 56 magistralement.
1456 2320 65 42 Ce
1562 2322 154 42 même
1751 2324 161 42 artiste
1938 2325 155 42 s'était

73 2367 63 42 du
155 2376 122 34 reste
304 2367 84 44 fait
411 2371 234 43 acclamer
676 2374 410 55 précédemment,
1111 2392 58 29 en
1193 2380 169 55 jouant
1388 2382 103 42 seul
1524 2383 45 42 la
1597 2386 205 55 superbe
1841 2388 252 42 Fantaisie

73 2442 52 28 en
153 2429 44 43 fa
224 2444 187 29 mineur
442 2434 56 40 de
538 2435 208 56 Chopin.
788 2438 51 42 Je
880 2438 280 45 formulerai
1186 2442 61 42 ici
1276 2456 94 30 une
1396 2444 156 57 légère
1586 2448 189 43 réserve
1798 2463 58 28 au
1890 2451 125 54 sujet
2035 2451 59 42 de

73 2491 285 45 l'exécution
380 2495 56 43 de
457 2505 122 35 cette
604 2511 162 31 œuvre
788 2514 124 41 pour
929 2501 209 56 laquelle
1164 2505 192 56 j'aurais
1380 2507 138 52 aimé,
1540 2522 58 30 en
1625 2512 205 43 certains
1858 2514 233 52 endroits,

72 2568 65 27 un
164 2569 92 42 peu
287 2557 108 55 plus
432 2559 29 41 d
479 2560 246 44 abandon.
762 2564 162 52 Quant
947 2578 25 28 a
1006 2566 66 43 M.
1105 2567 160 54 Clark,
1289 2583 51 28 sa
1364 2571 111 42 voix
1496 2573 58 42 de
1574 2574 220 57 baryton,
1825 2576 266 56 généreuse

74 2627 46 32 et
144 2617 110 42 bien
281 2620 242 50 conduite,
551 2623 66 42 lui
638 2625 131 43 valut
794 2640 64 28 un
882 2628 167 43 succès
1075 2630 185 44 mérité.

131 2681 34 40 C
187 2690 70 32 est
282 2696 92 28 une
398 2683 94 43 très
520 2685 122 43 belle
669 2698 187 33 cantate
882 2705 92 40 que
1001 2693 119 42 celle
1145 2708 123 42 pour
1293 2696 42 42 le
1360 2696 246 45 troisième
1649 2701 255 44 dimanche
1952 2703 137 57 après

74 2742 13 40 1
108 2741 267 57 Epiphanie
400 2762 9 26 :
435 2750 122 40 Uieu
562 2782 12 17 9
583 2750 106 58 fais
713 2752 55 41 de
793 2754 96 41 moi
913 2768 48 27 ce
982 2768 84 43 que
1085 2765 46 32 tu
1151 2771 114 29 veux
1272 2792 10 9 .
1312 2760 89 42 Les
1421 2763 312 55 proportions
1759 2766 334 44 relativement

75 2815 189 33 courtes
312 2808 56 41 de
393 2818 120 35 cette
557 2825 179 39 œuvre,
760 2828 92 42 que
878 2816 44 42 la
962 2819 185 43 Société
1172 2822 109 43 J.-S.
1311 2824 124 43 Bach
1468 2839 122 29 nous
1616 2826 156 45 faisait
1809 2831 230 42 entendre
2066 2830 26 43 à

74 2882 88 27 son
184 2871 179 41 second
386 2883 192 32 concert
603 2875 309 54 d'orchestre,
929 2894 72 28 me
1016 2883 262 53 permirent
1303 2886 104 42 d'en
1423 2887 196 44 écouter
1639 2890 45 42 la
1702 2891 66 42 fin
1792 2906 112 29 avec
1926 2903 167 33 autant

75 2931 57 40 de
394 2947 91 41 que
536 2936 43 41 le
621 2950 430 37 commencement.
1096 2946 41 39 A
1170 2946 224 55 signaler,
1429 2950 118 42 dans
1585 2952 43 42 la
1661 2953 217 44 dernière
1921 2956 168 55 partie,

74 3006 65 28 un
184 2993 100 56 glas
329 2995 110 42 d'un
486 2996 110 44 effet
637 3000 424 56 impressionnant.
1120 3008 119 42 Très
1287 3010 111 42 bien
1446 3013 200 43 chantée
1694 3030 84 40 par
1812 3018 98 40 Mlle
1952 3020 138 42 Anne

73 3055 106 41 Vila
219 3065 45 32 et
305 3058 121 43 MM.
474 3060 306 45 Plamondon
819 3074 45 33 et
900 3067 144 43 Louis
1075 3070 284 56 Bourgeois,
1400 3084 119 33 cette
1546 3086 185 34 cantate
1756 3077 72 44 fut
1851 3080 92 43 fort
1978 3082 113 42 bien

75 3118 266 47 accueillie.

131 3183 62 40 Le
213 3182 205 55 premier
447 3185 230 45 Concerto
725 3190 432 61 brandebourgeois
1162 3230 11 21 ,
1208 3197 116 43 écrit
1348 3213 122 42 pour
1493 3201 165 44 violon
1682 3204 254 59 principal,
1964 3208 127 43 deux

74 3256 124 40 cors,
231 3244 117 43 trois
375 3247 243 54 hautbois,
645 3252 178 43 basson
850 3264 45 33 et
922 3258 266 56 orchestre,
1216 3274 57 29 ne
1300 3261 70 43 fut
1394 3277 83 42 pas
1514 3267 158 42 moins
1700 3270 243 55 applaudi.
1975 3272 116 42 Cela

75 3317 49 30 se
150 3317 144 44 meut,
320 3310 202 54 grouille
557 3323 45 32 et
625 3314 66 43 vit
716 3316 56 43 de
799 3317 141 55 façon
974 3321 182 55 parfois
1184 3323 37 42 si
1247 3324 185 45 intense
1474 3342 91 43 que
1610 3329 322 47 l'instrument
1954 3335 108 55 prin-

74 3382 105 41 cipe
222 3384 58 28 ne
301 3373 217 53 parvient
541 3389 84 42 pas
652 3378 25 41 à
704 3392 47 29 se
778 3380 116 43 faire
921 3385 248 44 entendre.
1200 3388 281 53 L'andante,
1529 3393 390 55 heureusement,
1964 3411 125 30 nous

74 3433 141 41 laissa
238 3435 244 55 apprécier
524 3439 42 42 le
598 3441 150 42 talent
793 3444 65 41 du
903 3445 184 56 soliste,
1136 3450 82 55 qui
1263 3451 162 44 n'était
1463 3464 133 34 autre
1631 3471 91 41 que
1771 3459 66 41 M.
1874 3460 214 54 Georges

77 3495 205 51 Enesco,
316 3498 116 42 dont
456 3514 61 28 on
551 3504 196 42 connaît
789 3505 45 42 la
879 3508 185 45 valeur.
1117 3512 68 42 Le
1213 3513 159 43 Choix
1397 3516 256 45 d'Hercule
1696 3537 21 20 «
1745 3521 216 44 dramma
2004 3538 85 42 per

75 3570 182 29 musica
284 3573 40 39 »,
352 3575 89 28 ma
463 3577 119 41 paru
605 3580 67 28 un
714 3581 93 41 peu
854 3570 132 57 long.
1023 3573 53 42 Je
1099 3588 74 28 me
1202 3579 299 41 contenterai
1541 3581 58 42 de
1621 3581 117 43 citer
1772 3584 108 42 Mme
1900 3586 189 44 Marthe

78 3619 206 57 Philipp,
322 3623 209 45 Hercule
568 3628 112 42 bien
720 3630 247 58 chantant,
1009 3636 124 41 ainsi
1176 3638 63 41 du
1263 3648 123 35 reste
1427 3655 90 42 que
1551 3644 99 40 Mlle
1672 3646 139 44 Anne
1837 3648 108 44 Vila
2044 3651 47 44 la

74 3681 225 57 Volupté,
324 3688 136 43 —M.
477 3688 306 49 Plamondon
807 3695 119 44 —la
962 3697 320 56 Vertu,—M.
1310 3702 148 45 Louis
1475 3705 268 58 Bourgeois
1773 3735 50 8 -
1848 3712 238 46 Mercure.

77 3806 177 22 KAmkU
407 3811 9 17 1
529 3813 14 6 -
578 3814 9 8 .
1034 3772 131 32 mant
1170 3797 9 9 -
1221 3763 29 41 l-
1250 3770 102 36 )lral

1358 3767 67 52 -je
1467 3781 90 43 que
1599 3770 69 43 les
1705 3772 193 46 chœurs
1940 3777 151 45 m'ont

77 3810 179 38 semble
310 3811 305 58 quelquefois
656 3831 231 44 manquer
944 3823 57 42 de
1049 3824 234 45 cohésion
1305 3827 17 44 ?
1369 3829 122 43 Mais
1534 3832 279 48 l'orchestre
1879 3853 113 30 sous
2044 3841 44 43 la

111 3879 186 44 aguette
320 3872 58 42 de
404 3874 65 43 M.
494 3877 206 46 Gustave
736 3883 127 55 Bret,
888 3883 71 45 fut
985 3899 58 29 en
1066 3888 193 54 général
1282 3890 348 50 suffisamment
1651 3900 169 56 souple
1844 3911 46 34 et
1912 3902 175 47 docile.

199 3971 46 26 LE
273 3973 186 30 MERCURE
486 3979 166 29 MUSICAL
