2557 4338
930 311 57 30 LE
1022 307 239 33 MERCURE
1295 303 221 35 MUSICAL
1650 284 155 47 l-I-OÔ

378 315 58 43 44

380 519 81 57 qui
484 519 67 43 les
564 518 115 43 rend
692 531 121 41 pour
832 528 64 28 un
916 520 212 35 moment
1158 511 165 55 égaux.
1360 510 64 41 Le
1448 506 236 45 caractère
1705 506 58 42 de
1808 504 272 43 sociabilité
2106 504 60 42 lié
2202 503 25 43 à
2263 510 123 35 cette

380 583 209 43 émotion
612 579 236 57 engendre
871 590 59 28 au
959 575 106 56 plus
1091 574 113 42 haut
1225 571 139 57 point
1387 585 52 28 ce
1465 584 91 42 que
1577 570 170 55 Guyau
1772 567 187 56 appelle
1990 566 298 59 la-synergie
2315 579 48 29 so-

381 644 115 43 ciale
518 658 9 38 ;
555 652 44 33 et
622 642 41 42 le
686 640 161 43 milieu
871 638 118 42 dans
1015 636 158 56 lequel
1199 635 89 42 elle
1328 647 50 28 se
1404 631 308 44 manifestera
1751 630 226 43 s'élèvera
2018 630 217 43 d'autant
2273 628 113 57 plus

380 720 90 42 que
493 706 43 42 la
561 703 216 55 musique
796 699 80 56 qui
894 699 43 42 la
961 697 196 57 produit
1180 711 104 28 sera
1313 694 392 44 transcendante.

435 768 122 41 C'est
582 778 50 29 ce
672 763 142 56 qu'un
852 759 229 45 mondain
1124 768 46 34 et
1214 767 185 34 surtout
1439 771 94 29 une
1591 755 258 44 mondaine
1899 769 58 30 ne
2004 755 382 56 comprendront

377 828 180 58 jamais,
580 837 45 33 et
644 826 110 42 c'est
773 824 239 57 peut-être
1036 837 123 43 pour
1180 823 103 43 cela
1304 821 128 44 aussi
1455 820 140 57 qu'ils
1623 819 307 56 fréquentent
1959 819 37 42 si
2022 818 265 44 volontiers
2315 818 70 43 les

378 890 131 43 villes
536 889 54 42 de
613 887 160 44 saison
801 886 64 42 où
885 885 97 42 l'on
1007 899 50 29 se
1082 885 143 56 garde
1252 885 112 42 bien
1388 885 58 42 de
1478 880 264 46 contrarier
1779 881 128 43 leurs
1942 880 311 43 inclinations
2277 894 10 30 :
2316 880 69 42 les

378 951 184 44 affaires
589 960 109 33 sont
735 950 68 42 les
828 947 202 45 affaires.
1068 948 70 42 De
1175 947 44 43 là
1257 946 249 44 l'éclosion
1553 959 123 43 pour
1712 953 122 35 cette
1882 945 130 43 foule
2046 943 151 43 oisive
2244 943 142 43 d'une

376 1014 256 44 littérature
654 1012 245 51 malsaine,
913 1011 110 43 d'un
1046 1021 70 33 art
1140 1025 110 29 sans
1272 1011 143 50 idéal,
1436 1018 46 35 et
1496 1009 145 44 d'une
1662 1007 223 57 musique
1907 1007 201 52 brutale,
2128 1006 258 58 grossière,

378 1075 80 59 qui
482 1077 221 56 n'adopte
721 1088 84 43 pas
827 1075 42 42 le
894 1074 217 43 réalisme
1133 1087 84 43 par
1241 1073 275 43 conviction
1539 1082 46 33 et
1600 1072 69 41 les
1688 1070 185 43 vieilles
1897 1070 234 42 formules
2145 1083 86 43 par
2254 1068 106 57 prin-

378 1139 120 56 cipe,
528 1138 114 43 mais
672 1152 85 41 par
780 1136 188 44 intérêt.
997 1138 90 40 Car
1111 1135 32 42 il
1170 1149 58 29 ne
1253 1135 99 43 faut
1373 1149 84 43 pas
1483 1149 48 29 se
1572 1135 43 42 le
1643 1133 292 50 dissimuler,
1965 1141 45 35 et
2056 1133 98 41 l'on
2197 1145 60 28 ne
2287 1131 99 42 s'en

378 1201 143 42 cache
546 1200 151 42 même
720 1211 103 43 pas,
857 1211 60 29 on
946 1211 57 29 ne
1039 1197 84 43 fait
1142 1197 105 56 plus
1274 1199 81 40 des
1393 1197 168 56 opéras
1587 1210 92 42 que
1726 1197 119 42 dans
1888 1196 42 42 le
1972 1195 85 43 but
2107 1193 188 58 unique
2325 1193 61 44 de

380 1276 174 43 gagner
578 1262 56 42 de
658 1261 194 56 l'argent
875 1273 10 40 ;
928 1268 46 35 et
1002 1273 62 28 on
1106 1273 58 30 en
1190 1273 228 42 compose
1440 1260 43 43 le
1519 1260 109 55 plus
1650 1260 215 55 possible
1902 1272 80 29 sur
2022 1258 82 43 des
2139 1260 149 54 sujets
2327 1256 58 44 de

380 1324 285 49 feuilletons,
697 1322 208 56 agissant
926 1331 185 33 surtout
1137 1336 78 28 sur
1238 1322 69 42 les
1332 1322 127 43 nerfs
1507 1331 61 40 et,
1609 1334 86 44 par
1721 1320 139 51 suite,
1905 1320 112 42 d'un
2043 1319 111 43 effet
2186 1318 198 44 certain.

382 1388 66 40 La
472 1384 329 44 marchandise
824 1384 119 42 ainsi
965 1384 246 56 fabriquée
1227 1394 71 33 est
1317 1385 113 42 d'un
1455 1385 304 42 écoulement
1784 1384 156 44 facile.
1965 1385 130 41 Dans
2119 1397 81 29 ces
2219 1383 140 43 condi-

377 1447 142 51 tions,
560 1447 82 42 des
684 1446 257 42 musiciens
982 1459 184 29 comme
1190 1447 223 56 Wagner,
1462 1447 146 42 César
1655 1446 203 51 Franck,
1904 1446 185 56 d'lndy,
2141 1447 243 54 Bruneau,

383 1511 230 56 Debussy,
640 1508 80 58 qui
762 1517 82 33 ont
869 1522 58 30 eu
970 1508 45 42 la
1041 1511 183 41 naïveté
1264 1510 55 42 de
1357 1510 251 56 s'imposer
1633 1524 66 28 un
1725 1508 140 55 idéal,
1912 1517 111 35 sont
2065 1510 84 43 des
2178 1510 207 56 gêneurs

378 1574 286 54 dangereux,
705 1581 44 33 et
795 1585 61 28 on
881 1571 68 43 les
984 1572 154 42 écarte
1173 1585 113 30 avec
1327 1571 297 57 précaution.
1666 1571 334 44 L'ésotérisme
2027 1572 19 43 ?
2069 1571 223 44 fantaisie
2328 1573 58 42 de

380 1634 265 56 maniaque.
676 1635 66 41 La
762 1633 216 57 synergie
1006 1633 213 43 sociale?
1236 1648 62 28 on
1321 1633 240 43 s'enfiche
2046 1644 46 33 et
2106 1634 138 57 après
2260 1648 125 29 nous

378 1698 42 42 le
452 1696 193 56 déluge!
691 1696 65 42 Ce
794 1698 118 39 n'est
964 1696 124 41 donc
1121 1709 84 43 pas
1248 1710 51 28 sa
1340 1695 284 43 nationalité
1664 1696 48 42 ni
1752 1698 154 43 même
1948 1698 309 43 absolument
2293 1712 91 29 son

378 1757 216 44 réalisme
620 1771 90 42 que
749 1771 122 28 nous
896 1757 296 56 reprochons
1223 1760 24 39 à
1271 1759 167 42 l'école
1467 1757 226 45 italienne
1719 1760 223 53 actuelle,
1990 1760 119 43 mais
2159 1760 110 43 bien
2307 1774 79 30 ses

377 1822 258 41 tendances
660 1820 374 43 réactionnaires
1072 1820 283 43 intéressées
1397 1830 44 34 et
1465 1835 89 28 son
1587 1822 270 57 esthétique
1897 1836 109 29 sans
2051 1823 239 44 élévation
2334 1825 51 42 ni

381 1883 195 43 morale.
607 1883 57 41 Et
682 1882 201 54 j'accuse
910 1896 117 28 ceux
1051 1882 97 56 qui,
1177 1882 315 57 susceptibles
1518 1883 57 43 de
1594 1883 249 56 réflexion,
1867 1886 287 42 néanmoins
2166 1886 192 44 l'encou-

380 1954 175 46 ragent,
582 1944 143 42 d'être
754 1944 123 43 leurs
903 1944 259 57 complices
1186 1958 10 38 ;
1224 1959 64 30 ou
1322 1945 109 44 bien
1458 1947 95 42 s'ils
1578 1947 210 57 pèchent
1810 1962 87 43 par
1935 1948 277 57 ignorance,
2249 1949 128 45 alors

378 2008 136 54 qu'ils
538 2006 331 45 s'instruisent.

434 2070 128 40 Pour
590 2081 93 29 une
717 2081 160 31 œuvre
904 2069 57 41 de
994 2067 177 45 charité
1205 2070 262 56 entreprise
1493 2084 85 43 par
1617 2072 41 44 le
1694 2074 191 55 journal
1928 2074 124 43 local
2099 2075 177 57 auquel
2301 2075 76 57 j'ai

377 2132 104 56 déjà
512 2131 82 43 fait
634 2131 221 54 allusion,
900 2145 94 29 une
1039 2133 376 55 représentation
1454 2136 375 44 extraordinaire
1867 2151 26 29 a
1938 2138 74 42 été
2045 2138 213 45 décidée.
2300 2140 77 42 On

377 2193 150 43 aurait
549 2207 64 43 pu
636 2193 153 56 parmi
813 2193 67 43 les
904 2194 166 56 opéras
1097 2194 194 43 anciens
1314 2209 64 28 ou
1401 2198 254 43 modernes
1680 2212 60 29 en
1761 2199 179 44 choisir
1970 2215 67 28 un
2080 2211 186 34 sortant
2310 2215 67 30 un

376 2269 94 42 peu
491 2255 56 43 de
566 2255 271 43 l'ordinaire
862 2264 45 34 et
928 2255 193 57 profiter
1145 2258 58 42 de
1227 2258 255 44 l'occasion
1504 2273 123 43 pour
1652 2276 50 29 se
1723 2262 281 57 distinguer.
2031 2264 76 42 Ah
2132 2264 111 43 bien
2262 2264 82 43 oui
2365 2268 8 41 !

377 2317 75 42 On
476 2330 27 29 a
526 2330 171 29 encore
720 2317 164 56 pleuré
910 2317 169 58 auprès
1105 2320 58 42 de
1186 2321 61 41 M.
1279 2320 204 57 Heugel,
1510 2323 185 43 éditeur
1721 2324 58 42 de
1798 2325 276 43 Cavalleria
2097 2328 279 52 Rusticana,

377 2380 80 56 qui
479 2380 108 42 s'est
603 2380 139 42 laissé
764 2380 229 43 attendrir
1011 2394 123 43 pour
1150 2390 121 34 cette
1297 2381 109 56 fois,
1422 2392 46 35 et
1483 2385 115 43 c'est
1620 2385 392 58 l'incomparable
2033 2389 344 44 chef-d'œuvre

377 2442 62 42 du
461 2446 203 39 maëstro
698 2442 245 57 Mascagni
961 2444 80 55 qui
1067 2457 103 29 sera
1200 2446 288 54 représenté.
1524 2448 63 42 Ils
1625 2448 159 43 feront
1825 2450 278 45 réellement
2125 2466 163 31 œuvre
2318 2453 59 44 de

376 2504 175 43 charité
576 2518 120 29 ceux
743 2505 80 56 qui
865 2505 255 45 viendront
1171 2509 227 43 entendre
1424 2509 121 45 ainsi
1591 2512 102 43 l'air
1717 2512 193 44 fameux
1942 2527 11 28 :
2003 2531 21 26 «

375 2566 184 44 tabac...
594 2583 41 25 ».
674 2568 129 40 Pour
825 2566 253 44 continuer
1112 2578 46 33 et
1182 2569 155 43 varier
1375 2580 121 35 cette
1531 2574 401 57 représentation,
1977 2590 62 30 on
2081 2592 27 28 a
2147 2579 160 56 ajouté
2333 2579 44 43 le

377 2643 27 27 2
411 2640 17 22 e
470 2637 100 33 acte
606 2629 56 43 de
1044 2631 206 51 Siberia,
952 2645 22 27 «
1013 2631 42 42 le
1092 2631 342 46 chef-d'œuvre
1488 2636 57 42 de
1589 2636 44 43 la
1675 2639 221 56 musique
1933 2641 395 57 contemporaine
2353 2659 23 24 »

377 2691 144 53 [Petit
541 2691 164 54 Niçois
739 2692 64 42 du
832 2705 53 39 14
916 2692 269 56 décembre)
1206 2709 12 39 ;
1243 2695 128 52 c'est,
1396 2697 223 55 paraît-il,
1656 2698 67 45 M.
1750 2700 188 45 Catulle
1965 2704 201 44 Mendès
2193 2704 83 58 qui
2318 2705 61 43 l'a

375 2752 199 44 déclaré.
598 2754 75 41 Du
696 2763 212 33 moment
932 2768 90 42 que
1063 2770 21 26 «
1111 2756 244 44 l'éminent
1402 2759 201 58 critique
1624 2762 202 43 musical
1852 2778 21 28 »
1915 2764 232 58 l'affirme,
2191 2767 33 43 il
2249 2768 79 57 n'y
2352 2782 27 29 a

377 2814 104 56 qu'à
507 2814 255 46 s'incliner.
800 2817 37 41 Il
861 2829 25 28 a
931 2817 62 41 du
1017 2825 125 35 reste
1168 2819 83 42 des
1276 2820 263 45 tendances
1586 2824 25 42 à
1643 2825 172 44 adorer
1857 2841 53 29 ce
1939 2829 113 56 qu'il
2079 2843 23 29 a
2147 2831 154 54 brûlé,
2333 2831 44 44 le

372 2876 149 55 grand
545 2876 216 57 critique.
803 2878 237 43 Assistant
1069 2893 65 28 un
1157 2880 107 56 jour
1289 2881 25 42 à
1337 2895 95 29 une
1465 2885 383 55 représentation
1890 2890 57 42 de
2262 2907 115 30 avec

375 2938 104 41 Mme
505 2938 212 54 Mendès,
747 2949 119 33 cette
894 2940 216 44 dernière
1129 2944 151 41 aurait
1307 2944 67 43 dit
1391 2945 25 42 à
1449 2960 88 29 son
1562 2949 118 42 mari
1705 2968 11 25 :
1742 2968 22 21 «
1789 2951 143 43 Voilà
1957 2952 65 44 du
2064 2955 202 55 théâtre,
2313 2958 66 41 du

371 2998 97 43 vrai
491 2999 178 44 théâtre
688 3013 41 40 »,
756 3011 45 33 et
824 3016 118 29 vous
968 3016 152 41 savez,
1149 3018 51 30 ce
1222 3020 91 42 que
1338 3007 173 46 femme
1535 3021 165 34 veut...
1751 3015 61 42 Et
1854 3016 187 56 depuis,
2069 3018 66 42 M.
2163 2991 187 72 Leo'nca-

371 3062 123 42 vallo
531 3072 44 34 et
608 3063 65 42 lui
717 3073 108 34 sont
857 3065 28 42 d
904 3067 260 44 excellents
1191 3071 137 50 amis,
1374 3072 64 42 du
1476 3073 157 45 moins
1674 3076 43 43 le
1750 3079 329 55 compositeur
2121 3081 165 45 italien
2318 3083 59 45 l'a

372 3124 160 42 assuré
557 3125 116 43 dans
711 3139 94 31 une
852 3126 245 46 interview
1134 3132 193 55 publiée
1364 3133 185 45 l'année
1584 3138 217 46 dernière
1831 3154 87 42 par
1963 3142 43 44 le
2055 3144 156 45 même
2245 3145 132 46 Petit

371 3186 176 56 Niçois.

428 3248 122 42 Mais
571 3248 126 44 voici
721 3250 43 43 le
805 3252 212 56 bouquet
1054 3255 57 42 de
1156 3265 120 35 cette
1318 3261 375 46 extraordinaire
1736 3265 154 46 soirée
1910 3281 10 30 :
1948 3267 42 44 le
2177 3271 115 46 final
2318 3275 58 43 de

376 3311 150 41 Faust
541 3312 168 42 chanté
728 3326 82 42 par
1300 3322 101 34 tous
954 3316 68 42 les
1048 3317 186 44 artistes
1258 3321 56 42 de
1333 3321 14 40 1
1368 3322 174 55 Opéra,
1570 3325 298 47 c'est-à-dire
1895 3331 202 44 environ
2116 3347 86 42 par
2221 3344 155 38 trente

368 3384 280 42 personnes.
682 3374 133 43 Cette
841 3374 179 45 idée-là
1043 3392 57 29 ne
1125 3378 235 46 viendrait
1384 3384 342 47 certainement
1749 3403 85 43 pas
1857 3392 25 42 à
1905 3401 107 35 tout
2034 3394 45 44 le
2106 3399 194 44 monde.

428 3435 104 42 Une
557 3436 271 52 mondaine,
852 3439 211 44 écrivant
1079 3441 26 42 à
1123 3455 53 30 ce
1203 3444 152 43 même
1382 3445 204 59 journal,
1611 3459 168 37 trouve
1799 3454 112 43 bien
1933 3455 206 47 fâcheux
2164 3476 91 39 que
2277 3463 98 44 l'on

375 3495 128 44 suive
536 3499 25 40 à
587 3499 116 43 Nice
730 3500 45 42 la
796 3501 141 43 mode
970 3504 84 42 des
1074 3504 210 45 théâtres
1307 3510 296 55 wagnériens
1633 3523 46 34 et
1703 3529 91 41 que
1820 3516 96 45 l'on
1943 3519 126 46 fasse
2095 3523 281 49 l'obscurité

371 3570 202 44 presque
599 3561 144 43 totale
776 3563 211 55 pendant
1016 3565 68 43 les
1110 3568 421 58 représentations,
1566 3589 53 29 ce
1664 3577 81 56 qui
1777 3581 118 41 rend
1919 3580 170 47 inutile
2130 3595 134 37 toute
2306 3604 48 29 re-

373 3619 198 45 cherche
593 3623 56 42 de
674 3624 198 47 toilette.
902 3628 59 42 Et
984 3628 42 43 le
1051 3629 186 56 journal
1264 3633 57 43 de
1345 3645 237 45 protester
1600 3652 114 31 avec
1736 3641 46 43 la
1813 3646 261 44 mondaine
2122 3659 48 34 et
2215 3652 58 43 de
2299 3655 52 43 de-

372 3683 197 42 mander
592 3684 261 47 l'abolition
886 3690 56 42 de
961 3700 121 35 cette
1101 3704 223 35 coutume
1350 3711 11 30 :
1387 3698 63 43 du
1473 3712 213 33 moment
1704 3718 92 42 que
1813 3706 98 43 l'on
1933 3708 256 55 italianise,
2217 3714 33 42 il
2274 3717 102 44 faut

373 3744 111 40 bien
502 3744 358 58 dewagnériser,
883 3751 111 43 c'est
1017 3754 210 57 logique.
1255 3759 118 43 «On
1398 3774 59 29 ne
1481 3763 128 43 vient
1628 3778 86 42 pas
1758 3768 26 40 à
1821 3768 194 57 l'Opéra
2052 3774 325 52 uniquement

369 3817 122 42 pour
515 3819 192 31 écouter
726 3811 43 42 la
794 3813 219 56 musique
1039 3834 40 37 »,
1107 3819 226 45 continue
1360 3822 44 42 la
1436 3826 258 45 mondaine
1721 3841 61 31 en
1813 3833 228 54 question
2070 3852 10 35 ;
2106 3838 269 50 j'ajouterai

371 3880 89 41 que
486 3882 22 28 c
527 3878 71 33 est
617 3873 205 43 memele
841 3876 104 51 plus
959 3890 200 33 souvent
1184 3882 44 42 la
1250 3883 215 47 dernière
1484 3888 59 44 de
1570 3902 72 31 ses
1660 3891 424 61 préoccupations.
2112 3900 124 47 Mais
2257 3905 116 44 àun
