2557 4338
1063 254 57 31 LE
1155 248 239 34 MERCURE
1429 241 220 35 MUSICAL
1781 221 151 46 l-I-OÔ

496 254 58 41 26

501 474 115 62 quil
637 474 172 51 dansa
840 485 68 35 en
931 475 175 42 metre
1129 473 54 39 et
1207 474 68 35 en
1310 466 227 41 scavant
1564 445 268 72 espagnol
1866 455 53 40 et
1946 460 47 48 je
2017 454 197 39 trouve
2238 452 60 36 ce
2326 431 176 53 ballet

499 551 47 52 si
565 546 360 56 divertissant
946 553 54 39 et
1021 536 45 53 si
1090 545 262 43 amusant
1378 548 108 52 que
1519 525 73 71 jai
1622 522 177 73 grand
1827 535 139 56 peur
1990 517 119 70 quil
2138 532 68 35 ne
2241 515 257 49 diminue

499 626 287 55 laffluence
831 635 107 54 que
977 616 96 51 lon
1123 609 246 72 esperoit
1416 603 158 55 avoir
1612 619 29 34 a
1678 601 178 52 Jason
1909 610 55 38 et
2001 611 109 52 que
2161 593 47 50 le
2236 602 264 56 tragique

499 702 272 54 cothurne
804 711 111 36 nen
939 691 108 52 soit
1072 689 128 71 plus
1233 685 47 53 si
1312 685 112 52 fort
1448 700 29 34 a
1504 681 51 52 la
1576 678 187 54 mode.
1800 676 62 51 Je
1895 671 137 54 suis.
2081 691 25 27 »

569 850 76 53 Ce
671 845 135 72 qu'il
831 845 117 51 faut
981 840 208 56 retenir
1212 840 67 52 de
1316 849 141 40 cette
1485 835 160 52 lettre
1678 828 282 65 curieuse,
1997 826 133 52 c'est
2176 838 117 36 non
2316 818 156 53 seule-

497 937 157 42 ment
685 923 52 53 la
770 917 347 73 description
1148 917 74 51 du
1263 926 255 41 costume
1562 912 160 67 porté
1750 922 101 55 par
1896 904 49 51 le
1992 902 228 52 fameux
2253 899 249 50 danseur

501 1003 244 51 Pécourt
769 1000 139 50 dans
939 1014 80 35 un
1037 992 312 55 intermède
1377 983 486 75 chorégraphique
1882 979 188 69 ajouté
2100 995 69 34 au
2199 976 172 50 ballet
2403 972 99 51 des

506 1080 247 61 Saisons,
772 1075 143 53 mais
939 1073 51 52 la
1015 1072 193 70 pointe
1244 1067 325 55 malicieuse
1609 1067 30 48 à
1663 1058 266 56 l'endroit
1962 1057 68 51 de
2053 1057 59 49 M
2116 1062 56 20 nie
2209 1053 67 51 de
2313 1049 159 54 Sainc-

499 1169 190 53 tonge,
713 1151 251 53 bas-bleu
990 1151 73 49 du
1086 1165 106 34 xvn
1195 1153 19 22 e
1220 1185 12 27 ,
1263 1143 97 69 qui
1392 1155 94 39 eut
1509 1157 104 36 son
1642 1138 172 51 heure
1841 1136 67 50 de
1929 1147 205 55 vogue,
2163 1144 146 36 ainsi
2333 1124 170 71 qu'en

501 1228 282 69 témoigne
814 1245 60 33 ce
907 1241 233 53 passage
1165 1222 74 51 du
1264 1219 268 52 Mercure
1556 1214 203 71 galant
1782 1209 238 73 (janvier
2048 1207 161 68 1696)
2241 1218 12 38 :

573 1326 24 28 «
634 1306 160 51 Nous
841 1317 246 37 sommes
1140 1299 139 51 dans
1334 1312 77 36 un
1467 1308 184 54 temps
1696 1291 72 52 où
1802 1288 80 51 les
1928 1287 196 50 Muses
2152 1282 213 52 aiment
2388 1283 29 48 à
2445 1296 57 34 se

501 1379 355 55 familiariser
889 1395 129 34 avec
1039 1376 79 50 les
1142 1376 227 49 Dames.
1396 1371 45 52 Il
1476 1382 84 39 est
1592 1368 113 53 aisé
1739 1367 69 51 de
1847 1365 49 51 le
1918 1362 124 53 voir
2074 1360 170 71 parle
2271 1354 231 56 Recueil

503 1461 65 50 de
593 1456 229 52 Poésies
847 1453 252 71 galantes
1134 1467 112 53 que
1270 1448 263 52 Madame
1561 1445 67 53 de
1678 1442 343 67 Sainctonge
2067 1437 156 52 vient
2256 1435 68 51 de
2359 1449 147 36 nous

502 1536 235 50 donner.
790 1533 75 50 Le
905 1527 243 72 premier
1195 1525 265 66 Ouvrage
1500 1524 68 51 de
1616 1533 85 39 cet
1754 1518 272 52 excellent
2076 1511 233 54 Recueil
2337 1523 85 39 est
2455 1510 50 51 le

499 1609 181 54 Ballet
708 1609 91 51 des
818 1607 230 53 Saisons
1053 1645 13 25 ,
1095 1603 142 70 quia
1258 1599 144 55 servi
1429 1599 178 52 d'idée
1634 1602 30 47 à
1688 1595 163 69 celuy
1876 1593 174 70 qu'on
2073 1609 30 33 a
2136 1589 101 53 fait
2257 1590 246 69 paroître

502 1689 29 49 à
557 1684 247 69 l'Opéra,
830 1680 199 70 depuis
1062 1697 107 51 peu
1203 1678 67 52 de
1296 1689 205 56 temps.
1533 1673 60 54 Si
1620 1691 76 34 on
1729 1669 186 55 s'étoit
1942 1666 146 55 servi
2121 1668 68 50 de
2223 1683 89 34 ses
2337 1665 166 65 Vers,

501 1760 67 52 ils
596 1758 315 53 n'auroient
938 1773 128 34 sans
1106 1755 171 51 doute
1316 1753 100 51 fait
1460 1752 168 68 qu'en
1668 1758 334 60 augmenter
2027 1745 51 51 la
2116 1744 224 65 beauté,
2376 1740 130 71 puis

502 1837 164 69 qu'ils
689 1848 127 39 sont
844 1834 163 64 aisez,
1043 1830 272 65 naturels,
1344 1842 53 38 et
1420 1832 113 48 très
1559 1828 318 51 chantants.
1905 1824 155 51 Tout
2092 1839 58 33 ce
2178 1820 174 69 qu'on
2376 1835 39 52 y
2444 1818 63 52 lit

502 1912 237 62 ensuite,
776 1910 212 65 Idilles,
1014 1906 244 72 Elegies,
1292 1905 354 69 Madrigaux,
1675 1901 404 71 Epigrammes
2102 1912 54 38 et
2178 1896 327 65 Chansons,

503 2003 83 38 est
632 1989 74 51 du
748 2003 216 36 mesme
1009 1997 294 52 caractère,
1344 1995 52 38 et
1429 1998 236 51 marque
1693 1980 51 51 la
1783 1975 282 55 fécondité
2115 1988 52 38 et
2213 1974 52 51 la
2299 1971 179 54 délica-

502 2078 145 38 tesse
677 2065 75 50 du
788 2061 160 72 génie
993 2061 67 51 de
1103 2073 141 38 cette
1277 2060 199 64 Dame,
1514 2056 97 70 qui
1655 2055 100 52 fait
1802 2055 293 67 beaucoup
2129 2053 33 50 d
2187 2050 267 52 honneur
2479 2054 30 47 à

505 2158 101 34 son
662 2157 142 34 sexe.
859 2136 151 55 C'est
1075 2135 156 52 d'elle
1280 2152 108 52 que
1430 2146 127 40 sont
1602 2134 79 51 les
1733 2130 191 71 Opéra
1971 2130 68 51 de
2082 2126 204 65 Didon,
2333 2139 55 39 et
2439 2126 67 52 de

517 2216 162 51 Circé
699 2219 15 66 (
717 2218 61 63 1),
822 2214 97 68 qui
953 2225 99 40 ont
1094 2211 164 52 attiré
1300 2210 45 51 si
1381 2210 324 69 longtemps
1741 2207 51 51 la
1824 2205 170 53 foule.
2032 2205 46 51 Il
2112 2220 70 34 ne
2228 2202 121 52 faut
2403 2219 102 52 pas

502 2294 282 49 s'étonner
817 2290 201 70 qu'elle
1063 2289 75 51 ait
1181 2287 66 51 de
1279 2286 46 52 si
1364 2286 181 51 beaux
1576 2286 225 60 talents,
1851 2281 336 71 puisqu'elle
2224 2293 85 39 est
2365 2279 141 53 Fille

503 2367 164 53 d'une
692 2367 172 64 Mère,
899 2365 98 69 qui
1020 2378 83 38 est
1129 2376 121 40 tout
1275 2361 192 70 esprit.
1499 2360 293 53 L/Arioste
1824 2360 300 63 Moderne,
2145 2370 54 38 et
2220 2355 289 71 plusieurs

503 2456 187 38 autres
722 2459 270 52 ouvrages
1026 2440 97 70 qui
1164 2453 99 38 ont
1294 2453 129 38 tous
1470 2442 85 47 été
1581 2441 162 62 reçûs
1785 2440 113 48 très
1945 2434 453 53 favorablement
2432 2434 74 50 du

505 2520 219 65 Public,
760 2536 67 35 en
852 2533 127 38 sont
1000 2535 110 34 une
1138 2534 225 52 preuve.
2293 2516 106 51 Les
2049 2514 66 50 de
2143 2511 264 51 Madame
2436 2511 69 51 de

506 2594 355 69 Sainctonge,
898 2613 56 33 se
987 2592 252 52 débitent
1270 2591 132 52 chez
1449 2591 47 52 le
1527 2590 35 53 S
1568 2606 16 22 r
1618 2591 143 51 Jean
1797 2587 318 71 Guignard,
2145 2586 281 66 Libraire,
2479 2588 30 50 à

503 2672 225 51 l'entrée
755 2672 66 51 de
847 2671 51 51 la
938 2672 208 68 grande
1181 2667 148 55 Salle
1362 2670 75 51 du
1484 2667 207 52 Palais.
1736 2689 26 25 »

576 2747 236 54 Comme
855 2764 75 34 on
969 2747 49 51 le
1051 2745 136 67 voit,
1223 2746 50 51 la
1297 2746 237 51 réclame
1562 2745 207 50 d'alors
1813 2741 299 72 manquait
2157 2742 68 52 de
2274 2756 226 37 mesure

503 2836 122 38 tout
651 2836 194 38 autant
877 2840 108 52 que
1007 2822 135 51 celle
1179 2820 439 68 d'aujourd'hui.
1645 2821 155 51 Mme
1834 2821 66 51 de
1923 2818 343 70 Sainctonge
2294 2836 69 33 ne
2398 2817 105 66 fut,

503 2905 29 44 â
577 2898 114 52 vrai
717 2898 138 61 dire,
901 2900 174 67 qu'un
1109 2897 282 52 médiocre
1415 2911 201 39 auteur
1637 2910 54 39 et
1726 2915 87 34 ses
1846 2914 278 52 ouvrages
2150 2912 72 35 ne
2257 2912 211 54 suppor-

502 2975 237 50 teraient
767 2976 125 67 plus
912 2976 51 49 la
987 2976 229 49 lecture.

572 3051 137 51 Près
734 3051 66 51 de
823 3049 137 54 trois
986 3049 145 53 mois
1164 3049 254 54 s'étaient
1465 3051 222 52 écoulés
1721 3051 226 67 lorsque
1990 3049 286 53 Ladvocat
2310 3046 197 54 écrivit

503 3127 66 51 de
596 3143 258 35 nouveau
873 3132 29 46 à
935 3143 103 35 son
1060 3126 111 50 ami
1198 3127 218 52 Dubos.
1447 3127 202 53 C'était
1682 3131 29 47 à
1739 3123 296 55 l'occasion
2055 3127 67 49 de
2149 3126 52 50 la
2228 3124 278 70 première

503 3202 66 51 de
715 3202 136 52 Jason
852 3203 47 69 (2),
930 3220 109 34 une
1073 3202 98 51 des
1208 3220 222 34 œuvres
1474 3203 250 69 lyriques
1764 3203 139 51 dont
1935 3202 242 53 l'auteur
2215 3203 99 51 des
2350 3201 157 54 Odes

505 3277 182 52 devait
713 3278 118 52 dire
863 3279 127 68 plus
1013 3278 121 52 tard
1155 3292 10 34 :
1195 3300 23 24 «
1250 3278 154 52 Elles
1438 3292 128 38 sont
1599 3296 92 34 ma
1714 3279 191 51 honte.
1945 3279 64 51 Je
2031 3296 71 34 ne
2128 3278 182 53 savais
2343 3278 164 71 point

505 3371 199 35 encore
752 3372 135 36 mon
929 3356 202 53 métier
1164 3357 189 70 quand
1409 3354 47 65 je
1504 3372 89 34 me
1649 3354 117 54 suis
1814 3356 188 52 donné
2058 3361 29 48 à
2128 3373 59 36 ce
2222 3357 285 70 pitoyable

505 3448 166 51 genre
695 3432 255 52 d'écrire.
979 3455 25 26 »

559 3573 59 54 (1)
642 3574 230 55 Tragédie
894 3574 183 57 lyrique
1105 3589 57 29 en
1185 3577 21 43 5
1228 3585 143 46 actes,
1388 3590 115 30 avec
1527 3592 65 28 un
1611 3577 251 58 prologue,
1886 3577 223 58 musique
2134 3580 57 42 de
2213 3580 292 55 Desmarets,

505 3635 266 55 représenté
793 3637 42 42 le
866 3646 61 33 ier
952 3639 196 43 octobre
1174 3640 128 56 1694.

558 3697 62 55 (2)
789 3698 88 51 Jason,
878 3714 52 28 ou
931 3700 24 42 la
978 3700 183 44 Toison
1188 3702 117 55 d'or,
1330 3702 210 57 tragédie
1575 3717 60 30 en
1665 3705 21 40 5
1715 3712 128 35 actes
1881 3712 45 35 et
1947 3719 66 28 un
2037 3706 253 57 prologue,
2317 3707 189 57 paroles

506 3757 56 43 de
581 3759 348 56 Jean-Baptiste
958 3763 263 54 Rousseau,
1250 3764 220 58 musique
1510 3766 58 43 de
1603 3766 216 56 Colasse,
1863 3768 303 55 représentée
2206 3771 26 40 à
2265 3770 180 57 l'opéra
2465 3770 42 41 le

511 3833 51 42 17
585 3820 177 56 janvier
799 3825 134 54 1696.
