2557 4338
752 282 169 32 REVUE
960 281 64 32 DE
1061 281 59 33 I.A
1156 281 272 38 QUINZAINE

2045 284 53 44 37

71 497 122 45 suite
220 499 57 42 de
301 499 205 56 quelque
532 499 197 43 illusion
772 497 232 45 mobile...
1034 496 248 59 Pourquoi
1302 497 127 44 donc
1461 497 43 44 le
1536 496 124 45 Rhin
1688 510 50 31 se
1762 496 331 57 présente-t-il

70 561 130 44 aussi
226 562 328 43 obstinément
578 563 174 44 devant
784 577 113 30 mon
926 562 245 59 esprit?...

134 624 113 44 Puis
275 626 181 43 Claude
482 627 223 57 Debussy
727 627 255 57 triomphe,
1001 637 46 34 et
1071 642 75 28 ses
1169 626 226 58 disciples
1423 626 247 44 réveillent
1693 626 236 57 quelques
1960 626 110 43 audi-

69 698 128 33 teurs
225 688 81 57 qui
329 703 48 29 se
404 690 290 42 chauffaient
736 704 59 30 au
817 690 363 45 roucoulement
1206 690 85 44 des
1319 689 215 57 arpèges.
1562 688 153 58 Après
1741 689 45 43 la
1806 690 163 44 Danse
1992 698 44 36 et
2053 690 44 42 la

76 753 277 43 Sarabande
385 754 62 42 du
466 754 182 50 maître,
678 753 202 44 Séverac
912 768 122 29 nous
1062 754 244 56 enseigne,
1333 768 59 28 au
1415 753 121 44 Jour
1579 754 79 42 des
1683 767 135 29 noces
1843 754 65 43 du
1943 754 158 44 Chant

71 815 55 43 de
146 815 44 43 la
217 825 140 42 terre,
390 830 65 28 un
483 815 287 56 Languedoc
795 825 106 47 trop
927 816 214 43 cérébral
1172 830 191 29 encore.
1393 816 67 45 M.
1490 816 164 43 Vallas
1688 825 71 34 est
1786 817 226 44 méchant
2039 817 58 44 de

74 891 123 29 nous
224 877 85 43 lire
336 877 285 56 l'épigraphe
648 878 57 42 de
738 887 122 35 cette
885 892 164 30 œuvre
1075 892 10 30 :
1109 892 118 39 non,
1254 878 30 42 il
1303 892 59 28 ne
1387 878 103 44 faut
1509 892 85 42 pas
1636 878 150 45 écrire
1810 894 52 29 ce
1884 895 92 42 que
1998 881 98 43 l'on

74 950 107 33 sent
203 939 40 44 si
296 939 109 44 bien
433 939 8 42 !
562 939 64 45 M.
677 941 161 52 Ravel,
884 955 60 29 au
968 939 226 44 scandale
1237 941 84 42 des
1354 941 170 42 nobles
1569 939 199 56 duènes,
1788 943 233 56 précipite
2045 958 52 28 sa

90 1004 192 42 Pavane
297 1016 121 43 pour
432 1016 85 29 une
539 1003 193 58 Infante
756 1002 209 59 défunte,
972 1003 108 56 puis
1105 1002 33 43 il
1165 1002 151 56 quitte
1354 1017 88 28 son
1473 1004 223 43 auditeur
1744 1005 185 56 inquiet
1975 1008 120 42 dans

69 1064 310 44 l'effarement
404 1064 167 57 exquis
597 1065 56 42 de
673 1078 75 29 ses
1493 1065 127 43 Jeux
1791 1065 188 43 d'eaux.
1137 1065 128 42 C'est
1289 1073 124 45 tout,
1434 1065 121 42 mais
1578 1066 44 55 je
1645 1066 99 42 suis
1782 1080 174 31 encore
1979 1083 114 29 sous

71 1129 45 43 le
141 1129 212 43 charme.

126 1231 183 45 Société
327 1233 244 53 lyonnaise
595 1231 81 44 des
700 1233 222 43 Concerts
945 1233 55 43 de
1019 1231 213 55 musique
1254 1233 263 53 classique.
1622 1234 136 42 Cette
1786 1234 193 43 Société
2023 1244 72 34 est

69 1308 94 30 une
190 1295 82 42 des
294 1308 127 29 rares
445 1295 57 42 de
525 1304 134 33 notre
678 1294 111 43 ville
823 1295 82 56 qui
930 1294 220 57 puissent
1169 1308 48 29 se
1244 1294 233 43 réclamer
1504 1295 113 42 d'un
1641 1296 141 56 passé
1806 1296 250 57 artistique
2079 1314 9 36 ;

70 1358 137 58 après
233 1358 226 58 vingt-six
484 1372 83 28 ans
591 1358 306 51 d'existence,
920 1358 89 42 elle
1034 1358 225 42 demeure
1279 1357 131 43 aussi
1430 1358 135 56 prête
1581 1360 27 40 à
1622 1358 213 45 sacrifier
1856 1375 91 28 aux
1971 1361 96 43 inté-

68 1422 94 42 rêts
200 1422 57 42 de
303 1422 121 43 l'art.
463 1422 66 42 Le
1080 1422 213 53 Quatuor
1543 1422 173 56 JBayot
993 1435 124 29 nous
1143 1430 200 48 apporte
1369 1422 127 42 donc
1546 1435 95 30 une
1675 1423 96 55 joie
1811 1423 231 45 musicale
2079 1440 10 29 :

68 1483 100 43 cela
193 1483 181 57 change
402 1484 63 42 du
487 1498 20 27 «
530 1483 166 57 plaisir
713 1484 56 42 de
804 1483 134 43 Paris
959 1501 23 21 »
1006 1497 93 43 que
1114 1483 285 56 promènent
1420 1483 214 43 certains
1647 1484 258 55 virtuoses,
2003 1488 85 42 des

64 1546 249 59 pianistes,
336 1560 123 44 pour
482 1560 58 31 ne
565 1560 224 30 nommer
811 1560 262 45 personne.

123 1611 67 42 Le
384 1611 213 52 Quatuor
849 1624 54 28 en
526 1619 52 34 ut
1152 1611 186 56 majeur
809 1611 60 43 de
899 1612 185 42 Mozart
1110 1611 221 57 (Adagio,
1359 1611 197 57 Allegro
1663 1611 223 45 Andante
1932 1621 133 36 canta-

65 1672 95 43 bile
190 1672 234 43 Minuetto
537 1673 153 42 Molto
714 1673 197 58 allegro)
938 1684 71 33 est
1049 1675 153 43 rendu
1226 1689 114 29 avec
1377 1684 135 34 toute
1534 1676 46 42 la
1625 1675 175 43 finesse
1847 1676 242 44 désirable

66 1745 46 34 et
134 1750 94 29 une
254 1734 305 59 simplicité...
584 1736 256 44 délicieuse
864 1738 114 42 chez
1001 1738 83 42 des
1103 1737 186 43 artistes
1313 1738 58 42 de
1390 1738 44 43 la
1453 1738 220 57 capitale.
1692 1739 51 42 Je
1769 1739 125 44 crois
1921 1753 142 44 cepen-

68 1798 113 43 dant
205 1812 91 42 que
329 1799 46 42 la
399 1798 217 44 dernière
635 1799 151 56 partie
823 1809 71 35 est
918 1799 285 57 interprétée
1230 1813 111 29 avec
1364 1800 108 56 plus
1499 1802 58 43 de
1600 1800 200 58 vigueur
1824 1802 103 53 (oh,
1978 1803 111 43 bien

65 1861 149 56 petite
239 1861 199 58 vigueur
463 1863 28 54 !)
517 1877 90 43 que
626 1863 304 56 d'apparente
954 1864 285 57 sympathie.
1338 1864 122 42 Mais
1500 1864 43 43 le
1570 1874 193 47 respect
1786 1865 57 43 de
1890 1865 197 45 l'œuvre

64 1924 156 56 jouée,
270 1925 45 42 la
358 1925 124 42 belle
531 1924 212 44 sonorité
776 1934 46 34 et
865 1926 45 42 la
949 1925 282 43 délicatesse
1272 1926 82 43 des
1381 1925 313 44 instruments
1717 1927 106 42 font
1854 1930 148 55 qu'on
2028 1943 60 29 ne

66 1987 177 43 saurait
290 1987 245 45 souhaiter
562 1988 245 44 meilleure
842 1990 256 43 exécution
1141 1991 57 42 de
1246 1990 202 53 Mozart,
1479 2004 58 29 en
1581 1991 185 43 France
1815 1991 65 42 du
1905 1992 177 45 moins.

117 2084 50 11 ...
192 2051 248 56 Pourquoi
465 2052 18 43 ?
506 2053 90 42 Par
620 2052 158 57 quelle
802 2052 277 57 diabolique
1105 2052 238 43 intention
1376 2053 208 45 avait-on
1606 2054 157 42 inclus
1790 2053 43 43 le

75 2127 75 40 op.
169 2114 217 43 /odeM.
416 2114 223 57 Debussy
663 2124 134 35 entre
838 2117 185 42 Mozart
1057 2124 46 35 et
1133 2117 282 43 Beethoven
1437 2118 125 56 (VII)
1584 2115 18 45 ?
1625 2118 53 43 Je
1717 2131 60 30 ne
1801 2117 94 44 sais
1922 2118 39 43 si
1987 2119 99 42 l'on

63 2190 73 30 me
160 2185 221 37 trouvera
400 2178 211 57 logique,
634 2179 213 43 désirant
868 2193 91 43 que
985 2180 96 43 l'on
1104 2189 217 47 respecte
1348 2179 195 46 l'œuvre
1569 2181 65 44 du
1654 2189 175 50 temps,
1856 2199 23 22 «
1896 2190 106 36 tout
2026 2183 58 43 de

59 2240 152 43 même
243 2258 43 28 ».

120 2302 129 43 Pour
272 2316 58 29 en
356 2303 187 44 revenir
569 2303 26 44 à
619 2303 119 44 MM.
767 2306 177 56 Hayot,
971 2306 218 53 Touche,
1221 2306 239 57 Denayer,
1485 2307 218 56 Salmon,
1731 2321 60 29 en
1815 2322 95 30 une
1937 2307 125 45 inter-

60 2364 243 59 prétation
338 2367 235 43 vraiment
614 2368 283 55 excellente,
916 2368 44 43 la
985 2368 234 45 difficulté
1241 2369 188 58 géniale
1456 2371 56 42 de
1538 2371 201 44 l'œuvre
1767 2371 72 44 fut
1888 2373 171 42 double-

60 2438 130 33 ment
209 2429 201 45 vaincue
441 2444 86 44 par
564 2430 46 44 la
652 2433 222 55 jeunesse
899 2432 135 44 virile
1061 2434 58 42 de
1150 2433 415 47 l'enthousiasme.
1609 2434 129 43 C'est
1778 2435 101 44 dire
1923 2449 92 44 que
2040 2437 44 43 le

63 2490 229 58 Septième
315 2493 59 43 de
400 2494 276 44 Beethoven
699 2495 160 43 venait
883 2495 187 45 bientôt
1095 2496 136 58 après
1259 2510 187 30 comme
1471 2510 66 30 un
1564 2498 72 43 roi
1658 2498 95 43 très
1780 2512 160 44 grave,
1968 2499 116 43 sorti

59 2562 106 35 tout
190 2555 175 43 étonné
391 2556 84 43 des
502 2556 240 45 clairières
776 2559 57 43 de
859 2559 198 52 l'Oural,
1089 2568 45 34 et
1175 2573 66 29 un
1280 2573 96 43 peu
1410 2560 135 43 triste
1587 2561 58 43 de
1683 2570 124 34 cette
1856 2560 226 58 effusion,

59 2618 136 44 toute
230 2616 217 47 flottante
474 2634 194 39 encore,
692 2622 262 43 d'Oréades
981 2632 45 33 et
1044 2623 432 58 d'Hamadryades.

116 2681 86 41 J'ai
226 2681 69 43 dit
318 2696 91 43 que
433 2682 44 44 le
506 2684 217 54 Quatuor
760 2684 58 44 de
846 2684 132 44 Paris
1005 2686 184 43 mettait
1225 2686 109 57 plus
1371 2687 58 43 de
1460 2688 177 42 netteté
1663 2701 91 44 que
1788 2688 58 43 de
1880 2688 177 57 profon-

63 2743 118 43 deur
206 2744 117 43 dans
347 2744 46 43 la
430 2747 408 57 compréhension
882 2749 82 43 des
1010 2749 216 45 maîtres.
1254 2750 42 42 A
1320 2749 103 45 cela
1447 2749 129 59 près,
1603 2749 33 43 il
1663 2759 72 36 est
1749 2752 192 57 parfait.

115 2847 123 43 Salle
254 2848 417 57 Philharmonique
692 2865 11 30 :
734 2852 205 43 Concert
962 2853 390 45 Poulet-Chanel.
1457 2856 102 42 Mlle
1590 2857 275 45 Madeleine
1889 2860 192 52 Poulet,

60 2908 83 57 qui
164 2922 123 30 nous
327 2912 181 43 revient
530 2913 241 56 diplômée
814 2916 58 41 de
907 2916 291 44 lAcadémie
1223 2918 163 56 royale
1423 2918 58 43 de
1532 2919 178 52 Berlin,
1755 2935 59 29 ne
1852 2935 227 45 rapporte

59 2971 365 46 naturellement
444 2988 83 42 pas
553 2975 68 43 les
656 2976 185 44 bonnes
877 2979 249 43 méthodes
1153 2993 59 29 en
1232 2979 224 46 honneur
1477 2982 121 43 dans
1626 2997 90 29 son
1738 2997 177 44 propre
1940 3001 135 43 pays.

59 3034 127 43 C'est
207 3048 66 29 un
294 3044 94 35 tort
409 3050 109 29 sans
539 3037 145 45 doute
705 3054 10 38 ;
736 3040 118 42 mais
875 3049 102 34 tant
1001 3041 58 43 de
1080 3043 230 53 jeunesse
1335 3051 46 35 et
1418 3044 57 43 de
1523 3044 161 44 bonne
1711 3048 140 54 grâce
1893 3063 30 40 y
1962 3064 87 42 sup-

56 3097 177 56 pléent,
257 3111 90 43 que
379 3101 114 42 c'est
532 3114 134 30 assez
690 3115 124 43 pour
838 3103 69 44 M.
934 3105 181 56 Joseph
1143 3105 183 43 Chanel
1352 3105 250 45 d'achever
1639 3109 41 43 le
1720 3109 168 44 succès
1932 3111 57 45 de
2035 3114 46 43 la

57 3159 172 52 soirée,
252 3171 197 46 pesante
469 3177 124 42 pour
615 3166 58 42 de
700 3164 39 45 si
764 3166 167 56 jeunes
958 3167 208 56 épaules.
1198 3168 82 56 (M.
1316 3168 187 45 Chanel
1547 3178 73 36 est
1665 3171 107 57 déjà
1804 3186 164 32 connu
1992 3189 87 43 par

59 3222 57 43 de
136 3223 311 56 précédentes
473 3227 241 44 auditions
737 3238 46 34 et
804 3243 87 43 par
911 3244 89 30 son
1033 3230 151 45 active
1206 3230 341 58 participation
1580 3247 60 29 au
1665 3244 209 46 quatuor
1898 3237 151 46 Rinuc-

57 3284 131 56 cini.)
225 3286 66 42 La
579 3288 176 43 Sonate
1009 3294 26 38 à
1114 3291 259 58 Kreutzer,
870 3293 120 43 celle
1016 3294 57 43 de
1096 3293 177 53 Frank,
1299 3294 45 43 la
1774 3299 58 42 de
1874 3302 176 43 Beetho-

56 3360 165 30 ven—
245 3350 78 54 (O,
351 3351 115 43 clair
507 3352 58 44 de
609 3354 44 43 la
696 3355 115 44 lune
854 3357 68 56 !..)
958 3357 166 42 —du
1171 3357 209 58 Chopin,
1409 3360 247 43 Nocturne
1703 3370 46 34 et
1797 3363 218 53 Ballade,
2034 3365 47 43 la

61 3410 311 58 Campanella
386 3415 58 42 de
471 3415 131 44 Liszt
696 3417 113 46 c'est
830 3427 101 36 tant
946 3430 46 33 et
1014 3429 103 35 tant
1132 3434 93 43 que
1247 3421 97 43 l'on
1363 3421 89 43 fait
1470 3422 139 57 appel
1636 3422 84 45 àla
1738 3424 66 43 fin
1823 3425 25 43 à
1863 3440 89 29 son
1966 3429 87 43 ima-

56 3472 215 57 gination
294 3476 109 43 bien
426 3477 108 56 plus
571 3479 107 58 qu'à
714 3495 74 29 ses
813 3483 210 46 oreilles.
1059 3484 68 44 M.
1152 3483 186 45 Chanel
1369 3484 124 44 avait
1510 3484 258 59 interprété
1786 3501 293 44 auparavant

56 3548 95 30 une
294 3537 190 59 Romança
485 3540 41 44 de
527 3542 245 45 Svendsen
799 3554 45 35 et
865 3559 95 30 une
1905 3547 196 43 Polonai
1258 3547 58 43 de
1340 3547 315 47 Wienawski.

116 3598 37 41 Il
176 3596 99 46 faut
297 3613 176 43 penser
498 3617 60 29 en
591 3618 184 32 somme
804 3622 90 42 que
929 3622 53 30 ce
1004 3609 148 43 début
1176 3618 71 34 est
1272 3609 268 44 honorable
1566 3619 46 34 et
1635 3625 92 42 que
1747 3613 68 43 les
1837 3615 240 49 Berlinois

59 3660 264 45 ratifieront
353 3664 42 43 le
438 3665 243 57 jugement
719 3669 59 44 de
803 3684 89 30 nos
931 3671 362 59 compatriotes,
1317 3672 233 58 puisqu'il
1594 3683 71 35 est
1702 3678 226 54 question
1965 3681 112 45 d'un

59 3735 180 45 voyage
264 3725 58 44 de
353 3730 418 47 reconnaissance.

116 3839 195 44 Concert
334 3843 82 42 des
433 3844 261 46 Chanteurs
738 3846 56 44 de
819 3848 376 44 Saint-Gervais.
1299 3849 74 43 En
1397 3849 212 44 location
1631 3865 124 44 pour
1787 3868 97 30 une
1912 3871 163 31 œuvre

57 3900 296 56 paroissiale.
375 3906 127 43 —Je
527 3916 205 48 regrette
755 3909 175 47 d'avoir
950 3909 50 45 lu
1025 3924 80 32 sur
1122 3912 70 44 les
1233 3925 131 32 murs
1411 3914 235 45 certaines
1678 3915 198 48 affiches
1921 3929 154 35 vertes
