2557 4338
1029 250 59 31 LE
1121 242 240 37 MERCURE
1395 236 224 35 MUSICAL
1750 214 159 46 l-I-OÔ

483 262 51 41 14

477 476 127 48 trop
637 477 56 34 se
720 457 188 62 défier,
936 467 114 36 non
1065 464 118 54 pas,
1199 454 199 50 certes,
1414 440 68 51 de
1516 452 105 37 son
1638 440 126 46 âme
1790 430 272 61 honnete,
2173 420 38 53 il
2236 431 86 41 est
2348 434 109 37 visi-

478 541 248 50 blement
757 528 255 65 candide,
1049 537 53 39 et
1122 523 184 51 même
1341 522 29 48 à
1404 514 219 62 l'excès,
1647 539 70 9 —
1736 522 146 38 mais
1916 504 66 52 de
2027 519 61 34 sa
2114 513 281 39 mémoire
2433 510 53 40 et

478 617 65 51 de
571 631 85 35 ses
688 622 178 41 notes.
895 603 94 54 On
1021 613 209 55 augure
1266 610 108 54 que
1407 590 75 52 M.
1513 588 289 52 Riemann
1832 594 87 41 est
1947 598 78 35 un
2046 577 171 54 brave
2251 576 235 51 homme

478 710 78 35 un
609 706 106 48 peu
783 678 222 57 distrait
1055 678 282 68 peut-être
1378 683 76 51 et,
1508 683 132 35 sans
1686 664 193 63 doute,
1924 659 111 52 fort
2108 654 232 68 occupé.
2392 652 94 66 Et,

480 786 67 33 en
577 764 145 61 effet,
740 770 122 42 tout
887 773 68 34 au
992 754 137 52 bout
1152 750 74 52 du
1258 746 252 64 volume,
1533 759 76 36 on
1634 741 300 60 découvre,
1963 735 142 53 dans
2129 731 47 53 le
2204 750 26 29 «
2256 730 197 68 Supplé-

485 847 142 48 ment
654 857 48 44 »,
736 852 78 37 un
840 830 140 74 petit
1012 828 253 71 chapitre
1291 842 57 35 se
1381 829 337 63 rapportant
1743 817 30 50 à
1801 814 49 52 la
1883 830 140 52 page
2051 823 53 39 et
2140 825 69 36 au
2246 802 148 69 sujet
2419 821 67 36 en

478 915 280 70 question.
783 909 162 55 Voici
976 925 59 36 ce
1061 906 173 72 qu'on
1263 922 36 52 y
1326 913 134 59 peut
1483 897 124 68 lire,
1640 908 158 39 entre
1822 904 188 39 autres
2047 887 202 54 choses
2286 897 12 39 :

550 1016 24 26 «
608 994 105 50 Les
736 993 398 48 résonnateurs
1169 980 97 72 qui
1290 978 249 71 agissent
1562 974 48 52 le
1644 970 192 54 mieux
1856 980 130 41 sont
2033 981 138 36 ceux
2206 964 68 50 de

478 1069 345 72 sphérique...
861 1064 334 67 L'avantage
1219 1059 98 51 des
1341 1059 405 49 résonnateurs
1787 1046 67 55 de
1891 1064 57 35 ce
1985 1059 180 57 genre
2218 1050 270 52 consiste,

481 1145 249 65 d'abord,
759 1160 69 35 en
861 1159 57 34 ce
952 1157 107 53 que
1096 1138 77 50 les
1206 1148 191 39 autres
1449 1146 134 37 sons
1625 1125 231 72 partiels
2202 1130 131 39 sont
2377 1118 111 50 très

481 1221 248 70 éloignés
754 1221 74 50 du
856 1234 101 34 son
993 1210 388 57 fondamental
1408 1220 55 41 et
1484 1224 70 34 ne
1588 1216 130 40 sont
1740 1219 109 52 que
1883 1198 335 54 faiblement
2272 1191 187 56 renfor-

480 1303 153 48 cés...
669 1296 76 51 M.
782 1291 207 71 Kœnig
1009 1290 111 52 m'a
1141 1284 280 57 construit
1445 1300 112 37 une
1590 1280 142 53 série
1762 1275 351 56 déterminée
2147 1273 69 52 de

485 1392 62 35 en
658 1388 166 38 verre...
825 1392 12 25 »

551 1472 94 29 «...
675 1449 155 49 Pour
861 1446 76 51 les
964 1460 133 36 sons
1124 1454 123 40 tout
1279 1444 30 48 à
1339 1439 100 52 fait
1472 1454 218 53 graves,
1728 1428 357 74 j'employais
2112 1430 99 52 des
2424 1426 66 52 de

490 1532 208 46 carton.
706 1563 39 11 ..
776 1524 152 49 Dans
955 1521 78 51 les
1066 1522 406 49 résonnateurs
2056 1506 49 53 le
2161 1503 210 54 second

477 1618 210 53 propre
693 1642 11 19 ,
732 1596 446 70 correspondant
1202 1597 31 49 à
1271 1609 109 53 peu
1407 1592 128 69 près
1569 1592 31 48 à
1639 1588 51 52 la
1708 1586 297 53 douzième
2047 1585 76 52 du
2156 1599 107 35 son
2295 1579 164 54 fonda-

481 1677 229 63 mental,
985 1681 137 64 peut
1300 1691 56 35 se
1437 1671 278 71 produire
2034 1670 158 52 d'une
2192 1670 180 71 façon
2063 1662 116 51 Des

480 1753 204 69 niques,
716 1767 61 36 en
805 1748 170 54 laiton
984 1788 13 25 ,
1054 1762 221 37 comme
1336 1745 78 52 M.
1466 1745 260 67 Appunn
1780 1757 70 35 en
1911 1759 30 33 a
2005 1736 284 54 construit
2342 1751 144 55 pour

480 1827 199 55 m0i....
707 1844 56 34 se
790 1827 221 69 prêtent
1042 1826 31 49 à
1097 1822 52 53 la
1187 1822 231 70 plupart
1464 1820 99 52 des
1611 1816 400 72 applications.
2048 1816 47 51 Il
2132 1814 123 54 faut
2301 1812 153 53 seule-

481 1916 156 42 ment
697 1917 328 54 remarquer
1055 1916 109 53 que
1225 1915 85 35 ces
1350 1897 148 53 tubes
1534 1894 321 72 répondent
1901 1892 156 55 aussi
2100 1910 109 35 aux
2262 1891 190 52 harmo-

482 1982 202 69 niques
710 1981 64 51 de
810 1980 119 50 leur
962 1995 103 34 son
1103 1992 226 55 propre.
1370 1996 25 27 »

553 2057 45 51 Il
632 2067 194 59 appert
852 2054 145 53 donc
1056 2053 66 51 de
1155 2070 89 34 ces
1289 2063 176 41 textes
1511 2051 67 52 de
1635 2048 334 52 Helmholtz
2016 2065 131 53 que,
2179 2068 25 27 «
2231 2047 142 52 dans
2413 2044 76 54 les

481 2136 395 49 résonnateurs
1328 2147 62 34 en
1458 2129 195 72 forme
1670 2128 64 52 de
1750 2146 204 48 TUBE»,
1954 2143 111 51 que
2098 2124 118 54 l'un
2245 2124 99 52 des
2367 2122 93 54 har-

482 2208 299 70 moniques
796 2223 240 54 propres
1056 2207 74 52 du
1144 2223 103 35 son
1267 2204 389 54 fondamental
1674 2221 57 35 se
1748 2202 287 72 produise,
2046 2206 109 49 —à
2174 2199 312 66 condition,

482 2284 451 65 naturellement,
972 2301 130 51 que,
1140 2305 24 25 «
1201 2283 140 52 dans
1390 2282 51 52 la
1487 2281 461 71 décomposition
1995 2283 76 51 du
2118 2291 371 42 mouvement

484 2361 186 52 aérien
691 2358 271 53 extérieur
988 2375 71 35 en
1079 2357 315 53 vibrations
1430 2358 386 70 pendulaires,
1841 2375 111 35 une
1980 2358 68 52 de
2080 2375 91 35 ces
2202 2355 286 55 dernières

484 2455 55 34 se
565 2449 195 40 trouve
783 2434 155 54 avoir
969 2434 53 52 la
1054 2435 166 51 même
1242 2435 235 69 période
1503 2457 24 27 »
1559 2453 109 52 que
1704 2434 420 70 l'harmonique
2150 2451 223 53 propre
2394 2449 62 36 en-

484 2514 171 51 tendu
696 2513 75 52 du
793 2514 371 50 résonnateur
1187 2528 62 34 en
1272 2513 183 66 forme
1492 2512 67 52 de
1585 2512 120 52 tube
1729 2529 21 42 ;
1878 2526 55 38 et
1966 2529 130 53 que,
2133 2531 28 31 «
2198 2512 100 52 des
2322 2528 162 36 TUBES

482 2604 264 45 CONIQUES
774 2604 66 36 EN
866 2604 194 35 LAITON
1088 2588 318 68 répondent
1442 2587 154 53 aussi
1630 2606 108 35 aux
1798 2587 418 72 harmoniques
2251 2589 69 52 de
2368 2588 117 52 letr

482 2683 102 33 son
609 2682 203 52 propre
847 2686 48 42 »,
923 2682 128 34 sans
1079 2681 108 52 que
1223 2664 329 53 Helmholtz
1601 2664 76 53 ait
1720 2664 72 53 ici
1830 2667 249 69 spécifié,
2129 2668 68 52 de
2242 2665 244 71 quelque

482 2739 248 53 manière
763 2757 108 51 que
925 2757 59 34 ce
1014 2739 129 65 soit,
1172 2757 109 52 que
1308 2753 141 39 cette
1480 2745 242 65 réponse
1748 2740 86 55 fût
1869 2756 159 40 autre
2065 2743 171 53 chose
2282 2761 109 52 que
2442 2743 44 52 le

482 2833 104 34 son
618 2816 66 51 de
727 2815 417 70 l'harmonique
1174 2816 141 53 émis
1360 2818 141 52 dans
1548 2818 52 52 la
1630 2836 187 35 masse
1851 2819 267 53 aérienne
2152 2820 330 64 extérieure,

482 2908 220 35 comme
736 2893 130 50 c'est
890 2891 49 51 le
972 2909 89 34 cas
1085 2909 147 52 pour
1256 2894 78 52 les
1370 2896 403 53 résonnateurs

552 2965 206 55 Faut-il
785 2968 256 69 rappeler
1079 2969 52 52 la
1164 2990 24 27 «
1226 2969 266 53 citation»
1534 2973 70 50 de
1657 2971 81 52 M.
1795 2973 289 53 Riemann
2121 2975 20 51 ?
2197 2974 91 52 En
2340 2973 141 54 voici

481 3043 297 53 l'essentiel
814 3059 12 36 :
858 3067 92 31 «...
986 3046 108 51 Les
1122 3049 403 52 résonnateurs
1581 3051 247 66 (SPHÈRES
1863 3069 227 36 creuses
2112 3070 68 36 DE
2227 3053 255 70 VERRE)...

482 3117 333 70 produisent
1224 3120 119 52 leur
1355 3138 98 35 son
1737 3140 220 52 propre
1346 3125 195 67 quand
1573 3143 80 35 un
1679 3126 99 52 des
1818 3128 129 69 plus
1972 3129 244 70 proches
2259 3129 188 53 harmo-

481 3195 202 69 niques
715 3196 324 69 supérieurs
1084 3199 69 52 de
1186 3217 58 34 ce
1277 3217 106 35 son
1414 3218 209 53 propre
1648 3204 252 54 retentit.
1933 3228 24 27 »

555 3272 76 51 Le
661 3271 281 53 troisième
964 3295 24 26 «
1011 3274 358 68 phénomène
1395 3294 28 33 »
1451 3276 249 73 invoqué
1727 3298 101 52 par
1845 3281 77 54 M.
1938 3281 289 55 Riemann
2242 3298 86 39 est
2347 3283 135 54 celui

484 3349 96 50 des
614 3369 24 27 «
683 3365 132 36 sons
840 3350 304 53 résultants
1173 3373 24 26 »
1226 3352 239 54 suscités
1517 3373 103 53 par
1681 3357 316 55 l'émission
2042 3360 341 56 simultanée
2420 3363 61 50 de

484 3424 143 52 deux
659 3441 132 36 sons
824 3426 67 52 de
913 3425 241 54 hauteur
1177 3426 311 57 différente.
1516 3432 164 54 Nous
1707 3434 215 53 l'avons
1966 3455 73 36 vu
2075 3451 128 59 trop
2249 3449 235 43 souvent

485 3500 237 68 exploité
750 3519 101 52 par
870 3502 78 52 M.
986 3504 458 73 Riemann,pour
1465 3511 118 50 être
1615 3512 220 70 surpris
1864 3515 67 51 de
1967 3530 334 40 rencontrer
2331 3516 70 54 ici
2429 3531 52 37 ce

486 3598 23 25 «
541 3577 350 68 phénomène
914 3582 330 71 acoustique
1261 3603 49 48 »,
1319 3599 55 39 et
1386 3603 148 36 nous
1553 3589 213 52 devons
1788 3604 289 42 constater
2099 3592 383 73 que,destrois

485 3651 133 52 cités
664 3671 218 37 comme
909 3660 302 70 exemples,
1247 3662 223 55 celui-ci
1502 3679 85 39 est
1623 3665 48 53 le
1705 3667 120 52 seul
1873 3666 193 56 idoine
2095 3674 31 49 à
2157 3672 324 54 démontrer

487 3727 437 69 pertinemment
950 3754 28 31 «
1012 3735 49 52 la
1079 3745 403 49 communauté
1508 3742 99 52 des
1633 3744 406 55 conditionsde
2066 3750 347 68 production
2436 3758 45 41 et

487 3803 66 52 de
586 3816 243 43 teneur»
862 3812 29 48 à
933 3810 206 71 l'égard
1173 3815 66 52 de
1276 3836 24 27 «
1336 3834 133 35 sons
1502 3835 201 53 graves
1728 3824 319 68 engendrés
2072 3843 104 53 par
2208 3827 101 54 des
2355 3839 125 42 sons
