2557 4338
719 723 171 84 LES
959 718 434 86 VRILLES
1459 718 137 84 DE
1663 718 137 84 LA
1858 715 353 84 VIGNE

1361 1176 420 46 TOBY-CHIEN
1801 1176 100 43 ET
1915 1175 85 43 LA
2022 1173 326 55 MUSIQUE.

539 1371 57 13 ...
657 1330 394 71 Toby-Chien,
1126 1330 49 50 le
1237 1328 140 69 petit
1435 1327 117 53 bull
1618 1343 108 53 que
1801 1324 438 69 j'interviewais,
2312 1342 100 51 pro-

466 1421 139 39 testa
639 1422 12 37 :

639 1484 87 53 Ne
759 1498 88 36 me
880 1482 143 52 dites
1048 1500 100 52 pas
1181 1498 108 54 que
1322 1497 49 50 je
1404 1481 203 52 n'aime
1634 1498 99 51 pas
1755 1481 51 50 la
1830 1479 267 70 musique
2128 1484 10 46 !
2166 1479 291 52 Personne

466 1562 139 49 n'est
629 1561 100 50 fixé
770 1559 295 63 là-dessus,
1094 1570 52 40 et
1170 1556 399 54 moi-même...

538 1636 43 52 Il
609 1634 404 70 s'interrompit
1058 1648 54 38 et
1166 1639 130 47 rêva
1348 1651 77 35 un
1479 1633 232 62 instant,
1747 1650 102 34 son
1896 1632 129 52 bref
2056 1644 238 40 menton
2354 1648 66 52 ap-

466 1716 146 66 puyé
646 1728 95 36 sur
766 1728 85 33 ses
869 1723 182 57 pattes
1073 1712 67 51 de
1162 1711 221 52 devant.
1420 1708 168 53 Trois
1616 1708 108 70 plis
1773 1708 215 70 pensifs
2045 1708 254 70 rayaient
2352 1724 105 36 son

466 1788 171 53 mufle
659 1787 196 70 bringé
875 1811 14 38 ;
916 1806 58 34 sa
999 1787 146 52 lèvre
1171 1788 159 51 noire
1353 1798 53 41 et
1452 1787 197 68 laquée
1682 1785 232 70 pendait
1954 1788 207 61 amère,
2211 1798 74 53 et,
2321 1802 102 36 con-

465 1864 274 69 templant
780 1881 102 34 son
913 1863 152 52 front
1095 1862 259 69 puissant
1385 1876 54 38 et
1463 1863 225 66 bossué,
1726 1863 47 66 je
1827 1862 90 53 fus
1956 1862 230 71 frappée
2223 1879 147 54 pour
2404 1863 53 52 la

466 1940 276 69 première
781 1939 106 52 fois
919 1940 66 51 de
1011 1957 59 33 sa
1094 1938 411 53 ressemblance
1546 1957 129 33 avec
1708 1939 350 52 Beethoven.

536 2017 46 50 Il
615 2015 216 52 rouvrit
869 2033 85 33 ses
996 2032 144 52 yeux
1189 2014 338 66 batraciens,
1575 2031 53 38 et
1662 2015 50 52 la
1752 2017 416 50 ressemblance
2216 2029 239 57 auguste

468 2092 270 69 disparut.
774 2093 51 49 A
850 2094 244 66 présent,
1119 2092 76 50 les
1227 2092 227 52 narines
1479 2092 235 52 fendues
1739 2105 55 39 et
1818 2097 373 59 retroussées,
2228 2093 77 52 les
2340 2094 90 70 glo-

468 2169 96 52 bes
590 2166 249 54 saillants
855 2168 97 51 des
972 2168 507 68 yeuxrappelaient
1498 2168 433 53 lointainement
1946 2169 216 70 Joseph
2182 2169 277 67 Reinach,

466 2262 66 34 en
557 2245 124 67 plus
705 2243 306 53 humain...

623 2318 196 53 J'aime
842 2319 51 52 la
924 2319 284 71 musique,
1232 2320 174 70 reprit
1448 2321 403 69 Toby-Chien,
1893 2339 91 36 car
2008 2323 50 67 je
2089 2323 53 52 la
2167 2324 235 52 redoute
2437 2342 13 47 ;

468 2395 274 66 craindre,
771 2398 130 49 c'est
933 2413 240 52 presque
1195 2398 257 67 toujours
1490 2396 193 54 aimer.

626 2470 51 55 O
704 2473 241 67 profond
987 2473 400 69 psychologue,
1423 2474 78 52 lui
1527 2474 187 67 dis-je,
1745 2474 400 53 éclairez-moi.
2203 2478 82 49 De
2327 2476 130 69 quel

468 2564 199 36 amour
700 2549 144 51 donc
877 2547 508 70 enveloppez-vous
1405 2568 57 34 ce
1495 2568 109 51 que
1630 2568 142 35 vous
1797 2550 265 71 désignez
2105 2553 136 53 d'un
2275 2566 178 41 terme

469 2625 184 67 ample
698 2638 52 38 et
788 2641 176 51 vague
999 2639 11 35 :
1061 2625 51 51 la
1146 2625 286 70 Musique,
1456 2639 155 41 toute
1645 2627 50 53 la
1717 2626 268 71 Musique
2017 2630 20 50 ?

536 2699 377 68 Toby-Chien
945 2700 182 53 hésita
1155 2715 11 37 :

640 2774 59 54 Si
732 2775 47 66 je
812 2775 231 68 précise,
1093 2779 295 52 avoua-t-il
1441 2796 129 35 avec
1616 2798 110 34 une
1780 2780 278 53 modestie
2107 2781 348 67 charmante,

469 2852 50 68 je
555 2851 118 52 vais
720 2851 315 55 bafouiller.
1061 2854 156 52 Vous
1265 2871 69 35 ne
1367 2873 197 35 saurez
1595 2856 197 69 jamais
1839 2875 60 34 ce
1924 2875 110 52 que
2067 2859 209 53 souffre
2335 2878 110 35 une

469 2932 123 46 âme
632 2927 351 69 compliquée
1024 2945 218 37 comme
1269 2930 51 52 la
1341 2930 248 68 mienne,
1623 2932 219 71 obligée
1871 2934 67 52 de
1971 2951 58 35 se
2068 2935 250 53 traduire
2350 2954 103 52 par

470 3020 76 34 un
578 3002 352 53 vocabulaire
957 3005 66 52 de
1056 3005 128 71 cinq
1230 3021 155 38 cents
1424 3021 171 40 mots.
1640 3010 212 52 Illettré
1913 3011 240 65 sensitif,
2191 3012 149 52 voilà
2385 3031 59 35 ce

470 3095 108 51 que
632 3078 47 66 je
731 3078 134 66 suis,
901 3096 219 36 comme
1155 3082 49 51 la
1236 3083 229 69 plupart
1499 3085 98 52 des
1630 3086 170 69 petits
1842 3086 405 70 bouledogues.
2285 3090 76 52 Et
2398 3091 50 51 la

470 3152 261 70 musique
764 3170 298 53 augmente
1087 3174 93 34 ma
1217 3157 203 53 misère
1458 3177 69 33 en
1554 3174 242 39 ouvrant
1842 3179 70 34 en
1941 3162 118 52 moi
2092 3165 99 50 des
2241 3165 214 67 jardins

472 3228 321 67 enchantés,
822 3229 95 53 des
950 3231 176 68 palais
1169 3233 310 68 lumineux,
1509 3236 97 51 des
1651 3250 210 54 grottes
1888 3238 72 52 où
1994 3238 283 55 frissonne
2330 3242 103 53 l'in-

472 3304 455 54 connaissable...

470 3455 68 68 je,
567 3458 302 52 déférente.

635 3532 92 52 Oh
765 3541 8 44 !
830 3551 134 51 non,
1000 3536 51 53 la
1105 3537 323 53 dimension
1482 3539 285 54 ordinaire
1815 3542 208 53 suffira.
2087 3544 77 54 Et
2195 3548 129 68 puis
2378 3566 70 36 ne

468 3608 454 71 m'interrompez
966 3629 100 53 pas
1093 3631 219 37 comme
1338 3633 61 50 ça
1430 3629 124 40 tout
1587 3617 48 52 le
1668 3632 204 57 temps,
1908 3619 90 68 j'ai
2031 3621 125 68 déjà
2190 3641 157 37 assez
2379 3627 67 52 de

468 3684 176 51 mal...
679 3684 78 52 La
798 3687 283 69 Musique,
1129 3689 317 69 disais-je...
1496 3694 105 51 elle
1627 3708 83 38 est
1749 3708 247 56 partout.
2044 3698 156 52 Dans
2223 3702 48 51 le
2317 3716 133 39 vent

468 3758 217 52 d'ouest
709 3777 232 52 rauque,
972 3769 206 50 enroué
1200 3767 67 52 de
1293 3768 51 52 la
1374 3769 154 69 pluie
1555 3770 137 69 qu'il
1747 3786 298 56 apporte...
2074 3776 141 52 dans
2241 3778 52 52 la
2338 3779 119 55 bise
