2557 4338
501 265 58 32 20

1068 264 57 30 LE
1160 262 242 33 MERCURE
1435 260 222 34 MUSICAL
1776 242 166 51 1-I-0Ô

570 464 105 51 Les
704 483 24 30 «
756 481 131 34 sons
924 462 304 53 résultants
1248 478 28 33 »
1327 463 156 50 étant
1535 461 53 52 la
1640 463 393 66 conséquence
2059 461 68 53 de
2155 460 353 54 battements

497 553 155 40 entre
847 541 85 52 deux
933 556 95 35 sons
1525 537 334 66 simultanés,
1367 551 54 39 et
1442 538 78 51 M.
1557 537 287 52 Riemann
1866 552 210 38 venant
2096 539 68 52 de
2189 556 145 35 vous
2353 538 130 53 affir-

496 635 122 34 mer
666 635 107 50 que
815 617 51 49 la
891 614 140 52 série
1070 614 97 51 des
1212 635 23 26 «
1285 630 134 35 sons
1445 612 301 54 inférieurs
1781 636 27 28 »
1850 627 84 39 est
1978 614 271 71 produite
2294 633 105 52 par
2424 616 85 52 les

494 693 308 53 vibrations
826 689 324 54 successives
1182 689 128 52 d'un
1343 707 125 50 son,
1494 690 68 53 de
1593 712 23 27 «
1642 703 127 41 tout
1795 710 106 34 son
1926 715 25 26 »
1998 692 299 53 considéré
2336 692 145 53 isolé-

492 781 173 48 ment,
716 765 199 52 devine
937 764 98 70 qui
1074 782 212 52 pourra
1324 782 60 35 ce
1419 765 167 54 rébus
1612 767 294 56 conclusif.
1948 770 80 53 Le
2054 782 148 41 reste
2244 770 75 53 du
2353 787 117 36 mor-

490 861 151 48 ceau,
670 842 164 52 sinon
876 843 75 53 du
988 842 270 71 chapitre,
1296 861 57 35 se
1386 844 234 53 déroule
1676 849 30 48 à
1739 845 304 69 l'avenant,
2099 848 253 71 échappe
2388 852 30 48 à
2457 848 52 52 la

488 918 318 53 discussion
839 932 52 39 et
925 937 56 34 se
1013 920 208 54 dérobe
1252 924 30 48 à
1314 934 156 41 toute
1508 923 264 71 analyse;
1814 942 75 35 on
1910 943 38 52 y
1984 938 304 41 rencontre
2315 929 29 48 à
2373 924 136 53 bien

487 1013 108 52 peu
621 999 128 66 près
782 1008 198 41 autant
1017 998 299 65 d'erreurs,
1376 999 69 52 de
1498 1000 453 54 contradictions
2000 1021 73 34 ou
2119 1002 385 54 d'absurdités

487 1091 108 52 que
631 1074 66 51 de
723 1071 200 72 lignes.
968 1075 455 66 Littéralement,
1450 1078 133 52 c'est
1615 1079 67 52 de
1717 1079 50 52 la
1790 1080 235 54 bouillie
2047 1098 146 53 pour
2218 1083 80 51 les
2322 1080 183 58 chats.

1748 1191 135 55 Jéan
1917 1191 268 55 Marnold.

759 1275 70 69 {A
955 1276 123 53 suivr
