2557 4338
1041 248 59 30 LE
1134 241 239 35 MERCURE
1408 236 220 34 MUSICAL
1755 216 157 45 l-l-OÔ

481 258 61 44 30

481 468 111 36 nent
623 456 266 55 implorent,
904 450 317 44 démontrent,
1234 441 221 52 réfutent,
1473 435 363 61 apostrophent,
1853 433 304 56 objurguent,
2174 436 309 48 invectivent,

481 524 227 41 allument
743 517 67 42 les
854 513 153 49 flûtes,
1039 510 214 41 écrasent
1275 504 70 44 les
1383 502 349 49 contrebasses,
1773 496 290 43 déchaînent
2098 494 70 42 les
2202 492 282 44 trombones

484 586 110 42 d'un
618 590 126 47 geste
780 577 227 49 créateur,
1030 584 62 28 ou
1127 574 253 50 aspergent
1403 565 67 42 les
1496 562 231 57 premiers
1741 559 190 45 violons
1957 559 113 42 d'un
2083 557 252 57 goupillon
2364 554 120 57 agile

482 653 162 37 autant
656 635 370 64 qu'imaginaire.
1053 634 133 41 Cette
1209 630 264 55 éloquence
1492 625 94 43 très
1608 623 207 52 étudiée,
1846 621 83 57 qui
1947 620 83 44 fait
2043 634 175 43 songer
2240 621 24 41 à
2276 619 208 57 quelque

485 703 321 49 sermonnaire
832 700 55 42 de
931 699 44 40 la
1018 694 156 45 vieille
1200 691 148 53 école,
1376 691 26 42 à
1432 703 65 29 un
1539 686 165 46 Jaurès
1735 701 61 28 vu
1832 687 59 42 de
1926 686 106 51 dos,
2077 684 188 43 distrait
2295 696 66 29 un
2392 695 93 43 peu

482 772 56 41 de
561 770 45 41 la
626 765 234 54 musique.
895 758 122 45 Mais
1039 771 82 43 pas
1148 769 132 30 assez
1304 767 10 31 :
1348 767 78 30 car
1450 752 104 43 l'art
1576 764 134 30 russe
1738 750 113 43 était
1867 748 274 59 représenté
2164 748 104 42 àce
2290 756 198 34 concert

476 845 85 44 par
579 831 44 40 la
646 830 47 41 6e
961 823 112 61 Symphonie
1074 822 58 42 de
1133 817 262 56 Glazounof,
1426 826 47 34 et
1492 828 93 31 une
1624 814 267 44 Ouverture
1916 814 59 42 de
2000 811 345 57 Tchaïkovsky
2362 824 124 44 pour

479 891 172 47 Roméo
673 899 43 35 et
734 889 208 43 Juliette.
983 884 119 45 Rien
1138 884 57 42 de
1230 879 257 52 Balakiref,
1521 879 48 43 ni
1588 879 58 43 de
1674 877 214 58 Rimsky,
1911 877 47 43 ni
1985 877 58 44 de
2067 875 263 52 Borodine,
2356 874 49 42 ni
2431 875 55 43 de

482 950 303 61 Liapounoff.
802 951 96 42 Ces
924 948 273 44 exclusions
1224 943 281 59 singulières
1525 950 320 48 surprennent
1869 940 156 43 moins
2050 940 39 43 si
2113 940 258 55 l'onsonge
2397 951 89 44 que

481 1019 66 44 M.
599 1012 205 47 Safonof
835 1021 70 36 est
951 1011 236 43 directeur
1225 1010 64 43 du
1323 1006 368 46 Conservatoire
1736 1006 58 42 de
1836 1006 222 51 Moscou,
2091 1004 210 55 quelque
2340 1001 146 43 chose

479 1091 185 32 comme
688 1077 42 42 le
750 1076 253 43 Théodore
1035 1073 185 42 Dubois
1249 1086 64 28 ou
1342 1068 286 45 l'Ambroise
1653 1068 212 42 Thomas
1892 1068 58 42 de
1977 1068 45 42 la
2048 1067 170 43 Russie
2243 1063 243 46 officielle.

485 1143 251 43 Comment
757 1141 124 42 donc
909 1134 391 46 reconnaîtrait-il
1323 1134 42 42 le
1403 1133 216 43 moindre
1643 1132 151 43 talent
1817 1132 27 42 à
1874 1131 168 43 l'école
2081 1145 136 27 russe
2241 1128 247 56 moderne,

482 1203 224 46 créatrice
731 1203 112 42 d'un
868 1209 70 35 art
961 1199 216 59 glorieux
1200 1199 18 43 ?
1249 1199 256 42 Comment
1530 1194 274 45 sentirait-il
1826 1194 44 43 la
1896 1194 171 43 beauté
2095 1195 83 41 des
2203 1193 146 43 fleurs
2376 1192 91 43 fraî-

482 1266 112 44 ches
644 1274 45 33 et
729 1277 230 43 sauvages
1006 1261 170 58 qu'elle
1221 1275 27 28 a
1271 1260 85 43 fait
1398 1259 157 43 éclore
1573 1259 19 43 ?
1641 1259 257 42 Comment
1940 1270 59 31 ne
2052 1255 293 46 veillerait-il
2385 1270 101 43 pas,

481 1340 174 45 casque
677 1340 57 29 en
758 1326 93 42 tête
876 1334 46 34 et
952 1325 135 43 lance
1114 1338 59 28 au
1192 1324 167 57 poing,
1383 1321 219 58 pompier
1633 1321 159 55 fidèle,
1820 1319 172 58 auprès
2036 1321 57 42 de
2132 1320 175 43 l'arche
2335 1320 150 43 sainte

484 1391 57 42 de
567 1391 44 41 la
640 1388 211 44 Banalité
876 1386 19 43 ?

541 1453 63 41 Le
630 1465 77 29 cas
733 1451 57 42 de
816 1448 275 45 Glazounof
1106 1456 70 35 est
1205 1448 251 53 attristant,
1489 1462 80 28 car
1594 1461 52 29 ce
1671 1448 145 55 jeune
1842 1446 331 58 compositeur
2198 1447 203 43 donnait
2431 1447 55 43 de

480 1513 204 57 grandes
706 1513 297 56 espérances,
1020 1519 45 34 et
1087 1510 63 43 tel
1176 1510 57 42 de
1260 1523 74 29 ses
1357 1512 197 54 poèmes
1567 1509 400 57 symphoniques,
1985 1509 44 43 la
2052 1510 113 43 Mer
2169 1545 11 16 ,
2207 1523 62 29 ou
2297 1509 191 44 Sterika

496 1578 193 57 Racine,
701 1574 188 57 plaisait
910 1588 87 43 par
1020 1588 64 29 un
1110 1573 176 43 coloris
1312 1586 171 30 encore
1519 1586 66 30 un
1618 1586 95 42 peu
1737 1586 128 42 gros,
1914 1573 120 44 mais
2077 1574 107 53 déjà
2227 1573 196 44 brillant
2447 1583 43 34 et

484 1637 162 43 nourri
674 1651 10 28 :
711 1651 61 28 on
796 1636 196 57 pouvait
1014 1636 157 42 saluer
1195 1649 58 29 en
1279 1635 66 43 lui
1370 1636 42 42 le
1439 1635 337 43 continuateur
1799 1636 132 42 futur
1956 1636 57 43 de
2062 1636 248 43 Balakiref
2342 1646 45 33 et
2432 1637 57 43 de

485 1698 211 56 Rimsky.
725 1698 38 41 Il
795 1698 106 42 n'en
934 1711 105 29 sera
1063 1697 119 51 rien,
1210 1711 79 28 car
1313 1697 42 43 le
1379 1697 127 43 voilà
1542 1697 82 56 qui
1649 1711 50 29 se
1722 1707 256 47 prosterne
2010 1700 27 41 à
2065 1712 90 29 son
2178 1708 112 35 tour
2314 1700 172 43 devant

485 1763 67 42 les
585 1760 153 44 idoles
763 1762 63 40 du
867 1759 112 43 faux
1002 1759 311 51 classicisme,
1346 1759 57 43 de
1442 1760 46 42 la
1512 1759 230 43 tradition
1769 1762 181 43 d'école
1975 1772 45 33 et
2044 1763 59 42 de
2128 1763 45 42 la
2213 1780 23 24 «
2268 1763 221 56 musique

484 1835 116 44 pure
637 1839 19 23 »
683 1821 27 42 à
739 1821 315 42 l'allemande.
1080 1821 63 44 Sa
1163 1821 286 56 symphonie
1472 1830 86 45 est,
1581 1821 39 44 si
1647 1823 95 42 l'on
1768 1833 125 44 veut,
1921 1824 113 43 bien
2066 1825 147 43 écrite
2237 1840 126 42 pour
2389 1825 84 43 l'or-

485 1885 181 42 chestre
688 1899 8 27 :
719 1898 64 28 un
807 1884 105 56 prix
937 1885 56 41 de
1023 1885 149 41 Rome
1190 1898 58 28 ne
1274 1882 138 45 ferait
1435 1898 85 43 pas
1547 1885 176 43 mieux.
1754 1886 120 43 Mais
1902 1887 89 42 elle
2018 1898 71 33 est
2131 1889 278 57 dépourvue
2436 1890 57 42 de

482 1955 107 34 tout
612 1946 170 42 intérêt
807 1945 218 52 musical,
1053 1946 168 56 depuis
1247 1960 87 29 son
1359 1946 205 56 premier
1597 1961 243 41 morceau,
1867 1964 92 42 que
1986 1950 213 58 défigure
2245 1966 95 29 une
2368 1961 125 34 sorte

485 2011 58 42 de
581 2008 162 43 choral
762 2017 266 47 protestant
1054 2009 161 56 (genre
1260 2011 670 59 Reformation-Symphony),
1954 2014 224 58 jusqu'au
2216 2016 143 43 finale
2405 2030 89 29 aux

486 2069 184 45 cuivres
697 2070 249 55 vulgaires,
970 2083 58 31 en
1053 2079 195 49 passant
1270 2086 85 42 par
1374 2086 66 28 un
1472 2072 204 57 insipide
1702 2073 160 46 thème
1884 2077 130 42 varié
2036 2087 45 33 et
2109 2092 66 28 un
2201 2078 292 44 intermezzo

487 2147 110 29 sans
618 2134 135 54 grâce
796 2133 48 42 ni
881 2134 93 54 joie
1002 2147 10 29 :
1040 2134 232 43 mélodies
1313 2144 176 46 ternes,
1539 2136 276 45 harmonies
1862 2139 367 57 inexpressives,
2283 2143 211 57 rythmes

485 2204 302 42 monotones,
807 2195 65 42 tel
899 2204 70 34 est
993 2195 42 43 le
1060 2196 318 56 signalement
1402 2199 57 42 de
1484 2208 124 34 cette
1648 2200 219 57 musique
1896 2204 25 40 à
1956 2213 106 34 tout
2105 2205 136 53 faire,
2269 2205 83 57 qui
2377 2208 119 41 n'est

484 2268 83 44 pas
592 2256 106 56 plus
725 2270 133 29 russe
881 2257 348 56 qu'allemande
1254 2274 64 28 ou
1357 2260 252 55 française,
1656 2276 65 28 ou
1764 2263 172 56 plutôt,
1963 2265 132 44 hélas
2124 2270 8 39 !
2165 2268 81 56 qui
2283 2277 73 35 est
2392 2277 104 35 tout

486 2318 100 42 cela
614 2319 26 41 à
660 2318 43 43 la
729 2318 90 43 fois
846 2333 10 29 :
880 2333 79 28 car
990 2333 64 29 on
1077 2321 44 43 la
1148 2331 232 42 retrouve,
1407 2324 220 55 toujours
1647 2327 198 55 pareille
1872 2328 26 42 à
1923 2329 294 54 elle-même,
2243 2332 119 43 dans
2386 2342 108 33 tous

484 2379 67 44 les
574 2394 114 42 pays
713 2382 58 40 de
788 2380 242 57 l'Europe,
1056 2390 46 35 et
1121 2383 103 43 cela
1247 2385 74 42 n'a
1346 2385 240 44 d'ailleurs
1609 2401 184 31 aucune
1818 2389 315 57 importance.
2151 2394 67 43 Ce
2244 2395 82 56 qui
2345 2395 149 45 existe

484 2455 26 29 a
536 2441 103 43 seul
660 2442 56 44 de
748 2441 340 57 l'importance.

541 2505 157 54 Quant
717 2506 24 41 à
762 2505 298 44 l'Ouverture
1080 2507 58 43 de
1163 2509 357 58 Tchaïkovsky,
1538 2511 115 45 c'est
1671 2528 95 29 une
1789 2524 132 35 autre
1947 2517 163 45 affaire
2136 2534 174 30 encore
2331 2535 11 29 :
2356 2521 59 43 ici
2442 2535 51 31 ce

482 2580 31 26 n
532 2576 68 32 est
622 2580 84 42 pas
733 2568 267 42 seulement
1016 2583 95 30 une
1138 2571 207 43 banalité
1368 2586 134 29 assez
1538 2573 258 47 innocente
1822 2591 59 31 en
1916 2594 205 43 somme,
2147 2585 221 43 c'estune
2394 2586 75 56 pré-

479 2628 201 53 tention,
706 2643 93 28 une
816 2629 135 43 vaine
978 2641 45 31 et
1040 2632 142 43 molle
1209 2634 242 55 emphase,
1473 2651 65 28 un
1564 2649 313 35 romantisme
1903 2643 58 42 de
1982 2644 313 55 mélodrame,
2321 2662 145 31 souve-

481 2690 267 43 rainement
772 2693 368 57 antipathiques.
1168 2695 50 45 Si
1244 2698 276 43 Glazounof
1540 2714 50 29 se
1620 2703 118 54 plaît
1764 2705 305 56 aujourd'hui
2094 2709 25 42 à
2159 2713 288 43 ressembler
2471 2713 24 43 à

485 2752 66 44 M.
572 2752 254 54 d'Olonne,
846 2755 336 60 Tchaïkovsky
1206 2760 469 58 rappelleraitplutôt
1693 2766 67 42 M.
1783 2768 273 57 Lenepveu.
2071 2773 135 43 Cette
2227 2775 267 43 Ouverture

484 2816 81 49 (où
589 2815 95 41 l'on
710 2816 170 51 relève,
903 2831 57 29 en
980 2827 150 46 outre,
1157 2835 66 29 un
1244 2823 226 44 souvenir
1501 2826 95 43 très
1619 2827 151 45 direct
1802 2831 58 42 de
1887 2832 206 59 Berlioz)
2123 2835 71 43 fut
2216 2840 220 43 montrée
2470 2840 24 42 à

484 2876 255 54 Balakiref,
766 2878 81 56 qui
872 2879 45 42 la
938 2888 169 36 trouva
1133 2884 254 44 mauvaise.
1416 2888 272 55 Remaniée,
1710 2891 91 43 elle
1827 2907 59 30 ne
1920 2895 163 44 devint
2102 2912 86 42 pas
2215 2901 249 44 meilleure
2483 2919 8 26 :

485 2938 89 43 elle
593 2939 122 42 avait
739 2940 124 43 donc
884 2950 108 35 tous
1016 2943 66 44 les
1108 2944 131 46 titres
1253 2947 26 42 à
1304 2948 44 42 la
1371 2948 164 44 faveur
1561 2952 55 43 de
1641 2953 66 44 M.
1731 2954 218 57 Safonof,
1971 2959 237 46 directeur
2226 2966 114 42 d'un
2364 2966 93 43 Con-

485 3001 256 43 servatoire
766 3005 62 39 où
854 3005 66 43 M.
950 3006 467 58 Rimsky-Korsakof
1439 3013 276 59 n'enseigne
1742 3032 100 42 pas.

536 3064 42 40 A
600 3076 53 29 ce
675 3065 151 43 même
846 3077 209 42 concert,
1082 3070 45 42 la
1145 3071 239 46 Sérénade
1402 3076 56 42 de
1484 3077 188 45 Mozart
1714 3081 113 42 était
1860 3084 225 46 exécutée
2126 3103 113 29 avec
2283 3091 208 51 quelque

484 3126 299 54 exagération
809 3128 57 42 de
887 3142 229 41 nuances,
1143 3142 44 33 et
1214 3136 99 39 Mlle
1337 3137 268 46 Lubochitz
1638 3144 285 55 recueillait,
1943 3161 90 43 par
2056 3150 47 42 la
2123 3152 160 45 sûreté
2320 3156 58 42 de
2405 3169 88 30 son

486 3187 117 54 style
632 3197 46 33 et
701 3188 245 57 l'ampleur
980 3192 125 44 aisée
1130 3196 64 41 du
1227 3210 104 39 son,
1359 3199 85 44 des
1470 3202 171 44 bravos
1667 3207 257 44 unanimes
1950 3211 120 44 dans
2095 3213 43 44 le
2180 3216 229 46 Concerto
2436 3220 57 43 de

485 3248 275 44 Beethoven
806 3253 122 42 Mais
953 3267 92 43 que
1069 3255 189 55 j'aurais
1284 3260 160 44 mieux
1467 3263 85 43 fait
1575 3265 163 44 d'aller
1760 3272 248 54 entendre,
2025 3288 93 31 aux
2142 3278 234 46 Concerts
2404 3282 58 43 Co-

485 3310 162 52 lonne,
674 3311 42 43 le
729 3314 233 44 délicieux
989 3318 146 44 Conte
1154 3321 170 43 d'avril
1341 3324 57 42 de
1417 3325 188 56 Widor,
1625 3342 79 39 ou,
1731 3344 61 29 au
1817 3333 391 63 Conservatoire,
2227 3343 42 43 le
2288 3345 203 44 Prélude

482 3385 28 28 a
532 3372 14 41 l
562 3375 272 54 après-midi
861 3376 30 43 d
908 3391 58 28 un
989 3380 165 43 Faune
1177 3384 114 52 (oui,
1317 3386 352 59 messeigneurs
1691 3392 30 55 !)
1749 3394 149 58 dirigé
1933 3413 86 42 par
2041 3400 269 50 l'excellent
2335 3408 156 49 Martv

487 3434 172 44 devant
680 3450 65 28 un
769 3438 164 56 public
966 3455 90 42 que
1084 3443 66 42 M.
1182 3445 158 44 Pierre
1380 3450 117 43 Lalo
1522 3453 279 56 appellerait
1822 3472 66 30 un
1914 3462 166 55 public
2118 3467 59 44 de
2202 3469 171 45 mufles
2419 3471 71 46 s'il

486 3497 191 43 écrivait
697 3500 116 43 dans
837 3516 66 28 un
927 3507 189 52 journal
1144 3508 156 44 moins
1326 3512 188 44 sérieux
1532 3518 8 38 !
2381 3508 10 17 3

543 3559 49 40 Si
618 3560 73 52 j'ai
724 3561 115 44 failli
866 3566 213 44 maudire
1125 3569 65 44 M.
1234 3572 208 45 Safonof
1469 3577 272 59 dimanche,
1780 3584 43 56 je
1864 3585 192 49 l'aurais
2085 3593 268 48 volontiers
2381 3599 110 45 béni

482 3634 308 94 saîlePlevef
828 3640 272 89 LsTrS
1125 3646 57 83 A*
1207 3648 46 28 ™
1258 3649 170 44 USlque
2450 3653 46 29 an
1920 3664 60 29 en
2006 3668 89 29 son
2128 3657 221 48 honneur
2386 3664 105 43 àla

578 3688 200 54 ePJeyel
826 3690 67 42 La
914 3693 184 44 Société
1125 3697 55 41 de
1206 3700 224 45 Concerts
1449 3705 26 42 d
1492 3711 319 43 instruments
1831 3715 193 46 anciens
2061 3729 71 34 est
2165 3730 108 40 trop
2300 3740 188 30 connue

485 3757 123 41 pour
633 3759 89 41 que
745 3762 42 41 je
813 3751 44 41 la
880 3766 217 42 présente
1117 3758 24 42 à
1158 3772 88 31 nos
1263 3761 206 47 lecteurs
1497 3781 9 29 :
1533 3782 77 30 ces
1628 3772 260 47 excellents
1914 3779 189 47 artistes
2130 3785 120 49 (Mme
2270 3789 36 42 H
2357 3792 107 42 Casa-

486 3805 415 60 dessus-Dellerba,
948 3818 110 47 MM.
1083 3822 142 44 Henri
1247 3829 49 41 et
1321 3828 175 46 Marcel
1512 3832 301 58 Casadessus,
1836 3841 61 44 M.
1924 3843 183 59 Nanny,
2123 3850 349 61 MUeDelcourt)
