2557 4338
1003 269 58 31 LE
1096 263 242 35 MERCURE
1373 257 221 36 MUSICAL
1725 237 155 48 l-I-OÔ

446 280 54 29 22

449 484 161 65 Lyon
637 479 95 70 qui
779 478 140 52 dans
950 474 51 52 la
1041 469 168 55 suitte
1255 486 29 34 a
1315 478 85 41 ete
1432 480 169 37 cause
1635 461 67 51 de
1750 475 61 35 sa
1846 454 283 72 repletion
2154 453 92 69 (i).
2302 450 148 51 Mais

449 562 285 66 nimporte
766 573 29 33 a
822 550 243 71 quelque
1098 547 167 52 chose
1292 541 263 54 malheur
1579 549 85 41 est
1695 535 116 53 bon
1843 549 75 37 on
1945 533 118 50 fera
2096 547 80 36 un
2209 525 223 74 profess
2434 533 19 21 1

450 635 155 54 vocal
628 651 70 34 en
729 632 201 66 langue
962 620 273 74 angloise,
1273 635 110 54 peu
1418 618 67 50 de
1518 613 254 54 naturels
1799 607 246 69 françois
2070 624 144 36 vous
2242 606 51 51 la
2318 619 102 37 con-

453 721 290 44 testeront.
776 705 64 51 Je
864 718 140 37 vous
1029 698 142 54 dirai
1204 713 110 53 que
1342 695 88 69 jay
1457 709 160 51 resçu
1644 689 126 53 huit
1791 684 371 72 exemplaires
2196 682 75 52 du
2314 680 139 52 livre

454 790 66 51 de
544 788 52 51 M
653 781 266 53 Vaillant.
952 779 64 51 Je
1042 774 114 54 croi
1198 790 109 54 que
1336 789 143 34 vous
1512 785 68 37 en
1607 784 164 37 aures
1803 783 29 34 a
1855 775 189 42 vostre
2073 774 196 41 retour
2298 773 155 38 unne

455 860 225 74 pareille
733 854 275 74 quantité.
1060 854 62 51 Je
1157 868 70 35 ne
1279 850 89 70 lay
1401 846 163 73 point
1607 842 258 55 examine
1912 858 112 34 nen
2074 850 170 58 ayant
2293 834 161 71 point

454 954 167 37 encor
647 936 66 51 de
746 934 152 52 relié.
936 931 64 52 Je
1025 947 143 35 vous
1201 928 252 52 donnere
1489 921 154 56 aussi
1683 938 153 37 unne
1862 919 179 69 figure
2068 916 67 52 de
2177 915 51 51 la
2253 914 200 49 Venus

455 1015 179 52 darles
667 1028 108 53 que
798 1009 88 70 jay
911 1006 292 70 dessignée
1228 1020 100 37 sur
1352 1019 152 37 unne
1522 997 336 72 estampedu
1894 1015 15 33 i
1922 1002 39 23 er
1985 994 138 53 livre
2151 1008 130 35 avec
2300 991 148 51 deux

455 1089 290 56 médaillés
771 1103 268 54 grecques
1074 1095 53 40 et
1159 1099 151 36 unne
1349 1079 296 68 obélisque
1672 1075 150 71 erige
1857 1090 69 36 en
1959 1071 287 53 lhonneur
2275 1079 53 39 et
2354 1063 100 72 qui

458 1166 147 55 avoit
625 1178 85 39 ete
737 1164 321 68 longtemps
1085 1157 279 55 ensevelie
1399 1156 171 52 soubs
1601 1154 81 52 les
1707 1152 193 52 ruines
1923 1150 75 52 du
2040 1147 246 51 Theatre
2319 1160 104 34 con-

456 1246 151 50 sacré
629 1244 29 49 à
687 1240 215 51 Venus.
925 1239 62 50 Je
1011 1236 115 52 croi
1154 1253 108 52 que
1288 1250 140 36 vous
1451 1248 171 36 naves
1649 1246 100 54 pas
1771 1245 59 34 ce
1865 1226 138 52 livre
2037 1225 53 51 la
2114 1221 99 72 qui
2248 1239 74 34 na
2356 1237 99 52 pas

456 1336 68 35 eu
557 1317 143 70 hycy
745 1331 78 36 un
873 1314 176 69 grand
1096 1328 164 35 cours
1303 1310 150 52 faute
1484 1305 382 71 dexemplaire
1912 1315 54 39 et
1997 1302 141 52 dont
2175 1297 48 70 je
2257 1296 200 54 navois

454 1394 161 69 point
637 1390 245 53 entendu
907 1389 186 69 parler
1117 1400 53 39 et
1189 1404 108 52 que
1324 1385 90 71 jay
1437 1397 198 40 trouve
1668 1394 159 40 entre
1851 1380 79 53 les
1954 1377 186 53 mains
2167 1377 137 52 d'un
2330 1372 104 55 reli-

456 1470 163 71 gieux
657 1485 29 34 a
720 1465 336 54 Saint-Leu.

666 1565 24 28 «
722 1545 63 51 Je
827 1541 116 53 suis
968 1542 60 51 M
1030 1550 18 19 r

1861 1631 25 27 «
1932 1611 326 51 Ladvocat.
2289 1627 27 30 »

525 1818 223 56 N'est-il
802 1834 100 52 pas
943 1815 231 54 curieux
1220 1818 63 48 de
1316 1814 125 52 voir
1476 1831 60 34 ce
1584 1831 169 53 grave
1790 1811 317 66 conseiller,
2148 1810 99 71 qui
2279 1810 108 54 cite
2431 1814 31 48 à

455 1909 125 41 tout
601 1912 212 53 propos
840 1895 98 51 des
964 1905 176 40 textes
1173 1891 169 53 latins
1380 1904 54 38 et
1456 1907 180 53 grecs,
1670 1889 191 53 railler
1905 1893 31 49 à
1966 1889 149 52 froid
2159 1889 50 51 le
2246 1904 214 55 pauvre

456 1973 158 62 abbé,
653 1988 145 52 pour
836 1988 58 34 ce
927 1969 135 69 qu'il
1107 1970 88 50 n'a
1253 1969 128 69 plus
1435 1969 53 49 la
1542 1965 184 69 jambe
1772 1966 130 52 bien
1947 1965 132 53 faite
2117 1978 54 39 et
2211 1965 51 52 la
2308 1965 152 52 taille

456 2049 238 53 amincie
720 2049 21 51 ?
773 2049 72 51 Et
872 2048 213 50 d'autre
1119 2059 125 56 part
1275 2045 213 51 n'est-il
1522 2063 99 52 pas
1650 2055 266 42 amusant
1941 2044 66 51 de
2043 2041 327 71 s'imaginer
2401 2059 61 34 ce

456 2129 127 49 curé
610 2125 66 51 de
704 2121 273 54 Beauvais
1013 2125 114 66 qui,
1154 2121 320 70 vingt-cinq
1510 2138 101 34 ans
1640 2121 128 69 plus
1804 2120 146 64 tard,
1985 2119 157 52 allait
2171 2119 138 52 faire
2332 2135 99 54 par-

456 2201 74 54 tie
555 2201 66 51 de
644 2199 341 52 l'Académie
1010 2198 274 68 française
1308 2214 72 36 en
1405 2198 448 69 remplacement
1871 2196 69 52 de
1966 2195 224 67 Dacier,
2218 2196 245 52 dansant

458 2278 97 50 des
580 2294 99 51 pas
710 2276 66 51 de
813 2275 198 52 ballets
1035 2278 30 48 à
1104 2275 52 51 la
1187 2274 163 67 façon
1387 2275 135 51 d'un
1568 2272 401 72 pensionnaire
2013 2274 68 51 de
2114 2271 349 54 l'Académie

458 2352 184 70 royale
676 2352 65 51 de
774 2351 264 70 Musique
1061 2352 20 50 ?
1112 2350 318 65 Toutefois,
1465 2351 52 51 la
1549 2351 161 52 lettre
1752 2350 99 71 qui
1883 2351 240 69 précède
2156 2364 85 39 est
2271 2350 191 70 plutôt

458 2446 78 36 un
568 2429 442 50 hors-d'œuvre.
1046 2427 124 51 Elle
1211 2427 89 51 n'a
1331 2444 99 51 pas
1465 2426 244 53 l'intérêt
1745 2427 68 52 de
1838 2426 168 53 celles
2039 2426 100 71 qui
2172 2439 139 40 vont
2347 2426 89 55 sui-

459 2521 94 35 vre
593 2518 53 38 et
691 2505 137 51 dont
861 2518 126 38 tous
1033 2504 80 50 les
1165 2504 199 52 détails
1401 2516 130 40 sont
1578 2504 265 69 précieux
1884 2521 147 54 pour
2067 2504 277 53 l'histoire
2384 2505 76 53 du

461 2581 215 52 théâtre
709 2598 70 34 au
804 2589 127 43 xvii®
964 2579 164 53 siècle
1155 2598 11 36 :

1333 2733 25 27 «
1391 2714 51 51 A
1484 2713 183 67 Paris,
1695 2732 61 34 ce
1791 2732 67 36 20
1891 2716 230 52 octobre
2163 2717 160 70 1695.

529 2826 233 52 J'arrivé
789 2826 140 70 hycy
954 2826 55 71 (a
1043 2826 160 54 Paris
1237 2830 254 65 sentend)
1527 2829 48 52 le
1617 2830 217 52 samedi
1863 2848 72 34 au
1969 2829 133 54 soir.
2135 2831 78 51 Le
2241 2831 187 52 diman-

464 2904 98 50 che
588 2904 179 50 matin
797 2902 147 68 jallai
967 2921 30 33 a
1028 2904 52 52 la
1100 2919 183 35 messe
1316 2921 70 35 au
1428 2904 222 68 Quinze
1681 2905 227 71 Vingts.
1951 2905 97 56 On
2076 2925 91 35 me
2200 2906 83 54 dit
2308 2907 157 54 mille

463 2979 268 69 louanges
757 2991 225 41 outrées
1005 2980 75 52 du
1115 2979 169 53 ballet
1317 2980 98 52 des
1446 2979 252 55 Saisons.
1736 2984 172 53 Unne
1941 2984 98 52 des
2079 2984 386 71 princippales

463 3055 226 53 actrices
713 3074 98 34 sen
844 3069 223 56 promet
1107 3056 549 70 lapplaudissement
1686 3059 235 71 jusques
1956 3079 29 33 a
2013 3062 145 52 Noël
2186 3061 281 71 prochain

464 3145 51 38 et
538 3131 212 70 chaque
776 3132 211 51 officier
1011 3150 71 34 ou
1115 3149 367 56 campagnart
1509 3136 99 69 qui
1641 3136 181 52 arrive
1857 3155 163 51 après
2053 3140 160 52 avoir
2243 3139 103 53 fait
2378 3158 89 34 ses

463 3208 318 66 vandanges
832 3225 69 33 ne
954 3225 247 53 manque
1246 3226 99 51 pas
1386 3229 70 33 en
1508 3212 80 52 lui
1634 3215 241 52 rendant
1909 3233 61 34 ce
2010 3216 137 69 qu'il
2189 3217 141 52 croit
2370 3219 98 69 luy

464 3283 232 51 debvoir
728 3285 65 50 de
827 3283 227 70 frapper
1098 3286 97 51 des
1230 3286 204 53 mains.
1463 3290 210 51 Avons
1696 3291 189 67 parler
1917 3291 401 70 sincèrement,
2361 3295 106 52 elle

463 3358 195 52 chante
682 3360 66 50 de
778 3360 249 52 maniéré
1057 3379 29 33 a
1135 3374 144 40 estre
1324 3376 228 39 ecoutee
1580 3382 130 35 avec
1735 3366 198 69 plaisir
1973 3368 143 54 mais
2144 3371 46 51 si
2228 3371 180 67 javois
2438 3390 30 34 a

461 3435 178 52 battre
666 3437 96 51 des
784 3437 184 52 mains
996 3437 90 66 jen
1121 3438 271 54 batterois
1425 3457 153 36 unne
1616 3445 241 50 seconde
1888 3445 108 53 fois
2030 3465 147 51 pour
2303 3457 19 21 e
2349 3450 78 52 Ro-

461 3511 155 52 chois
642 3515 189 66 quand
867 3513 102 52 elle
1002 3515 202 52 chante
1241 3535 24 29 «
1296 3516 308 71 Languirai
1629 3518 257 69 toujours
1910 3522 227 53 Amour
2158 3525 174 53 soubs
2365 3540 102 39 ton

461 3588 207 69 empire
703 3611 47 42 »,
784 3603 52 40 et
873 3589 297 69 adjoutant
1195 3611 30 34 a
1269 3607 189 40 vostre
1494 3593 288 73 jugement
1814 3597 49 69 je
1914 3598 89 54 fus
2036 3603 220 69 surpris
2283 3605 68 52 de
2392 3621 71 36 ne

512 3779 62 53 (i)
613 3779 74 42 On
719 3794 57 29 ne
820 3782 259 58 s'explique
1114 3798 87 43 pas
1234 3786 95 42 très
1366 3786 127 51 bien,
1528 3785 252 53 vraiment,
1819 3799 244 33 comment
2101 3805 53 30 ce
2187 3807 183 43 voyage
2403 3794 57 43 de

460 3841 132 56 Lyon
618 3841 120 44 avait
761 3857 64 42 pu
849 3843 113 46 faire
988 3847 270 56 engraisser
1277 3857 108 36 tout
1408 3850 444 56 particulièrement
1875 3852 43 45 le
1946 3854 189 45 célèbre
2158 3857 210 44 danseur
2389 3861 8 40 !
