<?xml version="1.0" encoding="UTF-8"?>
<alto xmlns:xsi="http://www.w3.org/2001/XMLSchema-instance" xmlns="http://www.loc.gov/standards/alto/ns-v2#" xsi:schemaLocation="http://www.loc.gov/standards/alto/ns-v2# http://www.loc.gov/standards/alto/alto-v2.0.xsd" xmlns:xlink="http://www.w3.org/1999/xlink">
	<Description>
		<MeasurementUnit>mm10</MeasurementUnit>
		<sourceImageInformation>
			<fileName>//fileserver7/IN2/Princeton/Batch3/bmtnabh/1906/01/01_01/00000035.tif</fileName>
		</sourceImageInformation>
		<OCRProcessing ID="OCRPROCESSING_1">
			<preProcessingStep>
				<processingSoftware>
					<softwareCreator>CCS Content Conversion Specialists GmbH, Germany</softwareCreator>
					<softwareName>CCS docWORKS</softwareName>
					<softwareVersion>6.6-1.18</softwareVersion>
				</processingSoftware>
			</preProcessingStep>
			<ocrProcessingStep>
				<processingSoftware>
					<softwareCreator>ABBYY (BIT Software), Russia</softwareCreator>
					<softwareName>FineReader</softwareName>
					<softwareVersion>10.0</softwareVersion>
				</processingSoftware>
			</ocrProcessingStep>
		</OCRProcessing>
	</Description>
	<Styles>
		<TextStyle ID="TXT_0" FONTSIZE="18" FONTFAMILY="Times New Roman" FONTSTYLE="bold italics"/>
		<TextStyle ID="TXT_1" FONTSIZE="12" FONTFAMILY="Times New Roman" FONTSTYLE="bold"/>
		<TextStyle ID="TXT_2" FONTSIZE="20" FONTFAMILY="Times New Roman"/>
		<ParagraphStyle ID="PAR_RIGHT" ALIGN="Right"/>
		<ParagraphStyle ID="PAR_LEFT" ALIGN="Left"/>
	</Styles>
	<Layout>
		<Page ID="P22" PHYSICAL_IMG_NR="22" HEIGHT="4338" WIDTH="2557" PC="0.951">
			<TopMargin ID="P22_TM00001" HPOS="0" VPOS="0" WIDTH="2557" HEIGHT="272">
				<TextBlock ID="P22_TB00001" HPOS="2048" VPOS="213" WIDTH="81" HEIGHT="59" STYLEREFS="TXT_0 PAR_RIGHT">
					<TextLine ID="P22_TL00001" HPOS="2097" VPOS="228" WIDTH="32" HEIGHT="44">
						<String ID="P22_ST00001" HPOS="2097" VPOS="228" WIDTH="32" HEIGHT="44" CONTENT="9" WC="0.47" CC="5"/>
					</TextLine>
				</TextBlock>
				<TextBlock ID="P22_TB00002" HPOS="744" VPOS="221" WIDTH="727" HEIGHT="34" STYLEREFS="TXT_1 PAR_LEFT">
					<TextLine ID="P22_TL00002" HPOS="745" VPOS="221" WIDTH="726" HEIGHT="33">
						<String ID="P22_ST00002" HPOS="745" VPOS="221" WIDTH="90" HEIGHT="31" CONTENT="LES" WC="0.99" CC="200"/>
						<SP ID="P22_SP00001" HPOS="835" VPOS="252" WIDTH="37"/>
						<String ID="P22_ST00003" HPOS="872" VPOS="221" WIDTH="212" HEIGHT="32" CONTENT="VRILLES" WC="0.99" CC="0233400"/>
						<SP ID="P22_SP00002" HPOS="1084" VPOS="253" WIDTH="37"/>
						<String ID="P22_ST00004" HPOS="1121" VPOS="222" WIDTH="65" HEIGHT="31" CONTENT="DE" WC="0.68" CC="60"/>
						<SP ID="P22_SP00003" HPOS="1186" VPOS="253" WIDTH="37"/>
						<String ID="P22_ST00005" HPOS="1223" VPOS="222" WIDTH="59" HEIGHT="31" CONTENT="LA" WC="0.69" CC="06"/>
						<SP ID="P22_SP00004" HPOS="1282" VPOS="253" WIDTH="35"/>
						<String ID="P22_ST00006" HPOS="1317" VPOS="222" WIDTH="154" HEIGHT="32" CONTENT="VIGNE" WC="0.98" CC="55020"/>
					</TextLine>
				</TextBlock>
			</TopMargin>
			<LeftMargin ID="P22_LM00001" HPOS="0" VPOS="257" WIDTH="53" HEIGHT="3684"/>
			<RightMargin ID="P22_RM00001" HPOS="2129" VPOS="257" WIDTH="428" HEIGHT="3684"/>
			<BottomMargin ID="P22_BM00001" HPOS="0" VPOS="3941" WIDTH="2557" HEIGHT="397"/>
			<PrintSpace ID="P22_PS00001" HPOS="53" VPOS="257" WIDTH="2076" HEIGHT="3684">
				<TextBlock ID="P22_TB00003" HPOS="53" VPOS="427" WIDTH="2071" HEIGHT="3514" STYLEREFS="TXT_2 PAR_LEFT">
					<TextLine ID="P22_TL00003" HPOS="87" VPOS="427" WIDTH="2037" HEIGHT="77">
						<String ID="P22_ST00007" HPOS="87" VPOS="428" WIDTH="144" HEIGHT="53" CONTENT="d'est" WC="0.99" CC="52000"/>
						<SP ID="P22_SP00005" HPOS="231" VPOS="481" WIDTH="24"/>
						<String ID="P22_ST00008" HPOS="255" VPOS="427" WIDTH="98" HEIGHT="71" CONTENT="qui" WC="0.97" CC="330"/>
						<SP ID="P22_SP00006" HPOS="353" VPOS="498" WIDTH="32"/>
						<String ID="P22_ST00009" HPOS="385" VPOS="428" WIDTH="138" HEIGHT="53" CONTENT="flûte" WC="1.00" CC="00000"/>
						<SP ID="P22_SP00007" HPOS="523" VPOS="498" WIDTH="34"/>
						<String ID="P22_ST00010" HPOS="557" VPOS="430" WIDTH="286" HEIGHT="71" CONTENT="agressive" WC="1.00" CC="102000000"/>
						<SP ID="P22_SP00008" HPOS="843" VPOS="501" WIDTH="27"/>
						<String ID="P22_ST00011" HPOS="870" VPOS="444" WIDTH="56" HEIGHT="41" CONTENT="et" WC="1.00" CC="00"/>
						<SP ID="P22_SP00009" HPOS="926" VPOS="501" WIDTH="24"/>
						<String ID="P22_ST00012" HPOS="950" VPOS="446" WIDTH="286" HEIGHT="58" CONTENT="coupante" WC="0.99" CC="30534650"/>
						<SP ID="P22_SP00010" HPOS="1236" VPOS="504" WIDTH="25"/>
						<String ID="P22_ST00013" HPOS="1261" VPOS="435" WIDTH="141" HEIGHT="54" CONTENT="dans" WC="0.99" CC="0050"/>
						<SP ID="P22_SP00011" HPOS="1402" VPOS="504" WIDTH="16"/>
						<String ID="P22_ST00014" HPOS="1418" VPOS="434" WIDTH="52" HEIGHT="55" CONTENT="la" WC="0.95" CC="00"/>
						<SP ID="P22_SP00012" HPOS="1470" VPOS="504" WIDTH="13"/>
						<String ID="P22_ST00015" HPOS="1483" VPOS="435" WIDTH="365" HEIGHT="55" CONTENT="cheminée..." WC="0.99" CC="05200040443"/>
						<SP ID="P22_SP00013" HPOS="1848" VPOS="504" WIDTH="30"/>
						<String ID="P22_ST00016" HPOS="1878" VPOS="438" WIDTH="84" HEIGHT="52" CONTENT="La" WC="0.99" CC="00"/>
						<SP ID="P22_SP00014" HPOS="1962" VPOS="504" WIDTH="18"/>
						<String ID="P22_ST00017" HPOS="1980" VPOS="437" WIDTH="144" HEIGHT="56" CONTENT="bave" WC="0.98" CC="0800"/>
					</TextLine>
					<TextLine ID="P22_TL00004" HPOS="84" VPOS="505" WIDTH="2038" HEIGHT="82">
						<String ID="P22_ST00018" HPOS="84" VPOS="505" WIDTH="298" HEIGHT="70" CONTENT="mijotante" WC="0.99" CC="016300500"/>
						<SP ID="P22_SP00015" HPOS="382" VPOS="575" WIDTH="34"/>
						<String ID="P22_ST00019" HPOS="416" VPOS="508" WIDTH="69" HEIGHT="53" CONTENT="de" WC="1.00" CC="00"/>
						<SP ID="P22_SP00016" HPOS="485" VPOS="575" WIDTH="42"/>
						<String ID="P22_ST00020" HPOS="527" VPOS="508" WIDTH="51" HEIGHT="53" CONTENT="la" WC="0.84" CC="20"/>
						<SP ID="P22_SP00017" HPOS="578" VPOS="575" WIDTH="21"/>
						<String ID="P22_ST00021" HPOS="599" VPOS="509" WIDTH="183" HEIGHT="55" CONTENT="bûche" WC="1.00" CC="00200"/>
						<SP ID="P22_SP00018" HPOS="782" VPOS="575" WIDTH="28"/>
						<String ID="P22_ST00022" HPOS="810" VPOS="510" WIDTH="236" HEIGHT="56" CONTENT="humide" WC="1.00" CC="040100"/>
						<SP ID="P22_SP00019" HPOS="1046" VPOS="575" WIDTH="50"/>
						<String ID="P22_ST00023" HPOS="1096" VPOS="512" WIDTH="98" HEIGHT="72" CONTENT="qui" WC="0.94" CC="652"/>
						<SP ID="P22_SP00020" HPOS="1194" VPOS="584" WIDTH="34"/>
						<String ID="P22_ST00024" HPOS="1228" VPOS="513" WIDTH="141" HEIGHT="54" CONTENT="bout" WC="0.99" CC="0200"/>
						<SP ID="P22_SP00021" HPOS="1369" VPOS="584" WIDTH="32"/>
						<String ID="P22_ST00025" HPOS="1401" VPOS="531" WIDTH="174" HEIGHT="38" CONTENT="menu" WC="0.99" CC="0005"/>
						<SP ID="P22_SP00022" HPOS="1575" VPOS="584" WIDTH="43"/>
						<String ID="P22_ST00026" HPOS="1618" VPOS="514" WIDTH="49" HEIGHT="53" CONTENT="le" WC="0.78" CC="40"/>
						<SP ID="P22_SP00023" HPOS="1667" VPOS="584" WIDTH="28"/>
						<String ID="P22_ST00027" HPOS="1695" VPOS="514" WIDTH="136" HEIGHT="73" CONTENT="long" WC="0.97" CC="6005"/>
						<SP ID="P22_SP00024" HPOS="1831" VPOS="587" WIDTH="37"/>
						<String ID="P22_ST00028" HPOS="1868" VPOS="517" WIDTH="77" HEIGHT="52" CONTENT="du" WC="1.00" CC="00"/>
						<SP ID="P22_SP00025" HPOS="1945" VPOS="587" WIDTH="45"/>
						<String ID="P22_ST00029" HPOS="1990" VPOS="515" WIDTH="99" HEIGHT="55" CONTENT="che" SUBS_TYPE="HypPart1" SUBS_CONTENT="chenet" WC="0.98" CC="040"/>
						<HYP HPOS="2089" VPOS="515" WIDTH="33" CONTENT="-"/>
					</TextLine>
					<TextLine ID="P22_TL00005" HPOS="81" VPOS="583" WIDTH="1711" HEIGHT="81">
						<String ID="P22_ST00030" HPOS="81" VPOS="597" WIDTH="99" HEIGHT="40" CONTENT="net" SUBS_TYPE="HypPart2" SUBS_CONTENT="chenet" WC="0.96" CC="801"/>
						<SP ID="P22_SP00026" HPOS="180" VPOS="637" WIDTH="26"/>
						<String ID="P22_ST00031" HPOS="206" VPOS="583" WIDTH="160" HEIGHT="54" CONTENT="imite" WC="0.99" CC="20020"/>
						<SP ID="P22_SP00027" HPOS="366" VPOS="637" WIDTH="26"/>
						<String ID="P22_ST00032" HPOS="392" VPOS="585" WIDTH="51" HEIGHT="54" CONTENT="la" WC="0.79" CC="40"/>
						<SP ID="P22_SP00028" HPOS="443" VPOS="639" WIDTH="24"/>
						<String ID="P22_ST00033" HPOS="467" VPOS="587" WIDTH="245" HEIGHT="55" CONTENT="mouche" WC="1.00" CC="000000"/>
						<SP ID="P22_SP00029" HPOS="712" VPOS="642" WIDTH="28"/>
						<String ID="P22_ST00034" HPOS="740" VPOS="588" WIDTH="150" HEIGHT="72" CONTENT="prise" WC="0.99" CC="05000"/>
						<SP ID="P22_SP00030" HPOS="890" VPOS="660" WIDTH="42"/>
						<String ID="P22_ST00035" HPOS="932" VPOS="590" WIDTH="141" HEIGHT="55" CONTENT="dans" WC="1.00" CC="0010"/>
						<SP ID="P22_SP00031" HPOS="1073" VPOS="660" WIDTH="23"/>
						<String ID="P22_ST00036" HPOS="1096" VPOS="608" WIDTH="113" HEIGHT="37" CONTENT="une" WC="0.98" CC="500"/>
						<SP ID="P22_SP00032" HPOS="1209" VPOS="660" WIDTH="34"/>
						<String ID="P22_ST00037" HPOS="1243" VPOS="590" WIDTH="134" HEIGHT="56" CONTENT="toile" WC="1.00" CC="00001"/>
						<SP ID="P22_SP00033" HPOS="1377" VPOS="660" WIDTH="29"/>
						<String ID="P22_ST00038" HPOS="1406" VPOS="592" WIDTH="386" HEIGHT="72" CONTENT="d'araignée..." WC="0.99" CC="0400517032423"/>
					</TextLine>
					<TextLine ID="P22_TL00006" HPOS="255" VPOS="663" WIDTH="499" HEIGHT="68">
						<String ID="P22_ST00039" HPOS="255" VPOS="663" WIDTH="254" HEIGHT="68" CONTENT="Pardon," WC="1.00" CC="0030030"/>
						<SP ID="P22_SP00034" HPOS="509" VPOS="731" WIDTH="36"/>
						<String ID="P22_ST00040" HPOS="545" VPOS="667" WIDTH="209" HEIGHT="55" CONTENT="mais..." WC="0.99" CC="0000434"/>
					</TextLine>
					<TextLine ID="P22_TL00008" HPOS="85" VPOS="820" WIDTH="2028" HEIGHT="80">
						<String ID="P22_ST00041" HPOS="85" VPOS="837" WIDTH="27" HEIGHT="33" CONTENT="«" WC="1.00" CC="0"/>
						<SP ID="P22_SP00035" HPOS="112" VPOS="870" WIDTH="29"/>
						<String ID="P22_ST00042" HPOS="141" VPOS="820" WIDTH="89" HEIGHT="54" CONTENT="Tu" WC="0.96" CC="00"/>
						<SP ID="P22_SP00036" HPOS="230" VPOS="874" WIDTH="28"/>
						<String ID="P22_ST00043" HPOS="258" VPOS="838" WIDTH="91" HEIGHT="34" CONTENT="me" WC="1.00" CC="00"/>
						<SP ID="P22_SP00037" HPOS="349" VPOS="874" WIDTH="60"/>
						<String ID="P22_ST00044" HPOS="409" VPOS="821" WIDTH="136" HEIGHT="53" CONTENT="tires" WC="0.99" CC="04600"/>
						<SP ID="P22_SP00038" HPOS="545" VPOS="874" WIDTH="54"/>
						<String ID="P22_ST00045" HPOS="599" VPOS="821" WIDTH="80" HEIGHT="54" CONTENT="les" WC="0.99" CC="100"/>
						<SP ID="P22_SP00039" HPOS="679" VPOS="875" WIDTH="33"/>
						<String ID="P22_ST00046" HPOS="712" VPOS="823" WIDTH="253" HEIGHT="53" CONTENT="cheveux" WC="1.00" CC="0000050"/>
						<SP ID="P22_SP00040" HPOS="965" VPOS="876" WIDTH="34"/>
						<String ID="P22_ST00047" HPOS="999" VPOS="828" WIDTH="10" HEIGHT="49" CONTENT="!" WC="0.87" CC="1"/>
						<SP ID="P22_SP00041" HPOS="1009" VPOS="877" WIDTH="32"/>
						<String ID="P22_ST00048" HPOS="1041" VPOS="847" WIDTH="26" HEIGHT="25" CONTENT="»" WC="1.00" CC="0"/>
						<SP ID="P22_SP00042" HPOS="1067" VPOS="877" WIDTH="54"/>
						<String ID="P22_ST00049" HPOS="1121" VPOS="828" WIDTH="323" HEIGHT="68" CONTENT="cependant" WC="0.99" CC="300097001"/>
						<SP ID="P22_SP00043" HPOS="1444" VPOS="896" WIDTH="39"/>
						<String ID="P22_ST00050" HPOS="1483" VPOS="830" WIDTH="172" HEIGHT="68" CONTENT="qu'au" WC="0.99" CC="03006"/>
						<SP ID="P22_SP00044" HPOS="1655" VPOS="898" WIDTH="36"/>
						<String ID="P22_ST00051" HPOS="1691" VPOS="830" WIDTH="130" HEIGHT="70" CONTENT="plus" WC="0.99" CC="0050"/>
						<SP ID="P22_SP00045" HPOS="1821" VPOS="900" WIDTH="38"/>
						<String ID="P22_ST00052" HPOS="1859" VPOS="830" WIDTH="140" HEIGHT="55" CONTENT="haut" WC="0.99" CC="0060"/>
						<SP ID="P22_SP00046" HPOS="1999" VPOS="900" WIDTH="44"/>
						<String ID="P22_ST00053" HPOS="2043" VPOS="832" WIDTH="70" HEIGHT="52" CONTENT="de" WC="1.00" CC="00"/>
					</TextLine>
					<TextLine ID="P22_TL00009" HPOS="80" VPOS="896" WIDTH="2033" HEIGHT="82">
						<String ID="P22_ST00054" HPOS="80" VPOS="914" WIDTH="60" HEIGHT="34" CONTENT="sa" WC="1.00" CC="00"/>
						<SP ID="P22_SP00047" HPOS="140" VPOS="948" WIDTH="19"/>
						<String ID="P22_ST00055" HPOS="159" VPOS="896" WIDTH="298" HEIGHT="54" CONTENT="chevelure" WC="1.00" CC="000004150"/>
						<SP ID="P22_SP00048" HPOS="457" VPOS="950" WIDTH="22"/>
						<String ID="P22_ST00056" HPOS="479" VPOS="899" WIDTH="339" HEIGHT="53" CONTENT="rebroussée" WC="0.99" CC="2005260061"/>
						<SP ID="P22_SP00049" HPOS="818" VPOS="952" WIDTH="28"/>
						<String ID="P22_ST00057" HPOS="846" VPOS="899" WIDTH="115" HEIGHT="53" CONTENT="crie" WC="0.99" CC="0400"/>
						<SP ID="P22_SP00050" HPOS="961" VPOS="952" WIDTH="28"/>
						<String ID="P22_ST00058" HPOS="989" VPOS="900" WIDTH="238" HEIGHT="56" CONTENT="l'oiseau" WC="1.00" CC="00040104"/>
						<SP ID="P22_SP00051" HPOS="1227" VPOS="956" WIDTH="35"/>
						<String ID="P22_ST00059" HPOS="1262" VPOS="904" WIDTH="141" HEIGHT="52" CONTENT="dont" WC="0.99" CC="0140"/>
						<SP ID="P22_SP00052" HPOS="1403" VPOS="956" WIDTH="23"/>
						<String ID="P22_ST00060" HPOS="1426" VPOS="905" WIDTH="50" HEIGHT="68" CONTENT="je" WC="0.64" CC="70"/>
						<SP ID="P22_SP00053" HPOS="1476" VPOS="973" WIDTH="33"/>
						<String ID="P22_ST00061" HPOS="1509" VPOS="923" WIDTH="71" HEIGHT="34" CONTENT="ne" WC="1.00" CC="00"/>
						<SP ID="P22_SP00054" HPOS="1580" VPOS="973" WIDTH="25"/>
						<String ID="P22_ST00062" HPOS="1605" VPOS="907" WIDTH="112" HEIGHT="52" CONTENT="sais" WC="0.99" CC="0400"/>
						<SP ID="P22_SP00055" HPOS="1717" VPOS="973" WIDTH="25"/>
						<String ID="P22_ST00063" HPOS="1742" VPOS="926" WIDTH="102" HEIGHT="52" CONTENT="pas" WC="1.00" CC="000"/>
						<SP ID="P22_SP00056" HPOS="1844" VPOS="978" WIDTH="28"/>
						<String ID="P22_ST00064" HPOS="1872" VPOS="908" WIDTH="51" HEIGHT="52" CONTENT="le" WC="0.81" CC="30"/>
						<SP ID="P22_SP00057" HPOS="1923" VPOS="978" WIDTH="33"/>
						<String ID="P22_ST00065" HPOS="1956" VPOS="926" WIDTH="157" HEIGHT="50" CONTENT="nom," WC="1.00" CC="0000"/>
					</TextLine>
					<TextLine ID="P22_TL00010" HPOS="77" VPOS="974" WIDTH="2037" HEIGHT="84">
						<String ID="P22_ST00066" HPOS="77" VPOS="974" WIDTH="230" HEIGHT="53" CONTENT="l'oiseau" WC="0.99" CC="23520046"/>
						<SP ID="P22_SP00058" HPOS="307" VPOS="1027" WIDTH="19"/>
						<String ID="P22_ST00067" HPOS="326" VPOS="993" WIDTH="131" HEIGHT="34" CONTENT="sans" WC="1.00" CC="0010"/>
						<SP ID="P22_SP00059" HPOS="457" VPOS="1027" WIDTH="27"/>
						<String ID="P22_ST00068" HPOS="484" VPOS="978" WIDTH="174" HEIGHT="52" CONTENT="doute" WC="0.99" CC="05120"/>
						<SP ID="P22_SP00060" HPOS="658" VPOS="1030" WIDTH="29"/>
						<String ID="P22_ST00069" HPOS="687" VPOS="978" WIDTH="211" HEIGHT="53" CONTENT="obsédé" WC="0.99" CC="300400"/>
						<SP ID="P22_SP00061" HPOS="898" VPOS="1031" WIDTH="26"/>
						<String ID="P22_ST00070" HPOS="924" VPOS="995" WIDTH="105" HEIGHT="53" CONTENT="par" WC="1.00" CC="000"/>
						<SP ID="P22_SP00062" HPOS="1029" VPOS="1048" WIDTH="30"/>
						<String ID="P22_ST00071" HPOS="1059" VPOS="997" WIDTH="80" HEIGHT="35" CONTENT="un" WC="1.00" CC="00"/>
						<SP ID="P22_SP00063" HPOS="1139" VPOS="1048" WIDTH="23"/>
						<String ID="P22_ST00072" HPOS="1162" VPOS="983" WIDTH="274" HEIGHT="52" CONTENT="souvenir" WC="0.99" CC="03501725"/>
						<SP ID="P22_SP00064" HPOS="1436" VPOS="1048" WIDTH="34"/>
						<String ID="P22_ST00073" HPOS="1470" VPOS="984" WIDTH="69" HEIGHT="51" CONTENT="de" WC="1.00" CC="00"/>
						<SP ID="P22_SP00065" HPOS="1539" VPOS="1048" WIDTH="36"/>
						<String ID="P22_ST00074" HPOS="1575" VPOS="985" WIDTH="334" HEIGHT="54" CONTENT="music-hall" WC="1.00" CC="0504140000"/>
						<SP ID="P22_SP00066" HPOS="1909" VPOS="1048" WIDTH="24"/>
						<String ID="P22_ST00075" HPOS="1933" VPOS="999" WIDTH="53" HEIGHT="41" CONTENT="et" WC="0.94" CC="01"/>
						<SP ID="P22_SP00067" HPOS="1986" VPOS="1048" WIDTH="27"/>
						<String ID="P22_ST00076" HPOS="2013" VPOS="988" WIDTH="101" HEIGHT="70" CONTENT="qui" WC="0.97" CC="043"/>
					</TextLine>
					<TextLine ID="P22_TL00011" HPOS="76" VPOS="1054" WIDTH="1168" HEIGHT="68">
						<String ID="P22_ST00077" HPOS="76" VPOS="1054" WIDTH="191" HEIGHT="68" CONTENT="répète" WC="0.99" CC="060200"/>
						<SP ID="P22_SP00068" HPOS="267" VPOS="1122" WIDTH="29"/>
						<String ID="P22_ST00078" HPOS="296" VPOS="1070" WIDTH="131" HEIGHT="35" CONTENT="sans" WC="1.00" CC="0000"/>
						<SP ID="P22_SP00069" HPOS="427" VPOS="1122" WIDTH="31"/>
						<String ID="P22_ST00079" HPOS="458" VPOS="1054" WIDTH="79" HEIGHT="52" CONTENT="fin" WC="0.99" CC="110"/>
						<SP ID="P22_SP00070" HPOS="537" VPOS="1122" WIDTH="34"/>
						<String ID="P22_ST00080" HPOS="571" VPOS="1072" WIDTH="13" HEIGHT="38" CONTENT=":" WC="0.64" CC="3"/>
						<SP ID="P22_SP00071" HPOS="584" VPOS="1122" WIDTH="34"/>
						<String ID="P22_ST00081" HPOS="618" VPOS="1074" WIDTH="24" HEIGHT="29" CONTENT="«" WC="1.00" CC="0"/>
						<SP ID="P22_SP00072" HPOS="642" VPOS="1122" WIDTH="30"/>
						<String ID="P22_ST00082" HPOS="672" VPOS="1055" WIDTH="200" HEIGHT="52" CONTENT="Yvette" WC="1.00" CC="000000"/>
						<SP ID="P22_SP00073" HPOS="872" VPOS="1122" WIDTH="23"/>
						<String ID="P22_ST00083" HPOS="895" VPOS="1056" WIDTH="10" HEIGHT="51" CONTENT="!" WC="0.46" CC="5"/>
						<SP ID="P22_SP00074" HPOS="905" VPOS="1122" WIDTH="23"/>
						<String ID="P22_ST00084" HPOS="928" VPOS="1055" WIDTH="202" HEIGHT="54" CONTENT="Yvette" WC="1.00" CC="000030"/>
						<SP ID="P22_SP00075" HPOS="1130" VPOS="1122" WIDTH="31"/>
						<String ID="P22_ST00085" HPOS="1161" VPOS="1059" WIDTH="10" HEIGHT="50" CONTENT="!" WC="1.00" CC="0"/>
						<SP ID="P22_SP00076" HPOS="1171" VPOS="1122" WIDTH="47"/>
						<String ID="P22_ST00086" HPOS="1218" VPOS="1078" WIDTH="26" HEIGHT="28" CONTENT="»" WC="0.64" CC="3"/>
					</TextLine>
					<TextLine ID="P22_TL00012" HPOS="145" VPOS="1129" WIDTH="800" HEIGHT="73">
						<String ID="P22_ST00087" HPOS="145" VPOS="1129" WIDTH="174" HEIGHT="56" CONTENT="—Ce" WC="0.91" CC="830"/>
						<SP ID="P22_SP00077" HPOS="319" VPOS="1185" WIDTH="22"/>
						<String ID="P22_ST00088" HPOS="341" VPOS="1131" WIDTH="145" HEIGHT="54" CONTENT="n'est" WC="1.00" CC="00200"/>
						<SP ID="P22_SP00078" HPOS="486" VPOS="1185" WIDTH="33"/>
						<String ID="P22_ST00089" HPOS="519" VPOS="1150" WIDTH="102" HEIGHT="52" CONTENT="pas" WC="1.00" CC="000"/>
						<SP ID="P22_SP00079" HPOS="621" VPOS="1202" WIDTH="33"/>
						<String ID="P22_ST00090" HPOS="654" VPOS="1133" WIDTH="68" HEIGHT="53" CONTENT="de" WC="1.00" CC="00"/>
						<SP ID="P22_SP00080" HPOS="722" VPOS="1202" WIDTH="36"/>
						<String ID="P22_ST00091" HPOS="758" VPOS="1133" WIDTH="187" HEIGHT="56" CONTENT="cela..." WC="0.98" CC="3260323"/>
					</TextLine>
					<TextLine ID="P22_TL00013" HPOS="265" VPOS="1208" WIDTH="1843" HEIGHT="80">
						<String ID="P22_ST00092" HPOS="265" VPOS="1209" WIDTH="159" HEIGHT="54" CONTENT="Vous" WC="0.97" CC="7250"/>
						<SP ID="P22_SP00081" HPOS="424" VPOS="1263" WIDTH="41"/>
						<String ID="P22_ST00093" HPOS="465" VPOS="1208" WIDTH="224" HEIGHT="69" CONTENT="dirai-je" WC="0.88" CC="01000330"/>
						<SP ID="P22_SP00082" HPOS="689" VPOS="1277" WIDTH="50"/>
						<String ID="P22_ST00094" HPOS="739" VPOS="1229" WIDTH="223" HEIGHT="51" CONTENT="encore," WC="0.99" CC="0024603"/>
						<SP ID="P22_SP00083" HPOS="962" VPOS="1280" WIDTH="58"/>
						<String ID="P22_ST00095" HPOS="1020" VPOS="1213" WIDTH="331" HEIGHT="71" CONTENT="poursuivit" WC="1.00" CC="0121041010"/>
						<SP ID="P22_SP00084" HPOS="1351" VPOS="1284" WIDTH="43"/>
						<String ID="P22_ST00096" HPOS="1394" VPOS="1215" WIDTH="394" HEIGHT="73" CONTENT="Toby-Chien" WC="0.85" CC="1103340000"/>
						<SP ID="P22_SP00085" HPOS="1788" VPOS="1288" WIDTH="55"/>
						<String ID="P22_ST00097" HPOS="1843" VPOS="1219" WIDTH="176" HEIGHT="67" CONTENT="lancé," WC="0.99" CC="250400"/>
						<SP ID="P22_SP00086" HPOS="2019" VPOS="1288" WIDTH="37"/>
						<String ID="P22_ST00098" HPOS="2056" VPOS="1220" WIDTH="52" HEIGHT="54" CONTENT="la" WC="0.89" CC="20"/>
					</TextLine>
					<TextLine ID="P22_TL00014" HPOS="73" VPOS="1286" WIDTH="2038" HEIGHT="77">
						<String ID="P22_ST00099" HPOS="73" VPOS="1286" WIDTH="268" HEIGHT="71" CONTENT="musique" WC="0.99" CC="0003040"/>
						<SP ID="P22_SP00087" HPOS="341" VPOS="1357" WIDTH="35"/>
						<String ID="P22_ST00100" HPOS="376" VPOS="1289" WIDTH="73" HEIGHT="53" CONTENT="du" WC="1.00" CC="00"/>
						<SP ID="P22_SP00088" HPOS="449" VPOS="1357" WIDTH="28"/>
						<String ID="P22_ST00101" HPOS="477" VPOS="1289" WIDTH="248" HEIGHT="71" CONTENT="crapaud" WC="0.99" CC="0500460"/>
						<SP ID="P22_SP00089" HPOS="725" VPOS="1360" WIDTH="34"/>
						<String ID="P22_ST00102" HPOS="759" VPOS="1290" WIDTH="229" HEIGHT="66" CONTENT="obscur," WC="1.00" CC="1001040"/>
						<SP ID="P22_SP00090" HPOS="988" VPOS="1360" WIDTH="32"/>
						<String ID="P22_ST00103" HPOS="1020" VPOS="1290" WIDTH="97" HEIGHT="71" CONTENT="qui" WC="0.95" CC="922"/>
						<SP ID="P22_SP00091" HPOS="1117" VPOS="1361" WIDTH="21"/>
						<String ID="P22_ST00104" HPOS="1138" VPOS="1294" WIDTH="233" HEIGHT="69" CONTENT="égoutte" WC="0.81" CC="7005000"/>
						<SP ID="P22_SP00092" HPOS="1371" VPOS="1363" WIDTH="26"/>
						<String ID="P22_ST00105" HPOS="1397" VPOS="1294" WIDTH="68" HEIGHT="53" CONTENT="de" WC="0.98" CC="00"/>
						<SP ID="P22_SP00093" HPOS="1465" VPOS="1363" WIDTH="30"/>
						<String ID="P22_ST00106" HPOS="1495" VPOS="1295" WIDTH="246" HEIGHT="54" CONTENT="seconde" WC="1.00" CC="0000602"/>
						<SP ID="P22_SP00094" HPOS="1741" VPOS="1363" WIDTH="24"/>
						<String ID="P22_ST00107" HPOS="1765" VPOS="1314" WIDTH="70" HEIGHT="36" CONTENT="en" WC="0.75" CC="13"/>
						<SP ID="P22_SP00095" HPOS="1835" VPOS="1363" WIDTH="27"/>
						<String ID="P22_ST00108" HPOS="1862" VPOS="1298" WIDTH="249" HEIGHT="53" CONTENT="seconde" WC="1.00" CC="0400001"/>
					</TextLine>
					<TextLine ID="P22_TL00015" HPOS="75" VPOS="1365" WIDTH="2033" HEIGHT="78">
						<String ID="P22_ST00109" HPOS="75" VPOS="1382" WIDTH="61" HEIGHT="35" CONTENT="sa" WC="1.00" CC="00"/>
						<SP ID="P22_SP00096" HPOS="136" VPOS="1417" WIDTH="25"/>
						<String ID="P22_ST00110" HPOS="161" VPOS="1378" WIDTH="131" HEIGHT="40" CONTENT="note" WC="1.00" CC="0000"/>
						<SP ID="P22_SP00097" HPOS="292" VPOS="1418" WIDTH="46"/>
						<String ID="P22_ST00111" HPOS="338" VPOS="1365" WIDTH="238" HEIGHT="72" CONTENT="liquide," WC="0.99" CC="52053000"/>
						<SP ID="P22_SP00098" HPOS="576" VPOS="1437" WIDTH="39"/>
						<String ID="P22_ST00112" HPOS="615" VPOS="1368" WIDTH="154" HEIGHT="69" CONTENT="perle" WC="0.99" CC="00250"/>
						<SP ID="P22_SP00099" HPOS="769" VPOS="1437" WIDTH="54"/>
						<String ID="P22_ST00113" HPOS="823" VPOS="1369" WIDTH="70" HEIGHT="52" CONTENT="de" WC="1.00" CC="00"/>
						<SP ID="P22_SP00100" HPOS="893" VPOS="1437" WIDTH="36"/>
						<String ID="P22_ST00114" HPOS="929" VPOS="1369" WIDTH="195" HEIGHT="53" CONTENT="cristal" WC="0.99" CC="0050005"/>
						<SP ID="P22_SP00101" HPOS="1124" VPOS="1437" WIDTH="37"/>
						<String ID="P22_ST00115" HPOS="1161" VPOS="1373" WIDTH="176" HEIGHT="68" CONTENT="qu'on" WC="0.99" CC="02004"/>
						<SP ID="P22_SP00102" HPOS="1337" VPOS="1441" WIDTH="41"/>
						<String ID="P22_ST00116" HPOS="1378" VPOS="1385" WIDTH="138" HEIGHT="58" CONTENT="peut" WC="0.99" CC="0060"/>
						<SP ID="P22_SP00103" HPOS="1516" VPOS="1443" WIDTH="24"/>
						<String ID="P22_ST00117" HPOS="1540" VPOS="1379" WIDTH="130" HEIGHT="48" CONTENT="ouïr" WC="0.97" CC="1504"/>
						<SP ID="P22_SP00104" HPOS="1670" VPOS="1443" WIDTH="34"/>
						<String ID="P22_ST00118" HPOS="1704" VPOS="1374" WIDTH="194" HEIGHT="55" CONTENT="rouler" WC="0.99" CC="005003"/>
						<SP ID="P22_SP00105" HPOS="1898" VPOS="1443" WIDTH="50"/>
						<String ID="P22_ST00119" HPOS="1948" VPOS="1389" WIDTH="160" HEIGHT="40" CONTENT="entre" WC="1.00" CC="03000"/>
					</TextLine>
					<TextLine ID="P22_TL00016" HPOS="73" VPOS="1441" WIDTH="2034" HEIGHT="83">
						<String ID="P22_ST00120" HPOS="73" VPOS="1441" WIDTH="214" HEIGHT="55" CONTENT="l'herbe" WC="0.99" CC="1400400"/>
						<SP ID="P22_SP00106" HPOS="287" VPOS="1496" WIDTH="33"/>
						<String ID="P22_ST00121" HPOS="320" VPOS="1456" WIDTH="54" HEIGHT="40" CONTENT="et" WC="1.00" CC="00"/>
						<SP ID="P22_SP00107" HPOS="374" VPOS="1496" WIDTH="23"/>
						<String ID="P22_ST00122" HPOS="397" VPOS="1445" WIDTH="83" HEIGHT="70" CONTENT="s'y" WC="0.99" CC="003"/>
						<SP ID="P22_SP00108" HPOS="480" VPOS="1515" WIDTH="16"/>
						<String ID="P22_ST00123" HPOS="496" VPOS="1445" WIDTH="139" HEIGHT="70" CONTENT="figer" WC="0.99" CC="00215"/>
						<SP ID="P22_SP00109" HPOS="635" VPOS="1515" WIDTH="21"/>
						<String ID="P22_ST00124" HPOS="656" VPOS="1446" WIDTH="87" HEIGHT="52" CONTENT="?..." WC="0.98" CC="0333"/>
						<SP ID="P22_SP00110" HPOS="743" VPOS="1515" WIDTH="42"/>
						<String ID="P22_ST00125" HPOS="785" VPOS="1444" WIDTH="114" HEIGHT="56" CONTENT="Car" WC="0.97" CC="204"/>
						<SP ID="P22_SP00111" HPOS="899" VPOS="1515" WIDTH="32"/>
						<String ID="P22_ST00126" HPOS="931" VPOS="1446" WIDTH="49" HEIGHT="69" CONTENT="je" WC="0.80" CC="40"/>
						<SP ID="P22_SP00112" HPOS="980" VPOS="1515" WIDTH="33"/>
						<String ID="P22_ST00127" HPOS="1013" VPOS="1464" WIDTH="70" HEIGHT="36" CONTENT="ne" WC="1.00" CC="00"/>
						<SP ID="P22_SP00113" HPOS="1083" VPOS="1515" WIDTH="33"/>
						<String ID="P22_ST00128" HPOS="1116" VPOS="1448" WIDTH="132" HEIGHT="71" CONTENT="puis" WC="0.99" CC="0500"/>
						<SP ID="P22_SP00114" HPOS="1248" VPOS="1519" WIDTH="28"/>
						<String ID="P22_ST00129" HPOS="1276" VPOS="1449" WIDTH="187" HEIGHT="53" CONTENT="croire" WC="0.98" CC="025340"/>
						<SP ID="P22_SP00115" HPOS="1463" VPOS="1519" WIDTH="27"/>
						<String ID="P22_ST00130" HPOS="1490" VPOS="1455" WIDTH="29" HEIGHT="48" CONTENT="à" WC="0.56" CC="4"/>
						<SP ID="P22_SP00116" HPOS="1519" VPOS="1519" WIDTH="33"/>
						<String ID="P22_ST00131" HPOS="1552" VPOS="1469" WIDTH="114" HEIGHT="36" CONTENT="une" WC="0.99" CC="200"/>
						<SP ID="P22_SP00117" HPOS="1666" VPOS="1519" WIDTH="24"/>
						<String ID="P22_ST00132" HPOS="1690" VPOS="1465" WIDTH="159" HEIGHT="41" CONTENT="autre" WC="0.98" CC="34040"/>
						<SP ID="P22_SP00118" HPOS="1849" VPOS="1519" WIDTH="34"/>
						<String ID="P22_ST00133" HPOS="1883" VPOS="1453" WIDTH="224" HEIGHT="71" CONTENT="origine" WC="0.99" CC="3500003"/>
					</TextLine>
					<TextLine ID="P22_TL00017" HPOS="73" VPOS="1520" WIDTH="2036" HEIGHT="80">
						<String ID="P22_ST00134" HPOS="73" VPOS="1520" WIDTH="69" HEIGHT="53" CONTENT="de" WC="1.00" CC="00"/>
						<SP ID="P22_SP00119" HPOS="142" VPOS="1573" WIDTH="41"/>
						<String ID="P22_ST00135" HPOS="183" VPOS="1521" WIDTH="51" HEIGHT="52" CONTENT="la" WC="0.83" CC="30"/>
						<SP ID="P22_SP00120" HPOS="234" VPOS="1573" WIDTH="41"/>
						<String ID="P22_ST00136" HPOS="275" VPOS="1526" WIDTH="159" HEIGHT="50" CONTENT="rosée" WC="0.99" CC="40002"/>
						<SP ID="P22_SP00121" HPOS="434" VPOS="1576" WIDTH="50"/>
						<String ID="P22_ST00137" HPOS="484" VPOS="1523" WIDTH="339" HEIGHT="54" CONTENT="étincelante" WC="0.88" CC="03130000400"/>
						<SP ID="P22_SP00122" HPOS="823" VPOS="1577" WIDTH="24"/>
						<String ID="P22_ST00138" HPOS="847" VPOS="1526" WIDTH="81" HEIGHT="52" CONTENT="!..." WC="0.98" CC="0233"/>
						<SP ID="P22_SP00123" HPOS="928" VPOS="1578" WIDTH="38"/>
						<String ID="P22_ST00139" HPOS="966" VPOS="1526" WIDTH="451" HEIGHT="71" CONTENT="Esquisserai-je" WC="0.85" CC="30020000403240"/>
						<SP ID="P22_SP00124" HPOS="1417" VPOS="1597" WIDTH="33"/>
						<String ID="P22_ST00140" HPOS="1450" VPOS="1547" WIDTH="151" HEIGHT="53" CONTENT="pour" WC="0.97" CC="0057"/>
						<SP ID="P22_SP00125" HPOS="1601" VPOS="1600" WIDTH="51"/>
						<String ID="P22_ST00141" HPOS="1652" VPOS="1548" WIDTH="145" HEIGHT="35" CONTENT="vous" WC="0.98" CC="0360"/>
						<SP ID="P22_SP00126" HPOS="1797" VPOS="1600" WIDTH="38"/>
						<String ID="P22_ST00142" HPOS="1835" VPOS="1531" WIDTH="240" HEIGHT="54" CONTENT="l'harmo" SUBS_TYPE="HypPart1" SUBS_CONTENT="l'harmonie" WC="0.99" CC="5700000"/>
						<HYP HPOS="2075" VPOS="1531" WIDTH="34" CONTENT="-"/>
					</TextLine>
					<TextLine ID="P22_TL00018" HPOS="72" VPOS="1596" WIDTH="2035" HEIGHT="81">
						<String ID="P22_ST00143" HPOS="72" VPOS="1596" WIDTH="93" HEIGHT="55" CONTENT="nie" SUBS_TYPE="HypPart2" SUBS_CONTENT="l'harmonie" WC="1.00" CC="000"/>
						<SP ID="P22_SP00127" HPOS="165" VPOS="1651" WIDTH="27"/>
						<String ID="P22_ST00144" HPOS="192" VPOS="1600" WIDTH="257" HEIGHT="53" CONTENT="modeste" WC="1.00" CC="0300000"/>
						<SP ID="P22_SP00128" HPOS="449" VPOS="1653" WIDTH="25"/>
						<String ID="P22_ST00145" HPOS="474" VPOS="1601" WIDTH="66" HEIGHT="54" CONTENT="de" WC="1.00" CC="00"/>
						<SP ID="P22_SP00129" HPOS="540" VPOS="1655" WIDTH="35"/>
						<String ID="P22_ST00146" HPOS="575" VPOS="1601" WIDTH="52" HEIGHT="54" CONTENT="la" WC="0.76" CC="40"/>
						<SP ID="P22_SP00130" HPOS="627" VPOS="1655" WIDTH="31"/>
						<String ID="P22_ST00147" HPOS="658" VPOS="1601" WIDTH="329" HEIGHT="69" CONTENT="bouilloire," WC="0.99" CC="00543003303"/>
						<SP ID="P22_SP00131" HPOS="987" VPOS="1670" WIDTH="38"/>
						<String ID="P22_ST00148" HPOS="1025" VPOS="1604" WIDTH="288" HEIGHT="71" CONTENT="grillonne" WC="0.84" CC="070003001"/>
						<SP ID="P22_SP00132" HPOS="1313" VPOS="1675" WIDTH="57"/>
						<String ID="P22_ST00149" HPOS="1370" VPOS="1606" WIDTH="154" HEIGHT="71" CONTENT="tapie" WC="1.00" CC="00000"/>
						<SP ID="P22_SP00133" HPOS="1524" VPOS="1677" WIDTH="49"/>
						<String ID="P22_ST00150" HPOS="1573" VPOS="1608" WIDTH="143" HEIGHT="52" CONTENT="dans" WC="0.99" CC="0500"/>
						<SP ID="P22_SP00134" HPOS="1716" VPOS="1677" WIDTH="29"/>
						<String ID="P22_ST00151" HPOS="1745" VPOS="1608" WIDTH="81" HEIGHT="53" CONTENT="les" WC="0.98" CC="400"/>
						<SP ID="P22_SP00135" HPOS="1826" VPOS="1677" WIDTH="41"/>
						<String ID="P22_ST00152" HPOS="1867" VPOS="1610" WIDTH="240" HEIGHT="54" CONTENT="cendres" WC="0.99" CC="0060400"/>
					</TextLine>
					<TextLine ID="P22_TL00019" HPOS="72" VPOS="1676" WIDTH="2033" HEIGHT="81">
						<String ID="P22_ST00153" HPOS="72" VPOS="1676" WIDTH="283" HEIGHT="68" CONTENT="ardentes," WC="1.00" CC="000020002"/>
						<SP ID="P22_SP00136" HPOS="355" VPOS="1744" WIDTH="64"/>
						<String ID="P22_ST00154" HPOS="419" VPOS="1677" WIDTH="175" HEIGHT="70" CONTENT="petite" WC="1.00" CC="000000"/>
						<SP ID="P22_SP00137" HPOS="594" VPOS="1747" WIDTH="56"/>
						<String ID="P22_ST00155" HPOS="650" VPOS="1679" WIDTH="248" HEIGHT="54" CONTENT="sorcière" WC="1.00" CC="00100160"/>
						<SP ID="P22_SP00138" HPOS="898" VPOS="1747" WIDTH="63"/>
						<String ID="P22_ST00156" HPOS="961" VPOS="1697" WIDTH="259" HEIGHT="52" CONTENT="ventrue," WC="0.99" CC="00143002"/>
						<SP ID="P22_SP00139" HPOS="1220" VPOS="1749" WIDTH="43"/>
						<String ID="P22_ST00157" HPOS="1263" VPOS="1681" WIDTH="435" HEIGHT="71" CONTENT="bienveillante," WC="1.00" CC="00000330114000"/>
						<SP ID="P22_SP00140" HPOS="1698" VPOS="1752" WIDTH="54"/>
						<String ID="P22_ST00158" HPOS="1752" VPOS="1686" WIDTH="353" HEIGHT="71" CONTENT="quoiqu'elle" WC="0.99" CC="05340420320"/>
					</TextLine>
					<TextLine ID="P22_TL00020" HPOS="70" VPOS="1755" WIDTH="2038" HEIGHT="82">
						<String ID="P22_ST00159" HPOS="70" VPOS="1755" WIDTH="198" HEIGHT="53" CONTENT="crache" WC="1.00" CC="010000"/>
						<SP ID="P22_SP00141" HPOS="268" VPOS="1808" WIDTH="44"/>
						<String ID="P22_ST00160" HPOS="312" VPOS="1756" WIDTH="51" HEIGHT="52" CONTENT="la" WC="1.00" CC="00"/>
						<SP ID="P22_SP00142" HPOS="363" VPOS="1808" WIDTH="31"/>
						<String ID="P22_ST00161" HPOS="394" VPOS="1774" WIDTH="217" HEIGHT="53" CONTENT="vapeur" WC="1.00" CC="000041"/>
						<SP ID="P22_SP00143" HPOS="611" VPOS="1827" WIDTH="31"/>
						<String ID="P22_ST00162" HPOS="642" VPOS="1775" WIDTH="103" HEIGHT="54" CONTENT="par" WC="0.98" CC="004"/>
						<SP ID="P22_SP00144" HPOS="745" VPOS="1829" WIDTH="31"/>
						<String ID="P22_ST00163" HPOS="776" VPOS="1777" WIDTH="61" HEIGHT="34" CONTENT="sa" WC="1.00" CC="00"/>
						<SP ID="P22_SP00145" HPOS="837" VPOS="1829" WIDTH="24"/>
						<String ID="P22_ST00164" HPOS="861" VPOS="1759" WIDTH="151" HEIGHT="53" CONTENT="lèvre" WC="0.99" CC="33020"/>
						<SP ID="P22_SP00146" HPOS="1012" VPOS="1829" WIDTH="27"/>
						<String ID="P22_ST00165" HPOS="1039" VPOS="1779" WIDTH="71" HEIGHT="36" CONTENT="en" WC="1.00" CC="00"/>
						<SP ID="P22_SP00147" HPOS="1110" VPOS="1829" WIDTH="33"/>
						<String ID="P22_ST00166" HPOS="1143" VPOS="1760" WIDTH="155" HEIGHT="72" CONTENT="lippe" WC="0.98" CC="55010"/>
						<SP ID="P22_SP00148" HPOS="1298" VPOS="1832" WIDTH="24"/>
						<String ID="P22_ST00167" HPOS="1322" VPOS="1764" WIDTH="20" HEIGHT="51" CONTENT="?" WC="1.00" CC="0"/>
						<SP ID="P22_SP00149" HPOS="1342" VPOS="1832" WIDTH="32"/>
						<String ID="P22_ST00168" HPOS="1374" VPOS="1763" WIDTH="155" HEIGHT="55" CONTENT="C'est" WC="0.99" CC="40000"/>
						<SP ID="P22_SP00150" HPOS="1529" VPOS="1832" WIDTH="51"/>
						<String ID="P22_ST00169" HPOS="1580" VPOS="1765" WIDTH="104" HEIGHT="52" CONTENT="elle" WC="1.00" CC="0000"/>
						<SP ID="P22_SP00151" HPOS="1684" VPOS="1832" WIDTH="44"/>
						<String ID="P22_ST00170" HPOS="1728" VPOS="1765" WIDTH="101" HEIGHT="71" CONTENT="qui" WC="0.96" CC="056"/>
						<SP ID="P22_SP00152" HPOS="1829" VPOS="1836" WIDTH="47"/>
						<String ID="P22_ST00171" HPOS="1876" VPOS="1766" WIDTH="232" HEIGHT="71" CONTENT="rythme" WC="0.99" CC="600000"/>
					</TextLine>
					<TextLine ID="P22_TL00021" HPOS="68" VPOS="1834" WIDTH="2040" HEIGHT="82">
						<String ID="P22_ST00172" HPOS="68" VPOS="1850" WIDTH="140" HEIGHT="36" CONTENT="mon" WC="0.99" CC="021"/>
						<SP ID="P22_SP00153" HPOS="208" VPOS="1886" WIDTH="33"/>
						<String ID="P22_ST00173" HPOS="241" VPOS="1835" WIDTH="266" HEIGHT="52" CONTENT="sommeil" WC="1.00" CC="0100006"/>
						<SP ID="P22_SP00154" HPOS="507" VPOS="1887" WIDTH="21"/>
						<String ID="P22_ST00174" HPOS="528" VPOS="1834" WIDTH="161" HEIGHT="73" CONTENT="vingt" WC="1.00" CC="00000"/>
						<SP ID="P22_SP00155" HPOS="689" VPOS="1907" WIDTH="25"/>
						<String ID="P22_ST00175" HPOS="714" VPOS="1836" WIDTH="108" HEIGHT="54" CONTENT="fois" WC="0.99" CC="0400"/>
						<SP ID="P22_SP00156" HPOS="822" VPOS="1907" WIDTH="22"/>
						<String ID="P22_ST00176" HPOS="844" VPOS="1854" WIDTH="229" HEIGHT="55" CONTENT="rompu," WC="0.99" CC="030030"/>
						<SP ID="P22_SP00157" HPOS="1073" VPOS="1909" WIDTH="41"/>
						<String ID="P22_ST00177" HPOS="1114" VPOS="1857" WIDTH="95" HEIGHT="35" CONTENT="ma" WC="1.00" CC="00"/>
						<SP ID="P22_SP00158" HPOS="1209" VPOS="1909" WIDTH="27"/>
						<String ID="P22_ST00178" HPOS="1236" VPOS="1840" WIDTH="168" HEIGHT="53" CONTENT="sieste" WC="1.00" CC="000000"/>
						<SP ID="P22_SP00159" HPOS="1404" VPOS="1909" WIDTH="25"/>
						<String ID="P22_ST00179" HPOS="1429" VPOS="1859" WIDTH="71" HEIGHT="36" CONTENT="en" WC="0.72" CC="04"/>
						<SP ID="P22_SP00160" HPOS="1500" VPOS="1909" WIDTH="50"/>
						<String ID="P22_ST00180" HPOS="1550" VPOS="1841" WIDTH="232" HEIGHT="54" CONTENT="miettes" WC="0.99" CC="0210401"/>
						<SP ID="P22_SP00161" HPOS="1782" VPOS="1909" WIDTH="34"/>
						<String ID="P22_ST00181" HPOS="1816" VPOS="1845" WIDTH="70" HEIGHT="51" CONTENT="de" WC="1.00" CC="00"/>
						<SP ID="P22_SP00162" HPOS="1886" VPOS="1909" WIDTH="48"/>
						<String ID="P22_ST00182" HPOS="1934" VPOS="1862" WIDTH="174" HEIGHT="54" CONTENT="repos" WC="0.98" CC="40027"/>
					</TextLine>
					<TextLine ID="P22_TL00022" HPOS="70" VPOS="1910" WIDTH="2035" HEIGHT="80">
						<String ID="P22_ST00183" HPOS="70" VPOS="1910" WIDTH="99" HEIGHT="72" CONTENT="qui" WC="1.00" CC="100"/>
						<SP ID="P22_SP00163" HPOS="169" VPOS="1982" WIDTH="33"/>
						<String ID="P22_ST00184" HPOS="202" VPOS="1929" WIDTH="70" HEIGHT="34" CONTENT="ne" WC="0.69" CC="41"/>
						<SP ID="P22_SP00164" HPOS="272" VPOS="1982" WIDTH="21"/>
						<String ID="P22_ST00185" HPOS="293" VPOS="1929" WIDTH="92" HEIGHT="35" CONTENT="me" WC="1.00" CC="00"/>
						<SP ID="P22_SP00165" HPOS="385" VPOS="1982" WIDTH="19"/>
						<String ID="P22_ST00186" HPOS="404" VPOS="1930" WIDTH="200" HEIGHT="54" CONTENT="repose" WC="0.99" CC="505300"/>
						<SP ID="P22_SP00166" HPOS="604" VPOS="1984" WIDTH="23"/>
						<String ID="P22_ST00187" HPOS="627" VPOS="1918" WIDTH="234" HEIGHT="67" CONTENT="guère..." WC="0.99" CC="04020130"/>
						<SP ID="P22_SP00167" HPOS="861" VPOS="1985" WIDTH="30"/>
						<String ID="P22_ST00188" HPOS="891" VPOS="1916" WIDTH="125" HEIGHT="54" CONTENT="Elle" WC="1.00" CC="0000"/>
						<SP ID="P22_SP00168" HPOS="1016" VPOS="1985" WIDTH="34"/>
						<String ID="P22_ST00189" HPOS="1050" VPOS="1916" WIDTH="205" HEIGHT="54" CONTENT="chante" WC="1.00" CC="300000"/>
						<SP ID="P22_SP00169" HPOS="1255" VPOS="1985" WIDTH="29"/>
						<String ID="P22_ST00190" HPOS="1284" VPOS="1919" WIDTH="98" HEIGHT="52" CONTENT="bas" WC="1.00" CC="000"/>
						<SP ID="P22_SP00170" HPOS="1382" VPOS="1985" WIDTH="28"/>
						<String ID="P22_ST00191" HPOS="1410" VPOS="1919" WIDTH="48" HEIGHT="52" CONTENT="le" WC="0.80" CC="30"/>
						<SP ID="P22_SP00171" HPOS="1458" VPOS="1985" WIDTH="20"/>
						<String ID="P22_ST00192" HPOS="1478" VPOS="1920" WIDTH="132" HEIGHT="70" CONTENT="plus" WC="0.98" CC="0350"/>
						<SP ID="P22_SP00172" HPOS="1610" VPOS="1990" WIDTH="34"/>
						<String ID="P22_ST00193" HPOS="1644" VPOS="1934" WIDTH="277" HEIGHT="56" CONTENT="souvent*," WC="0.99" CC="022015060"/>
						<SP ID="P22_SP00173" HPOS="1921" VPOS="1990" WIDTH="37"/>
						<String ID="P22_ST00194" HPOS="1958" VPOS="1924" WIDTH="147" HEIGHT="53" CONTENT="mais" WC="1.00" CC="0000"/>
					</TextLine>
					<TextLine ID="P22_TL00023" HPOS="71" VPOS="1989" WIDTH="2034" HEIGHT="82">
						<String ID="P22_ST00195" HPOS="71" VPOS="1989" WIDTH="244" HEIGHT="53" CONTENT="certains" WC="1.00" CC="00020150"/>
						<SP ID="P22_SP00174" HPOS="315" VPOS="2042" WIDTH="34"/>
						<String ID="P22_ST00196" HPOS="349" VPOS="1989" WIDTH="145" HEIGHT="54" CONTENT="soirs" WC="1.00" CC="00020"/>
						<SP ID="P22_SP00175" HPOS="494" VPOS="2043" WIDTH="27"/>
						<String ID="P22_ST00197" HPOS="521" VPOS="1991" WIDTH="67" HEIGHT="52" CONTENT="de" WC="1.00" CC="00"/>
						<SP ID="P22_SP00176" HPOS="588" VPOS="2043" WIDTH="24"/>
						<String ID="P22_ST00198" HPOS="612" VPOS="1992" WIDTH="179" HEIGHT="70" CONTENT="grand" WC="0.98" CC="72100"/>
						<SP ID="P22_SP00177" HPOS="791" VPOS="2062" WIDTH="33"/>
						<String ID="P22_ST00199" HPOS="824" VPOS="1991" WIDTH="114" HEIGHT="69" CONTENT="feu," WC="1.00" CC="0000"/>
						<SP ID="P22_SP00178" HPOS="938" VPOS="2062" WIDTH="27"/>
						<String ID="P22_ST00200" HPOS="965" VPOS="1992" WIDTH="37" HEIGHT="54" CONTENT="il" WC="0.99" CC="00"/>
						<SP ID="P22_SP00179" HPOS="1002" VPOS="2062" WIDTH="25"/>
						<String ID="P22_ST00201" HPOS="1027" VPOS="2008" WIDTH="120" HEIGHT="39" CONTENT="sort" WC="0.98" CC="0032"/>
						<SP ID="P22_SP00180" HPOS="1147" VPOS="2062" WIDTH="45"/>
						<String ID="P22_ST00202" HPOS="1192" VPOS="1995" WIDTH="164" HEIGHT="53" CONTENT="d'elle" WC="0.99" CC="040510"/>
						<SP ID="P22_SP00181" HPOS="1356" VPOS="2062" WIDTH="27"/>
						<String ID="P22_ST00203" HPOS="1383" VPOS="2014" WIDTH="112" HEIGHT="37" CONTENT="une" WC="1.00" CC="000"/>
						<SP ID="P22_SP00182" HPOS="1495" VPOS="2062" WIDTH="26"/>
						<String ID="P22_ST00204" HPOS="1521" VPOS="1998" WIDTH="215" HEIGHT="69" CONTENT="plainte" WC="1.00" CC="0002100"/>
						<SP ID="P22_SP00183" HPOS="1736" VPOS="2067" WIDTH="29"/>
						<String ID="P22_ST00205" HPOS="1765" VPOS="1999" WIDTH="47" HEIGHT="53" CONTENT="si" WC="0.84" CC="03"/>
						<SP ID="P22_SP00184" HPOS="1812" VPOS="2067" WIDTH="45"/>
						<String ID="P22_ST00206" HPOS="1857" VPOS="1999" WIDTH="167" HEIGHT="72" CONTENT="aiguë" WC="0.98" CC="00056"/>
						<SP ID="P22_SP00185" HPOS="2024" VPOS="2071" WIDTH="27"/>
						<String ID="P22_ST00207" HPOS="2051" VPOS="2015" WIDTH="54" HEIGHT="40" CONTENT="et" WC="0.93" CC="01"/>
					</TextLine>
					<TextLine ID="P22_TL00024" HPOS="71" VPOS="2065" WIDTH="2033" HEIGHT="80">
						<String ID="P22_ST00208" HPOS="71" VPOS="2065" WIDTH="46" HEIGHT="53" CONTENT="si" WC="0.90" CC="01"/>
						<SP ID="P22_SP00186" HPOS="117" VPOS="2118" WIDTH="31"/>
						<String ID="P22_ST00209" HPOS="148" VPOS="2066" WIDTH="201" HEIGHT="53" CONTENT="canine" WC="0.99" CC="501100"/>
						<SP ID="P22_SP00187" HPOS="349" VPOS="2119" WIDTH="27"/>
						<String ID="P22_ST00210" HPOS="376" VPOS="2085" WIDTH="109" HEIGHT="53" CONTENT="que" WC="0.99" CC="020"/>
						<SP ID="P22_SP00188" HPOS="485" VPOS="2138" WIDTH="38"/>
						<String ID="P22_ST00211" HPOS="523" VPOS="2086" WIDTH="105" HEIGHT="36" CONTENT="son" WC="1.00" CC="000"/>
						<SP ID="P22_SP00189" HPOS="628" VPOS="2138" WIDTH="45"/>
						<String ID="P22_ST00212" HPOS="673" VPOS="2084" WIDTH="197" HEIGHT="39" CONTENT="ventre" WC="0.99" CC="003030"/>
						<SP ID="P22_SP00190" HPOS="870" VPOS="2138" WIDTH="38"/>
						<String ID="P22_ST00213" HPOS="908" VPOS="2071" WIDTH="131" HEIGHT="54" CONTENT="noir" WC="0.99" CC="1201"/>
						<SP ID="P22_SP00191" HPOS="1039" VPOS="2138" WIDTH="35"/>
						<String ID="P22_ST00214" HPOS="1074" VPOS="2071" WIDTH="338" HEIGHT="74" CONTENT="m'inquiète" WC="1.00" CC="0311040500"/>
						<SP ID="P22_SP00192" HPOS="1412" VPOS="2145" WIDTH="50"/>
						<String ID="P22_ST00215" HPOS="1462" VPOS="2093" WIDTH="226" HEIGHT="37" CONTENT="comme" WC="0.99" CC="53000"/>
						<SP ID="P22_SP00193" HPOS="1688" VPOS="2145" WIDTH="29"/>
						<String ID="P22_ST00216" HPOS="1717" VPOS="2076" WIDTH="46" HEIGHT="54" CONTENT="si" WC="0.90" CC="02"/>
						<SP ID="P22_SP00194" HPOS="1763" VPOS="2145" WIDTH="34"/>
						<String ID="P22_ST00217" HPOS="1797" VPOS="2078" WIDTH="107" HEIGHT="52" CONTENT="elle" WC="0.98" CC="0530"/>
						<SP ID="P22_SP00195" HPOS="1904" VPOS="2145" WIDTH="48"/>
						<String ID="P22_ST00218" HPOS="1952" VPOS="2078" WIDTH="152" HEIGHT="55" CONTENT="avait" WC="1.00" CC="00030"/>
					</TextLine>
					<TextLine ID="P22_TL00025" HPOS="70" VPOS="2146" WIDTH="988" HEIGHT="72">
						<String ID="P22_ST00219" HPOS="70" VPOS="2149" WIDTH="202" HEIGHT="67" CONTENT="mangé" WC="0.99" CC="05020"/>
						<SP ID="P22_SP00196" HPOS="272" VPOS="2216" WIDTH="22"/>
						<String ID="P22_ST00220" HPOS="294" VPOS="2159" WIDTH="126" HEIGHT="40" CONTENT="tout" WC="0.97" CC="0344"/>
						<SP ID="P22_SP00197" HPOS="420" VPOS="2216" WIDTH="31"/>
						<String ID="P22_ST00221" HPOS="451" VPOS="2146" WIDTH="86" HEIGHT="53" CONTENT="vif" WC="1.00" CC="000"/>
						<SP ID="P22_SP00198" HPOS="537" VPOS="2216" WIDTH="14"/>
						<String ID="P22_ST00222" HPOS="551" VPOS="2165" WIDTH="77" HEIGHT="36" CONTENT="un" WC="0.97" CC="00"/>
						<SP ID="P22_SP00199" HPOS="628" VPOS="2216" WIDTH="23"/>
						<String ID="P22_ST00223" HPOS="651" VPOS="2147" WIDTH="143" HEIGHT="71" CONTENT="petit" WC="1.00" CC="00010"/>
						<SP ID="P22_SP00200" HPOS="794" VPOS="2218" WIDTH="24"/>
						<String ID="P22_ST00224" HPOS="818" VPOS="2149" WIDTH="240" HEIGHT="56" CONTENT="chien..." WC="0.99" CC="50000244"/>
					</TextLine>
					<TextLine ID="P22_TL00026" HPOS="137" VPOS="2222" WIDTH="1967" HEIGHT="73">
						<String ID="P22_ST00225" HPOS="137" VPOS="2222" WIDTH="404" HEIGHT="71" CONTENT="Toby-Chien," WC="0.81" CC="00090402003"/>
						<SP ID="P22_SP00201" HPOS="541" VPOS="2293" WIDTH="30"/>
						<String ID="P22_ST00226" HPOS="571" VPOS="2226" WIDTH="285" HEIGHT="69" CONTENT="essoufflé," WC="1.00" CC="0001300000"/>
						<SP ID="P22_SP00202" HPOS="856" VPOS="2295" WIDTH="37"/>
						<String ID="P22_ST00227" HPOS="893" VPOS="2229" WIDTH="232" HEIGHT="53" CONTENT="s'arrêta" WC="1.00" CC="00330000"/>
						<SP ID="P22_SP00203" HPOS="1125" VPOS="2295" WIDTH="33"/>
						<String ID="P22_ST00228" HPOS="1158" VPOS="2248" WIDTH="79" HEIGHT="35" CONTENT="un" WC="0.70" CC="50"/>
						<SP ID="P22_SP00204" HPOS="1237" VPOS="2295" WIDTH="23"/>
						<String ID="P22_ST00229" HPOS="1260" VPOS="2230" WIDTH="219" HEIGHT="55" CONTENT="instant" WC="1.00" CC="4000000"/>
						<SP ID="P22_SP00205" HPOS="1479" VPOS="2295" WIDTH="26"/>
						<String ID="P22_ST00230" HPOS="1505" VPOS="2245" WIDTH="52" HEIGHT="40" CONTENT="et" WC="0.80" CC="03"/>
						<SP ID="P22_SP00206" HPOS="1557" VPOS="2295" WIDTH="29"/>
						<String ID="P22_ST00231" HPOS="1586" VPOS="2232" WIDTH="108" HEIGHT="54" CONTENT="fixa" WC="0.98" CC="4400"/>
						<SP ID="P22_SP00207" HPOS="1694" VPOS="2295" WIDTH="27"/>
						<String ID="P22_ST00232" HPOS="1721" VPOS="2252" WIDTH="97" HEIGHT="35" CONTENT="sur" WC="0.96" CC="055"/>
						<SP ID="P22_SP00208" HPOS="1818" VPOS="2295" WIDTH="32"/>
						<String ID="P22_ST00233" HPOS="1850" VPOS="2234" WIDTH="122" HEIGHT="53" CONTENT="moi" WC="0.99" CC="003"/>
						<SP ID="P22_SP00209" HPOS="1972" VPOS="2295" WIDTH="28"/>
						<String ID="P22_ST00234" HPOS="2000" VPOS="2236" WIDTH="104" HEIGHT="52" CONTENT="des" WC="0.96" CC="009"/>
					</TextLine>
					<TextLine ID="P22_TL00027" HPOS="63" VPOS="2301" WIDTH="2034" HEIGHT="80">
						<String ID="P22_ST00235" HPOS="63" VPOS="2318" WIDTH="148" HEIGHT="52" CONTENT="yeux" WC="0.97" CC="0056"/>
						<SP ID="P22_SP00210" HPOS="211" VPOS="2370" WIDTH="53"/>
						<String ID="P22_ST00236" HPOS="264" VPOS="2301" WIDTH="305" HEIGHT="70" CONTENT="globuleux" WC="0.99" CC="600051223"/>
						<SP ID="P22_SP00211" HPOS="569" VPOS="2371" WIDTH="32"/>
						<String ID="P22_ST00237" HPOS="601" VPOS="2315" WIDTH="53" HEIGHT="39" CONTENT="et" WC="1.00" CC="00"/>
						<SP ID="P22_SP00212" HPOS="654" VPOS="2371" WIDTH="41"/>
						<String ID="P22_ST00238" HPOS="695" VPOS="2302" WIDTH="384" HEIGHT="63" CONTENT="hallucinés..." WC="1.00" CC="0020522000347"/>
						<SP ID="P22_SP00213" HPOS="1079" VPOS="2371" WIDTH="50"/>
						<String ID="P22_ST00239" HPOS="1129" VPOS="2307" WIDTH="127" HEIGHT="52" CONTENT="J'en" WC="0.98" CC="0205"/>
						<SP ID="P22_SP00214" HPOS="1256" VPOS="2371" WIDTH="47"/>
						<String ID="P22_ST00240" HPOS="1303" VPOS="2309" WIDTH="230" HEIGHT="70" CONTENT="profitai" WC="1.00" CC="02300000"/>
						<SP ID="P22_SP00215" HPOS="1533" VPOS="2379" WIDTH="48"/>
						<String ID="P22_ST00241" HPOS="1581" VPOS="2328" WIDTH="151" HEIGHT="53" CONTENT="pour" WC="0.96" CC="0466"/>
						<SP ID="P22_SP00216" HPOS="1732" VPOS="2381" WIDTH="42"/>
						<String ID="P22_ST00242" HPOS="1774" VPOS="2311" WIDTH="208" HEIGHT="70" CONTENT="glisser" WC="0.99" CC="0530004"/>
						<SP ID="P22_SP00217" HPOS="1982" VPOS="2381" WIDTH="35"/>
						<String ID="P22_ST00243" HPOS="2017" VPOS="2332" WIDTH="80" HEIGHT="35" CONTENT="un" WC="0.67" CC="60"/>
					</TextLine>
					<TextLine ID="P22_TL00028" HPOS="66" VPOS="2390" WIDTH="160" HEIGHT="41">
						<String ID="P22_ST00244" HPOS="66" VPOS="2390" WIDTH="122" HEIGHT="39" CONTENT="mot" WC="0.99" CC="030"/>
						<SP ID="P22_SP00218" HPOS="188" VPOS="2429" WIDTH="28"/>
						<String ID="P22_ST00245" HPOS="216" VPOS="2394" WIDTH="10" HEIGHT="37" CONTENT=":" WC="0.49" CC="5"/>
					</TextLine>
					<TextLine ID="P22_TL00029" HPOS="226" VPOS="2456" WIDTH="1869" HEIGHT="79">
						<String ID="P22_ST00246" HPOS="226" VPOS="2456" WIDTH="249" HEIGHT="70" CONTENT="Pardon," WC="0.99" CC="5020100"/>
						<SP ID="P22_SP00219" HPOS="475" VPOS="2526" WIDTH="25"/>
						<String ID="P22_ST00247" HPOS="500" VPOS="2459" WIDTH="214" HEIGHT="53" CONTENT="mais..." WC="0.99" CC="0000313"/>
						<SP ID="P22_SP00220" HPOS="714" VPOS="2526" WIDTH="30"/>
						<String ID="P22_ST00248" HPOS="744" VPOS="2478" WIDTH="58" HEIGHT="34" CONTENT="ce" WC="1.00" CC="00"/>
						<SP ID="P22_SP00221" HPOS="802" VPOS="2526" WIDTH="55"/>
						<String ID="P22_ST00249" HPOS="857" VPOS="2461" WIDTH="145" HEIGHT="53" CONTENT="n'est" WC="1.00" CC="00000"/>
						<SP ID="P22_SP00222" HPOS="1002" VPOS="2526" WIDTH="23"/>
						<String ID="P22_ST00250" HPOS="1025" VPOS="2481" WIDTH="100" HEIGHT="52" CONTENT="pas" WC="1.00" CC="000"/>
						<SP ID="P22_SP00223" HPOS="1125" VPOS="2533" WIDTH="25"/>
						<String ID="P22_ST00251" HPOS="1150" VPOS="2465" WIDTH="69" HEIGHT="52" CONTENT="de" WC="1.00" CC="00"/>
						<SP ID="P22_SP00224" HPOS="1219" VPOS="2533" WIDTH="55"/>
						<String ID="P22_ST00252" HPOS="1274" VPOS="2465" WIDTH="118" HEIGHT="52" CONTENT="cela" WC="0.99" CC="0050"/>
						<SP ID="P22_SP00225" HPOS="1392" VPOS="2533" WIDTH="33"/>
						<String ID="P22_ST00253" HPOS="1425" VPOS="2483" WIDTH="110" HEIGHT="52" CONTENT="que" WC="0.98" CC="040"/>
						<SP ID="P22_SP00226" HPOS="1535" VPOS="2535" WIDTH="29"/>
						<String ID="P22_ST00254" HPOS="1564" VPOS="2465" WIDTH="49" HEIGHT="66" CONTENT="je" WC="0.87" CC="20"/>
						<SP ID="P22_SP00227" HPOS="1613" VPOS="2535" WIDTH="61"/>
						<String ID="P22_ST00255" HPOS="1674" VPOS="2467" WIDTH="227" HEIGHT="54" CONTENT="voulais" WC="0.99" CC="0351000"/>
						<SP ID="P22_SP00228" HPOS="1901" VPOS="2535" WIDTH="48"/>
						<String ID="P22_ST00256" HPOS="1949" VPOS="2486" WIDTH="146" HEIGHT="37" CONTENT="vous" WC="0.99" CC="0040"/>
					</TextLine>
					<TextLine ID="P22_TL00030" HPOS="62" VPOS="2536" WIDTH="2030" HEIGHT="76">
						<String ID="P22_ST00257" HPOS="62" VPOS="2536" WIDTH="272" HEIGHT="51" CONTENT="entendre" WC="1.00" CC="04000042"/>
						<SP ID="P22_SP00229" HPOS="334" VPOS="2587" WIDTH="34"/>
						<String ID="P22_ST00258" HPOS="368" VPOS="2536" WIDTH="203" HEIGHT="69" CONTENT="parler." WC="0.99" CC="0052013"/>
						<SP ID="P22_SP00230" HPOS="571" VPOS="2605" WIDTH="26"/>
						<String ID="P22_ST00259" HPOS="597" VPOS="2536" WIDTH="273" HEIGHT="55" CONTENT="Laissons" WC="1.00" CC="00100030"/>
						<SP ID="P22_SP00231" HPOS="870" VPOS="2605" WIDTH="29"/>
						<String ID="P22_ST00260" HPOS="899" VPOS="2540" WIDTH="80" HEIGHT="52" CONTENT="les" WC="0.99" CC="100"/>
						<SP ID="P22_SP00232" HPOS="979" VPOS="2605" WIDTH="28"/>
						<String ID="P22_ST00261" HPOS="1007" VPOS="2541" WIDTH="329" HEIGHT="55" CONTENT="harmonies" WC="1.00" CC="004000300"/>
						<SP ID="P22_SP00233" HPOS="1336" VPOS="2605" WIDTH="16"/>
						<String ID="P22_ST00262" HPOS="1352" VPOS="2544" WIDTH="312" HEIGHT="53" CONTENT="naturelles" WC="1.00" CC="0005100100"/>
						<SP ID="P22_SP00234" HPOS="1664" VPOS="2605" WIDTH="22"/>
						<String ID="P22_ST00263" HPOS="1686" VPOS="2558" WIDTH="54" HEIGHT="39" CONTENT="et" WC="0.94" CC="01"/>
						<SP ID="P22_SP00235" HPOS="1740" VPOS="2605" WIDTH="20"/>
						<String ID="P22_ST00264" HPOS="1760" VPOS="2545" WIDTH="332" HEIGHT="67" CONTENT="imitatives," WC="0.84" CC="40000050007"/>
					</TextLine>
					<TextLine ID="P22_TL00031" HPOS="63" VPOS="2611" WIDTH="2034" HEIGHT="81">
						<String ID="P22_ST00265" HPOS="63" VPOS="2624" WIDTH="54" HEIGHT="39" CONTENT="et" WC="0.86" CC="02"/>
						<SP ID="P22_SP00236" HPOS="117" VPOS="2663" WIDTH="34"/>
						<String ID="P22_ST00266" HPOS="151" VPOS="2611" WIDTH="295" HEIGHT="55" CONTENT="dites-moi" WC="1.00" CC="020003021"/>
						<SP ID="P22_SP00237" HPOS="446" VPOS="2666" WIDTH="35"/>
						<String ID="P22_ST00267" HPOS="481" VPOS="2633" WIDTH="102" HEIGHT="34" CONTENT="vos" WC="0.99" CC="010"/>
						<SP ID="P22_SP00238" HPOS="583" VPOS="2667" WIDTH="47"/>
						<String ID="P22_ST00268" HPOS="630" VPOS="2615" WIDTH="382" HEIGHT="72" CONTENT="impressions" WC="1.00" CC="00030001010"/>
						<SP ID="P22_SP00239" HPOS="1012" VPOS="2687" WIDTH="33"/>
						<String ID="P22_ST00269" HPOS="1045" VPOS="2620" WIDTH="69" HEIGHT="52" CONTENT="de" WC="1.00" CC="00"/>
						<SP ID="P22_SP00240" HPOS="1114" VPOS="2687" WIDTH="26"/>
						<String ID="P22_ST00270" HPOS="1140" VPOS="2620" WIDTH="271" HEIGHT="72" CONTENT="musique" WC="0.99" CC="0503053"/>
						<SP ID="P22_SP00241" HPOS="1411" VPOS="2692" WIDTH="34"/>
						<String ID="P22_ST00271" HPOS="1445" VPOS="2620" WIDTH="466" HEIGHT="71" CONTENT="instrumentale," WC="1.00" CC="03000611100303"/>
						<SP ID="P22_SP00242" HPOS="1911" VPOS="2692" WIDTH="27"/>
						<String ID="P22_ST00272" HPOS="1938" VPOS="2625" WIDTH="159" HEIGHT="53" CONTENT="voire" WC="1.00" CC="00001"/>
					</TextLine>
					<TextLine ID="P22_TL00032" HPOS="63" VPOS="2690" WIDTH="369" HEIGHT="54">
						<String ID="P22_ST00273" HPOS="63" VPOS="2690" WIDTH="369" HEIGHT="54" CONTENT="orchestrale." WC="1.00" CC="030000020403"/>
					</TextLine>
					<TextLine ID="P22_TL00033" HPOS="136" VPOS="2767" WIDTH="1958" HEIGHT="86">
						<String ID="P22_ST00274" HPOS="136" VPOS="2767" WIDTH="44" HEIGHT="52" CONTENT="Il" WC="0.83" CC="03"/>
						<SP ID="P22_SP00243" HPOS="180" VPOS="2819" WIDTH="37"/>
						<String ID="P22_ST00275" HPOS="217" VPOS="2768" WIDTH="216" HEIGHT="72" CONTENT="s'agita," WC="0.99" CC="03200041"/>
						<SP ID="P22_SP00244" HPOS="433" VPOS="2840" WIDTH="38"/>
						<String ID="P22_ST00276" HPOS="471" VPOS="2787" WIDTH="222" HEIGHT="39" CONTENT="comme" WC="0.99" CC="03004"/>
						<SP ID="P22_SP00245" HPOS="693" VPOS="2840" WIDTH="24"/>
						<String ID="P22_ST00277" HPOS="717" VPOS="2772" WIDTH="118" HEIGHT="71" CONTENT="pris" WC="0.98" CC="0240"/>
						<SP ID="P22_SP00246" HPOS="835" VPOS="2843" WIDTH="25"/>
						<String ID="P22_ST00278" HPOS="860" VPOS="2775" WIDTH="137" HEIGHT="53" CONTENT="d'un" WC="0.98" CC="0055"/>
						<SP ID="P22_SP00247" HPOS="997" VPOS="2843" WIDTH="34"/>
						<String ID="P22_ST00279" HPOS="1031" VPOS="2776" WIDTH="156" HEIGHT="53" CONTENT="subit" WC="0.99" CC="04000"/>
						<SP ID="P22_SP00248" HPOS="1187" VPOS="2843" WIDTH="31"/>
						<String ID="P22_ST00280" HPOS="1218" VPOS="2776" WIDTH="256" HEIGHT="55" CONTENT="malaise." WC="0.99" CC="00502004"/>
						<SP ID="P22_SP00249" HPOS="1474" VPOS="2843" WIDTH="32"/>
						<String ID="P22_ST00281" HPOS="1506" VPOS="2779" WIDTH="131" HEIGHT="55" CONTENT="Une" WC="1.00" CC="000"/>
						<SP ID="P22_SP00250" HPOS="1637" VPOS="2843" WIDTH="40"/>
						<String ID="P22_ST00282" HPOS="1677" VPOS="2781" WIDTH="69" HEIGHT="52" CONTENT="de" WC="1.00" CC="00"/>
						<SP ID="P22_SP00251" HPOS="1746" VPOS="2843" WIDTH="25"/>
						<String ID="P22_ST00283" HPOS="1771" VPOS="2798" WIDTH="89" HEIGHT="35" CONTENT="ses" WC="1.00" CC="000"/>
						<SP ID="P22_SP00252" HPOS="1860" VPOS="2843" WIDTH="46"/>
						<String ID="P22_ST00284" HPOS="1906" VPOS="2795" WIDTH="188" HEIGHT="58" CONTENT="pattes" WC="1.00" CC="400000"/>
					</TextLine>
					<TextLine ID="P22_TL00034" HPOS="62" VPOS="2846" WIDTH="2031" HEIGHT="77">
						<String ID="P22_ST00285" HPOS="62" VPOS="2846" WIDTH="385" HEIGHT="70" CONTENT="postérieures" WC="1.00" CC="800001105100"/>
						<SP ID="P22_SP00253" HPOS="447" VPOS="2916" WIDTH="34"/>
						<String ID="P22_ST00286" HPOS="481" VPOS="2850" WIDTH="262" HEIGHT="70" CONTENT="esquissa" WC="1.00" CC="00052000"/>
						<SP ID="P22_SP00254" HPOS="743" VPOS="2920" WIDTH="30"/>
						<String ID="P22_ST00287" HPOS="773" VPOS="2869" WIDTH="115" HEIGHT="37" CONTENT="une" WC="0.97" CC="311"/>
						<SP ID="P22_SP00255" HPOS="888" VPOS="2920" WIDTH="21"/>
						<String ID="P22_ST00288" HPOS="909" VPOS="2853" WIDTH="174" HEIGHT="54" CONTENT="danse" WC="1.00" CC="00000"/>
						<SP ID="P22_SP00256" HPOS="1083" VPOS="2920" WIDTH="28"/>
						<String ID="P22_ST00289" HPOS="1111" VPOS="2855" WIDTH="69" HEIGHT="53" CONTENT="de" WC="1.00" CC="00"/>
						<SP ID="P22_SP00257" HPOS="1180" VPOS="2920" WIDTH="28"/>
						<String ID="P22_ST00290" HPOS="1208" VPOS="2853" WIDTH="349" HEIGHT="70" CONTENT="Saint-Guy," WC="0.99" CC="0031510430"/>
						<SP ID="P22_SP00258" HPOS="1557" VPOS="2923" WIDTH="29"/>
						<String ID="P22_ST00291" HPOS="1586" VPOS="2875" WIDTH="80" HEIGHT="37" CONTENT="un" WC="0.51" CC="54"/>
						<SP ID="P22_SP00259" HPOS="1666" VPOS="2923" WIDTH="45"/>
						<String ID="P22_ST00292" HPOS="1711" VPOS="2859" WIDTH="382" HEIGHT="64" CONTENT="gigottement" WC="0.78" CC="73700010002"/>
					</TextLine>
					<TextLine ID="P22_TL00035" HPOS="61" VPOS="2922" WIDTH="352" HEIGHT="70">
						<String ID="P22_ST00293" HPOS="61" VPOS="2922" WIDTH="352" HEIGHT="70" CONTENT="galvanisé..." WC="1.00" CC="000002302424"/>
					</TextLine>
					<TextLine ID="P22_TL00036" HPOS="216" VPOS="3001" WIDTH="1877" HEIGHT="80">
						<String ID="P22_ST00294" HPOS="216" VPOS="3001" WIDTH="91" HEIGHT="51" CONTENT="Ah" WC="0.85" CC="20"/>
						<SP ID="P22_SP00260" HPOS="307" VPOS="3052" WIDTH="27"/>
						<String ID="P22_ST00295" HPOS="334" VPOS="3005" WIDTH="9" HEIGHT="48" CONTENT="!" WC="1.00" CC="0"/>
						<SP ID="P22_SP00261" HPOS="343" VPOS="3053" WIDTH="38"/>
						<String ID="P22_ST00296" HPOS="381" VPOS="3001" WIDTH="164" HEIGHT="54" CONTENT="oui..." WC="0.98" CC="361433"/>
						<SP ID="P22_SP00262" HPOS="545" VPOS="3055" WIDTH="28"/>
						<String ID="P22_ST00297" HPOS="573" VPOS="3005" WIDTH="91" HEIGHT="52" CONTENT="Ah" WC="0.90" CC="20"/>
						<SP ID="P22_SP00263" HPOS="664" VPOS="3057" WIDTH="29"/>
						<String ID="P22_ST00298" HPOS="693" VPOS="3010" WIDTH="10" HEIGHT="48" CONTENT="!" WC="0.98" CC="0"/>
						<SP ID="P22_SP00264" HPOS="703" VPOS="3058" WIDTH="31"/>
						<String ID="P22_ST00299" HPOS="734" VPOS="3005" WIDTH="51" HEIGHT="68" CONTENT="je" WC="0.79" CC="40"/>
						<SP ID="P22_SP00265" HPOS="785" VPOS="3073" WIDTH="26"/>
						<String ID="P22_ST00300" HPOS="811" VPOS="3006" WIDTH="209" HEIGHT="53" CONTENT="n'aime" WC="0.99" CC="006000"/>
						<SP ID="P22_SP00266" HPOS="1020" VPOS="3073" WIDTH="19"/>
						<String ID="P22_ST00301" HPOS="1039" VPOS="3026" WIDTH="101" HEIGHT="51" CONTENT="pas" WC="1.00" CC="000"/>
						<SP ID="P22_SP00267" HPOS="1140" VPOS="3077" WIDTH="33"/>
						<String ID="P22_ST00302" HPOS="1173" VPOS="3010" WIDTH="299" HEIGHT="71" CONTENT="beaucoup" WC="1.00" CC="00050050"/>
						<SP ID="P22_SP00268" HPOS="1472" VPOS="3081" WIDTH="33"/>
						<String ID="P22_ST00303" HPOS="1505" VPOS="3029" WIDTH="61" HEIGHT="35" CONTENT="ce" WC="0.78" CC="40"/>
						<SP ID="P22_SP00269" HPOS="1566" VPOS="3081" WIDTH="34"/>
						<String ID="P22_ST00304" HPOS="1600" VPOS="3011" WIDTH="147" HEIGHT="69" CONTENT="sujet" WC="0.99" CC="00305"/>
						<SP ID="P22_SP00270" HPOS="1747" VPOS="3081" WIDTH="23"/>
						<String ID="P22_ST00305" HPOS="1770" VPOS="3014" WIDTH="68" HEIGHT="52" CONTENT="de" WC="1.00" CC="00"/>
						<SP ID="P22_SP00271" HPOS="1838" VPOS="3081" WIDTH="20"/>
						<String ID="P22_ST00306" HPOS="1858" VPOS="3031" WIDTH="202" HEIGHT="36" CONTENT="conver" SUBS_TYPE="HypPart1" SUBS_CONTENT="conversation." WC="0.99" CC="510015"/>
						<HYP HPOS="2060" VPOS="3031" WIDTH="33" CONTENT="-"/>
					</TextLine>
					<TextLine ID="P22_TL00037" HPOS="57" VPOS="3077" WIDTH="2036" HEIGHT="88">
						<String ID="P22_ST00307" HPOS="57" VPOS="3077" WIDTH="206" HEIGHT="55" CONTENT="sation." SUBS_TYPE="HypPart2" SUBS_CONTENT="conversation." WC="1.00" CC="0003002"/>
						<SP ID="P22_SP00272" HPOS="263" VPOS="3132" WIDTH="25"/>
						<String ID="P22_ST00308" HPOS="288" VPOS="3080" WIDTH="65" HEIGHT="53" CONTENT="Je" WC="1.00" CC="00"/>
						<SP ID="P22_SP00273" HPOS="353" VPOS="3133" WIDTH="24"/>
						<String ID="P22_ST00309" HPOS="377" VPOS="3080" WIDTH="118" HEIGHT="54" CONTENT="suis" WC="0.99" CC="0500"/>
						<SP ID="P22_SP00274" HPOS="495" VPOS="3134" WIDTH="36"/>
						<String ID="P22_ST00310" HPOS="531" VPOS="3080" WIDTH="71" HEIGHT="72" CONTENT="(je" WC="0.97" CC="530"/>
						<SP ID="P22_SP00275" HPOS="602" VPOS="3152" WIDTH="16"/>
						<String ID="P22_ST00311" HPOS="618" VPOS="3082" WIDTH="89" HEIGHT="53" CONTENT="l'ai" WC="0.97" CC="4081"/>
						<SP ID="P22_SP00276" HPOS="707" VPOS="3152" WIDTH="32"/>
						<String ID="P22_ST00312" HPOS="739" VPOS="3081" WIDTH="124" HEIGHT="70" CONTENT="déjà" WC="0.98" CC="0142"/>
						<SP ID="P22_SP00277" HPOS="863" VPOS="3152" WIDTH="19"/>
						<String ID="P22_ST00313" HPOS="882" VPOS="3085" WIDTH="98" HEIGHT="68" CONTENT="dit)" WC="0.99" CC="0240"/>
						<SP ID="P22_SP00278" HPOS="980" VPOS="3153" WIDTH="33"/>
						<String ID="P22_ST00314" HPOS="1013" VPOS="3104" WIDTH="80" HEIGHT="37" CONTENT="un" WC="0.58" CC="25"/>
						<SP ID="P22_SP00279" HPOS="1093" VPOS="3153" WIDTH="36"/>
						<String ID="P22_ST00315" HPOS="1129" VPOS="3086" WIDTH="244" HEIGHT="70" CONTENT="sensitif," WC="0.97" CC="000000002"/>
						<SP ID="P22_SP00280" HPOS="1373" VPOS="3156" WIDTH="30"/>
						<String ID="P22_ST00316" HPOS="1403" VPOS="3102" WIDTH="54" HEIGHT="40" CONTENT="et" WC="1.00" CC="00"/>
						<SP ID="P22_SP00281" HPOS="1457" VPOS="3156" WIDTH="22"/>
						<String ID="P22_ST00317" HPOS="1479" VPOS="3090" WIDTH="37" HEIGHT="52" CONTENT="il" WC="0.99" CC="00"/>
						<SP ID="P22_SP00282" HPOS="1516" VPOS="3156" WIDTH="29"/>
						<String ID="P22_ST00318" HPOS="1545" VPOS="3091" WIDTH="157" HEIGHT="53" CONTENT="suffit" WC="1.00" CC="000110"/>
						<SP ID="P22_SP00283" HPOS="1702" VPOS="3156" WIDTH="44"/>
						<String ID="P22_ST00319" HPOS="1746" VPOS="3092" WIDTH="69" HEIGHT="54" CONTENT="de" WC="0.92" CC="01"/>
						<SP ID="P22_SP00284" HPOS="1815" VPOS="3156" WIDTH="33"/>
						<String ID="P22_ST00320" HPOS="1848" VPOS="3110" WIDTH="91" HEIGHT="36" CONTENT="me" WC="1.00" CC="00"/>
						<SP ID="P22_SP00285" HPOS="1939" VPOS="3156" WIDTH="24"/>
						<String ID="P22_ST00321" HPOS="1963" VPOS="3110" WIDTH="98" HEIGHT="55" CONTENT="rap" SUBS_TYPE="HypPart1" SUBS_CONTENT="rappeler" WC="0.98" CC="250"/>
						<HYP HPOS="2061" VPOS="3110" WIDTH="32" CONTENT="-"/>
					</TextLine>
					<TextLine ID="P22_TL00038" HPOS="61" VPOS="3156" WIDTH="2029" HEIGHT="84">
						<String ID="P22_ST00322" HPOS="61" VPOS="3156" WIDTH="155" HEIGHT="70" CONTENT="peler" SUBS_TYPE="HypPart2" SUBS_CONTENT="rappeler" WC="0.99" CC="01301"/>
						<SP ID="P22_SP00286" HPOS="216" VPOS="3226" WIDTH="24"/>
						<String ID="P22_ST00323" HPOS="240" VPOS="3157" WIDTH="275" HEIGHT="53" CONTENT="certaines" WC="1.00" CC="003001103"/>
						<SP ID="P22_SP00287" HPOS="515" VPOS="3226" WIDTH="30"/>
						<String ID="P22_ST00324" HPOS="545" VPOS="3160" WIDTH="287" HEIGHT="54" CONTENT="émotions" WC="1.00" CC="00002000"/>
						<SP ID="P22_SP00288" HPOS="832" VPOS="3226" WIDTH="17"/>
						<String ID="P22_ST00325" HPOS="849" VPOS="3161" WIDTH="158" HEIGHT="54" CONTENT="vives" WC="0.99" CC="05000"/>
						<SP ID="P22_SP00289" HPOS="1007" VPOS="3226" WIDTH="33"/>
						<String ID="P22_ST00326" HPOS="1040" VPOS="3181" WIDTH="147" HEIGHT="52" CONTENT="pour" WC="0.97" CC="3036"/>
						<SP ID="P22_SP00290" HPOS="1187" VPOS="3233" WIDTH="40"/>
						<String ID="P22_ST00327" HPOS="1227" VPOS="3182" WIDTH="109" HEIGHT="54" CONTENT="que" WC="0.97" CC="060"/>
						<SP ID="P22_SP00291" HPOS="1336" VPOS="3236" WIDTH="34"/>
						<String ID="P22_ST00328" HPOS="1370" VPOS="3165" WIDTH="50" HEIGHT="69" CONTENT="je" WC="0.79" CC="40"/>
						<SP ID="P22_SP00292" HPOS="1420" VPOS="3236" WIDTH="28"/>
						<String ID="P22_ST00329" HPOS="1448" VPOS="3167" WIDTH="78" HEIGHT="54" CONTENT="les" WC="0.97" CC="600"/>
						<SP ID="P22_SP00293" HPOS="1526" VPOS="3236" WIDTH="28"/>
						<String ID="P22_ST00330" HPOS="1554" VPOS="3171" WIDTH="257" HEIGHT="69" CONTENT="éprouve" WC="0.99" CC="6050300"/>
						<SP ID="P22_SP00294" HPOS="1811" VPOS="3240" WIDTH="34"/>
						<String ID="P22_ST00331" HPOS="1845" VPOS="3171" WIDTH="70" HEIGHT="52" CONTENT="de" WC="1.00" CC="00"/>
						<SP ID="P22_SP00295" HPOS="1915" VPOS="3240" WIDTH="27"/>
						<String ID="P22_ST00332" HPOS="1942" VPOS="3188" WIDTH="111" HEIGHT="36" CONTENT="nou" SUBS_TYPE="HypPart1" SUBS_CONTENT="nouveau..." WC="0.97" CC="035"/>
						<HYP HPOS="2053" VPOS="3188" WIDTH="37" CONTENT="-"/>
					</TextLine>
					<TextLine ID="P22_TL00039" HPOS="56" VPOS="3236" WIDTH="2033" HEIGHT="81">
						<String ID="P22_ST00333" HPOS="56" VPOS="3250" WIDTH="204" HEIGHT="38" CONTENT="veau..." SUBS_TYPE="HypPart2" SUBS_CONTENT="nouveau..." WC="0.98" CC="9000333"/>
						<SP ID="P22_SP00296" HPOS="260" VPOS="3288" WIDTH="41"/>
						<String ID="P22_ST00334" HPOS="301" VPOS="3236" WIDTH="192" HEIGHT="70" CONTENT="Voyez" WC="0.99" CC="61000"/>
						<SP ID="P22_SP00297" HPOS="493" VPOS="3306" WIDTH="24"/>
						<String ID="P22_ST00335" HPOS="517" VPOS="3250" WIDTH="143" HEIGHT="40" CONTENT="cette" WC="1.00" CC="10000"/>
						<SP ID="P22_SP00298" HPOS="660" VPOS="3306" WIDTH="46"/>
						<String ID="P22_ST00336" HPOS="706" VPOS="3240" WIDTH="345" HEIGHT="53" CONTENT="convulsion" WC="1.00" CC="0013500302"/>
						<SP ID="P22_SP00299" HPOS="1051" VPOS="3306" WIDTH="31"/>
						<String ID="P22_ST00337" HPOS="1082" VPOS="3241" WIDTH="184" HEIGHT="71" CONTENT="légère" WC="0.99" CC="400320"/>
						<SP ID="P22_SP00300" HPOS="1266" VPOS="3312" WIDTH="32"/>
						<String ID="P22_ST00338" HPOS="1298" VPOS="3245" WIDTH="68" HEIGHT="52" CONTENT="de" WC="1.00" CC="00"/>
						<SP ID="P22_SP00301" HPOS="1366" VPOS="3312" WIDTH="26"/>
						<String ID="P22_ST00339" HPOS="1392" VPOS="3262" WIDTH="94" HEIGHT="36" CONTENT="ma" WC="1.00" CC="00"/>
						<SP ID="P22_SP00302" HPOS="1486" VPOS="3312" WIDTH="47"/>
						<String ID="P22_ST00340" HPOS="1533" VPOS="3259" WIDTH="156" HEIGHT="58" CONTENT="patte" WC="1.00" CC="00000"/>
						<SP ID="P22_SP00303" HPOS="1689" VPOS="3317" WIDTH="33"/>
						<String ID="P22_ST00341" HPOS="1722" VPOS="3266" WIDTH="10" HEIGHT="36" CONTENT=":" WC="0.68" CC="3"/>
						<SP ID="P22_SP00304" HPOS="1732" VPOS="3317" WIDTH="29"/>
						<String ID="P22_ST00342" HPOS="1761" VPOS="3247" WIDTH="111" HEIGHT="69" CONTENT="j'en" WC="0.99" CC="3110"/>
						<SP ID="P22_SP00305" HPOS="1872" VPOS="3317" WIDTH="32"/>
						<String ID="P22_ST00343" HPOS="1904" VPOS="3248" WIDTH="52" HEIGHT="54" CONTENT="ai" WC="1.00" CC="00"/>
						<SP ID="P22_SP00306" HPOS="1956" VPOS="3317" WIDTH="53"/>
						<String ID="P22_ST00344" HPOS="2009" VPOS="3268" WIDTH="80" HEIGHT="35" CONTENT="un" WC="0.35" CC="56"/>
					</TextLine>
					<TextLine ID="P22_TL00040" HPOS="53" VPOS="3312" WIDTH="2036" HEIGHT="79">
						<String ID="P22_ST00345" HPOS="53" VPOS="3328" WIDTH="111" HEIGHT="54" CONTENT="peu" WC="0.97" CC="016"/>
						<SP ID="P22_SP00307" HPOS="164" VPOS="3382" WIDTH="33"/>
						<String ID="P22_ST00346" HPOS="197" VPOS="3312" WIDTH="195" HEIGHT="69" CONTENT="honte," WC="0.99" CC="014102"/>
						<SP ID="P22_SP00308" HPOS="392" VPOS="3382" WIDTH="65"/>
						<String ID="P22_ST00347" HPOS="457" VPOS="3315" WIDTH="105" HEIGHT="53" CONTENT="elle" WC="0.99" CC="0300"/>
						<SP ID="P22_SP00309" HPOS="562" VPOS="3382" WIDTH="51"/>
						<String ID="P22_ST00348" HPOS="613" VPOS="3317" WIDTH="130" HEIGHT="53" CONTENT="date" WC="1.00" CC="0010"/>
						<SP ID="P22_SP00310" HPOS="743" VPOS="3382" WIDTH="59"/>
						<String ID="P22_ST00349" HPOS="802" VPOS="3320" WIDTH="139" HEIGHT="52" CONTENT="d'un" WC="0.98" CC="0026"/>
						<SP ID="P22_SP00311" HPOS="941" VPOS="3382" WIDTH="48"/>
						<String ID="P22_ST00350" HPOS="989" VPOS="3318" WIDTH="117" HEIGHT="55" CONTENT="soir" WC="0.98" CC="0204"/>
						<SP ID="P22_SP00312" HPOS="1106" VPOS="3382" WIDTH="39"/>
						<String ID="P22_ST00351" HPOS="1145" VPOS="3322" WIDTH="74" HEIGHT="53" CONTENT="où" WC="0.70" CC="41"/>
						<SP ID="P22_SP00313" HPOS="1219" VPOS="3382" WIDTH="46"/>
						<String ID="P22_ST00352" HPOS="1265" VPOS="3322" WIDTH="289" HEIGHT="69" CONTENT="j'écoutais" WC="0.99" CC="3450040300"/>
						<SP ID="P22_SP00314" HPOS="1554" VPOS="3391" WIDTH="157"/>
						<String ID="P22_ST00353" HPOS="1711" VPOS="3325" WIDTH="134" HEIGHT="54" CONTENT="bien" WC="0.99" CC="0004"/>
						<SP ID="P22_SP00315" HPOS="1845" VPOS="3391" WIDTH="33"/>
						<String ID="P22_ST00354" HPOS="1878" VPOS="3331" WIDTH="31" HEIGHT="50" CONTENT="à" WC="0.54" CC="4"/>
						<SP ID="P22_SP00316" HPOS="1909" VPOS="3391" WIDTH="40"/>
						<String ID="P22_ST00355" HPOS="1949" VPOS="3346" WIDTH="140" HEIGHT="35" CONTENT="mon" WC="0.98" CC="022"/>
					</TextLine>
					<TextLine ID="P22_TL00041" HPOS="56" VPOS="3391" WIDTH="2032" HEIGHT="82">
						<String ID="P22_ST00356" HPOS="56" VPOS="3405" WIDTH="164" HEIGHT="54" CONTENT="corps" WC="0.99" CC="12100"/>
						<SP ID="P22_SP00317" HPOS="220" VPOS="3459" WIDTH="24"/>
						<String ID="P22_ST00357" HPOS="244" VPOS="3391" WIDTH="335" HEIGHT="57" CONTENT="défendant!" WC="1.00" CC="0000600203"/>
						<SP ID="P22_SP00318" HPOS="579" VPOS="3459" WIDTH="121"/>
						<String ID="P22_ST00358" HPOS="700" VPOS="3395" WIDTH="61" HEIGHT="53" CONTENT="M" WC="1.00" CC="0"/>
						<String ID="P22_ST00359" HPOS="767" VPOS="3402" WIDTH="53" HEIGHT="23" CONTENT="rae" STYLE="superscript" WC="0.69" CC="224"/>
						<SP ID="P22_SP00319" HPOS="820" VPOS="3459" WIDTH="22"/>
						<String ID="P22_ST00360" HPOS="842" VPOS="3397" WIDTH="296" HEIGHT="55" CONTENT="Armande" WC="0.78" CC="0207400"/>
						<SP ID="P22_SP00320" HPOS="1138" VPOS="3459" WIDTH="31"/>
						<String ID="P22_ST00361" HPOS="1169" VPOS="3401" WIDTH="68" HEIGHT="52" CONTENT="de" WC="0.89" CC="02"/>
						<SP ID="P22_SP00321" HPOS="1237" VPOS="3459" WIDTH="28"/>
						<String ID="P22_ST00362" HPOS="1265" VPOS="3401" WIDTH="280" HEIGHT="72" CONTENT="Polignac" WC="0.72" CC="03450350"/>
						<SP ID="P22_SP00322" HPOS="1545" VPOS="3473" WIDTH="28"/>
						<String ID="P22_ST00363" HPOS="1573" VPOS="3403" WIDTH="163" HEIGHT="70" CONTENT="jouer" WC="0.99" CC="70002"/>
						<SP ID="P22_SP00323" HPOS="1736" VPOS="3473" WIDTH="38"/>
						<String ID="P22_ST00364" HPOS="1774" VPOS="3406" WIDTH="69" HEIGHT="52" CONTENT="de" WC="1.00" CC="00"/>
						<SP ID="P22_SP00324" HPOS="1843" VPOS="3473" WIDTH="43"/>
						<String ID="P22_ST00365" HPOS="1886" VPOS="3406" WIDTH="53" HEIGHT="52" CONTENT="la" WC="0.84" CC="30"/>
						<SP ID="P22_SP00325" HPOS="1939" VPOS="3473" WIDTH="36"/>
						<String ID="P22_ST00366" HPOS="1975" VPOS="3406" WIDTH="85" HEIGHT="53" CONTENT="cla" SUBS_TYPE="HypPart1" SUBS_CONTENT="clarinette." WC="0.98" CC="040"/>
						<HYP HPOS="2060" VPOS="3406" WIDTH="28" CONTENT="-"/>
					</TextLine>
					<TextLine ID="P22_TL00042" HPOS="60" VPOS="3466" WIDTH="2029" HEIGHT="86">
						<String ID="P22_ST00367" HPOS="60" VPOS="3466" WIDTH="224" HEIGHT="56" CONTENT="rinette." SUBS_TYPE="HypPart2" SUBS_CONTENT="clarinette." WC="1.00" CC="60000004"/>
						<SP ID="P22_SP00326" HPOS="284" VPOS="3522" WIDTH="54"/>
						<String ID="P22_ST00368" HPOS="338" VPOS="3467" WIDTH="289" HEIGHT="72" CONTENT="Spectacle" WC="1.00" CC="000000000"/>
						<SP ID="P22_SP00327" HPOS="627" VPOS="3539" WIDTH="46"/>
						<String ID="P22_ST00369" HPOS="673" VPOS="3472" WIDTH="319" HEIGHT="67" CONTENT="charmant," WC="1.00" CC="000500203"/>
						<SP ID="P22_SP00328" HPOS="992" VPOS="3539" WIDTH="58"/>
						<String ID="P22_ST00370" HPOS="1050" VPOS="3475" WIDTH="50" HEIGHT="69" CONTENT="je" WC="0.64" CC="42"/>
						<SP ID="P22_SP00329" HPOS="1100" VPOS="3544" WIDTH="25"/>
						<String ID="P22_ST00371" HPOS="1125" VPOS="3495" WIDTH="144" HEIGHT="35" CONTENT="vous" WC="0.99" CC="0220"/>
						<SP ID="P22_SP00330" HPOS="1269" VPOS="3544" WIDTH="44"/>
						<String ID="P22_ST00372" HPOS="1313" VPOS="3480" WIDTH="48" HEIGHT="52" CONTENT="le" WC="0.92" CC="10"/>
						<SP ID="P22_SP00331" HPOS="1361" VPOS="3544" WIDTH="31"/>
						<String ID="P22_ST00373" HPOS="1392" VPOS="3482" WIDTH="269" HEIGHT="66" CONTENT="concède," WC="1.00" CC="00404000"/>
						<SP ID="P22_SP00332" HPOS="1661" VPOS="3548" WIDTH="30"/>
						<String ID="P22_ST00374" HPOS="1691" VPOS="3500" WIDTH="112" HEIGHT="52" CONTENT="que" WC="0.98" CC="050"/>
						<SP ID="P22_SP00333" HPOS="1803" VPOS="3552" WIDTH="35"/>
						<String ID="P22_ST00375" HPOS="1838" VPOS="3482" WIDTH="146" HEIGHT="53" CONTENT="celui" WC="0.97" CC="44551"/>
						<SP ID="P22_SP00334" HPOS="1984" VPOS="3552" WIDTH="34"/>
						<String ID="P22_ST00376" HPOS="2018" VPOS="3485" WIDTH="71" HEIGHT="52" CONTENT="de" WC="0.83" CC="03"/>
					</TextLine>
					<TextLine ID="P22_TL00043" HPOS="57" VPOS="3544" WIDTH="2037" HEIGHT="79">
						<String ID="P22_ST00377" HPOS="57" VPOS="3557" WIDTH="143" HEIGHT="41" CONTENT="cette" WC="1.00" CC="00002"/>
						<SP ID="P22_SP00335" HPOS="200" VPOS="3598" WIDTH="26"/>
						<String ID="P22_ST00378" HPOS="226" VPOS="3544" WIDTH="165" HEIGHT="70" CONTENT="jeune" WC="0.98" CC="60320"/>
						<SP ID="P22_SP00336" HPOS="391" VPOS="3614" WIDTH="34"/>
						<String ID="P22_ST00379" HPOS="425" VPOS="3547" WIDTH="210" HEIGHT="56" CONTENT="femme" WC="1.00" CC="00000"/>
						<SP ID="P22_SP00337" HPOS="635" VPOS="3614" WIDTH="26"/>
						<String ID="P22_ST00380" HPOS="661" VPOS="3551" WIDTH="340" HEIGHT="72" CONTENT="appliquant" WC="1.00" CC="0002401000"/>
						<SP ID="P22_SP00338" HPOS="1001" VPOS="3623" WIDTH="29"/>
						<String ID="P22_ST00381" HPOS="1030" VPOS="3571" WIDTH="59" HEIGHT="36" CONTENT="sa" WC="0.61" CC="07"/>
						<SP ID="P22_SP00339" HPOS="1089" VPOS="3623" WIDTH="39"/>
						<String ID="P22_ST00382" HPOS="1128" VPOS="3555" WIDTH="221" HEIGHT="54" CONTENT="bouche" WC="0.99" CC="006000"/>
						<SP ID="P22_SP00340" HPOS="1349" VPOS="3623" WIDTH="34"/>
						<String ID="P22_ST00383" HPOS="1383" VPOS="3565" WIDTH="164" HEIGHT="47" CONTENT="naïve" WC="1.00" CC="00000"/>
						<SP ID="P22_SP00341" HPOS="1547" VPOS="3623" WIDTH="26"/>
						<String ID="P22_ST00384" HPOS="1573" VPOS="3562" WIDTH="31" HEIGHT="50" CONTENT="à" WC="1.00" CC="0"/>
						<SP ID="P22_SP00342" HPOS="1604" VPOS="3623" WIDTH="53"/>
						<String ID="P22_ST00385" HPOS="1657" VPOS="3561" WIDTH="215" HEIGHT="52" CONTENT="l'ébène" WC="0.89" CC="0004200"/>
						<SP ID="P22_SP00343" HPOS="1872" VPOS="3623" WIDTH="40"/>
						<String ID="P22_ST00386" HPOS="1912" VPOS="3562" WIDTH="152" HEIGHT="53" CONTENT="nasil" SUBS_TYPE="HypPart1" SUBS_CONTENT="nasillard" WC="0.99" CC="20005"/>
						<HYP HPOS="2064" VPOS="3562" WIDTH="30" CONTENT="-"/>
					</TextLine>
					<TextLine ID="P22_TL00044" HPOS="58" VPOS="3621" WIDTH="2027" HEIGHT="90">
						<String ID="P22_ST00387" HPOS="58" VPOS="3621" WIDTH="117" HEIGHT="53" CONTENT="lard" SUBS_TYPE="HypPart2" SUBS_CONTENT="nasillard" WC="0.98" CC="2006"/>
						<SP ID="P22_SP00344" HPOS="175" VPOS="3674" WIDTH="37"/>
						<String ID="P22_ST00388" HPOS="212" VPOS="3624" WIDTH="67" HEIGHT="52" CONTENT="de" WC="0.54" CC="90"/>
						<SP ID="P22_SP00345" HPOS="279" VPOS="3676" WIDTH="46"/>
						<String ID="P22_ST00389" HPOS="325" VPOS="3623" WIDTH="403" HEIGHT="60" CONTENT="l'instrument." WC="1.00" CC="0010003003204"/>
						<SP ID="P22_SP00346" HPOS="728" VPOS="3683" WIDTH="29"/>
						<String ID="P22_ST00390" HPOS="757" VPOS="3629" WIDTH="147" HEIGHT="54" CONTENT="Mais" WC="1.00" CC="0000"/>
						<SP ID="P22_SP00347" HPOS="904" VPOS="3683" WIDTH="33"/>
						<String ID="P22_ST00391" HPOS="937" VPOS="3629" WIDTH="50" HEIGHT="70" CONTENT="je" WC="0.78" CC="40"/>
						<SP ID="P22_SP00348" HPOS="987" VPOS="3699" WIDTH="26"/>
						<String ID="P22_ST00392" HPOS="1013" VPOS="3633" WIDTH="160" HEIGHT="52" CONTENT="n'eus" WC="0.99" CC="50060"/>
						<SP ID="P22_SP00349" HPOS="1173" VPOS="3699" WIDTH="27"/>
						<String ID="P22_ST00393" HPOS="1200" VPOS="3651" WIDTH="102" HEIGHT="53" CONTENT="pas" WC="1.00" CC="000"/>
						<SP ID="P22_SP00350" HPOS="1302" VPOS="3704" WIDTH="22"/>
						<String ID="P22_ST00394" HPOS="1324" VPOS="3636" WIDTH="130" HEIGHT="70" CONTENT="plus" WC="0.98" CC="0270"/>
						<SP ID="P22_SP00351" HPOS="1454" VPOS="3706" WIDTH="19"/>
						<String ID="P22_ST00395" HPOS="1473" VPOS="3640" WIDTH="85" HEIGHT="49" CONTENT="tôt" WC="0.98" CC="005"/>
						<SP ID="P22_SP00352" HPOS="1558" VPOS="3706" WIDTH="22"/>
						<String ID="P22_ST00396" HPOS="1580" VPOS="3642" WIDTH="100" HEIGHT="48" CONTENT="ouï" WC="0.98" CC="320"/>
						<SP ID="P22_SP00353" HPOS="1680" VPOS="3706" WIDTH="31"/>
						<String ID="P22_ST00397" HPOS="1711" VPOS="3638" WIDTH="81" HEIGHT="54" CONTENT="les" WC="0.99" CC="100"/>
						<SP ID="P22_SP00354" HPOS="1792" VPOS="3706" WIDTH="34"/>
						<String ID="P22_ST00398" HPOS="1826" VPOS="3657" WIDTH="259" HEIGHT="54" CONTENT="gammes" WC="1.00" CC="000000"/>
					</TextLine>
					<TextLine ID="P22_TL00045" HPOS="60" VPOS="3699" WIDTH="2030" HEIGHT="90">
						<String ID="P22_ST00399" HPOS="60" VPOS="3699" WIDTH="179" HEIGHT="55" CONTENT="éclore" WC="0.85" CC="004040"/>
						<SP ID="P22_SP00355" HPOS="239" VPOS="3754" WIDTH="26"/>
						<String ID="P22_ST00400" HPOS="265" VPOS="3720" WIDTH="70" HEIGHT="35" CONTENT="en" WC="0.75" CC="05"/>
						<SP ID="P22_SP00356" HPOS="335" VPOS="3755" WIDTH="17"/>
						<String ID="P22_ST00401" HPOS="352" VPOS="3703" WIDTH="203" HEIGHT="69" CONTENT="bulles," WC="1.00" CC="0502000"/>
						<SP ID="P22_SP00357" HPOS="555" VPOS="3772" WIDTH="26"/>
						<String ID="P22_ST00402" HPOS="581" VPOS="3706" WIDTH="280" HEIGHT="72" CONTENT="s'égailler" WC="1.00" CC="0300040203"/>
						<SP ID="P22_SP00358" HPOS="861" VPOS="3778" WIDTH="24"/>
						<String ID="P22_ST00403" HPOS="885" VPOS="3727" WIDTH="224" HEIGHT="36" CONTENT="comme" WC="1.00" CC="03000"/>
						<SP ID="P22_SP00359" HPOS="1109" VPOS="3778" WIDTH="30"/>
						<String ID="P22_ST00404" HPOS="1139" VPOS="3730" WIDTH="77" HEIGHT="34" CONTENT="un" WC="0.57" CC="25"/>
						<SP ID="P22_SP00360" HPOS="1216" VPOS="3778" WIDTH="27"/>
						<String ID="P22_ST00405" HPOS="1243" VPOS="3715" WIDTH="92" HEIGHT="50" CONTENT="vol" WC="0.96" CC="045"/>
						<SP ID="P22_SP00361" HPOS="1335" VPOS="3778" WIDTH="40"/>
						<String ID="P22_ST00406" HPOS="1375" VPOS="3718" WIDTH="196" HEIGHT="66" CONTENT="pressé" WC="1.00" CC="000003"/>
						<SP ID="P22_SP00362" HPOS="1571" VPOS="3784" WIDTH="26"/>
						<String ID="P22_ST00407" HPOS="1597" VPOS="3717" WIDTH="69" HEIGHT="52" CONTENT="de" WC="1.00" CC="00"/>
						<SP ID="P22_SP00363" HPOS="1666" VPOS="3784" WIDTH="24"/>
						<String ID="P22_ST00408" HPOS="1690" VPOS="3720" WIDTH="177" HEIGHT="52" CONTENT="ronds" WC="0.98" CC="45200"/>
						<SP ID="P22_SP00364" HPOS="1867" VPOS="3784" WIDTH="45"/>
						<String ID="P22_ST00409" HPOS="1912" VPOS="3720" WIDTH="178" HEIGHT="69" CONTENT="petits" WC="0.99" CC="000167"/>
					</TextLine>
					<TextLine ID="P22_TL00046" HPOS="58" VPOS="3781" WIDTH="2018" HEIGHT="85">
						<String ID="P22_ST00410" HPOS="58" VPOS="3781" WIDTH="257" HEIGHT="64" CONTENT="canards," WC="0.99" CC="00176000"/>
						<SP ID="P22_SP00365" HPOS="315" VPOS="3845" WIDTH="24"/>
						<String ID="P22_ST00411" HPOS="339" VPOS="3782" WIDTH="209" HEIGHT="70" CONTENT="qu'une" WC="0.98" CC="070462"/>
						<SP ID="P22_SP00366" HPOS="548" VPOS="3852" WIDTH="28"/>
						<String ID="P22_ST00412" HPOS="576" VPOS="3787" WIDTH="229" HEIGHT="70" CONTENT="étrange" WC="0.99" CC="0460000"/>
						<SP ID="P22_SP00367" HPOS="805" VPOS="3857" WIDTH="34"/>
						<String ID="P22_ST00413" HPOS="839" VPOS="3787" WIDTH="198" HEIGHT="55" CONTENT="fureur" WC="0.98" CC="046006"/>
						<SP ID="P22_SP00368" HPOS="1037" VPOS="3857" WIDTH="32"/>
						<String ID="P22_ST00414" HPOS="1069" VPOS="3789" WIDTH="36" HEIGHT="53" CONTENT="d" WC="1.00" CC="0"/>
						<SP ID="P22_SP00369" HPOS="1105" VPOS="3857" WIDTH="24"/>
						<String ID="P22_ST00415" HPOS="1129" VPOS="3791" WIDTH="319" HEIGHT="54" CONTENT="émulation" WC="0.99" CC="703100033"/>
						<SP ID="P22_SP00370" HPOS="1448" VPOS="3857" WIDTH="24"/>
						<String ID="P22_ST00416" HPOS="1472" VPOS="3795" WIDTH="282" HEIGHT="71" CONTENT="s'empara" WC="1.00" CC="00000040"/>
						<SP ID="P22_SP00371" HPOS="1754" VPOS="3866" WIDTH="26"/>
						<String ID="P22_ST00417" HPOS="1780" VPOS="3798" WIDTH="69" HEIGHT="52" CONTENT="de" WC="0.84" CC="03"/>
						<SP ID="P22_SP00372" HPOS="1849" VPOS="3866" WIDTH="41"/>
						<String ID="P22_ST00418" HPOS="1890" VPOS="3797" WIDTH="186" HEIGHT="56" CONTENT="moi..." WC="0.99" CC="040402"/>
					</TextLine>
					<TextLine ID="P22_TL00047" HPOS="58" VPOS="3854" WIDTH="2025" HEIGHT="87">
						<String ID="P22_ST00419" HPOS="58" VPOS="3854" WIDTH="132" HEIGHT="54" CONTENT="«Et" WC="1.00" CC="000"/>
						<SP ID="P22_SP00373" HPOS="190" VPOS="3908" WIDTH="23"/>
						<String ID="P22_ST00420" HPOS="213" VPOS="3857" WIDTH="117" HEIGHT="52" CONTENT="moi" WC="1.00" CC="000"/>
						<SP ID="P22_SP00374" HPOS="330" VPOS="3909" WIDTH="27"/>
						<String ID="P22_ST00421" HPOS="357" VPOS="3859" WIDTH="152" HEIGHT="54" CONTENT="aussi" WC="0.99" CC="05000"/>
						<SP ID="P22_SP00375" HPOS="509" VPOS="3913" WIDTH="28"/>
						<String ID="P22_ST00422" HPOS="537" VPOS="3866" WIDTH="81" HEIGHT="49" CONTENT="!..." WC="0.98" CC="0333"/>
						<SP ID="P22_SP00376" HPOS="618" VPOS="3915" WIDTH="31"/>
						<String ID="P22_ST00423" HPOS="649" VPOS="3883" WIDTH="25" HEIGHT="28" CONTENT="»" WC="1.00" CC="0"/>
						<SP ID="P22_SP00377" HPOS="674" VPOS="3915" WIDTH="29"/>
						<String ID="P22_ST00424" HPOS="703" VPOS="3864" WIDTH="328" HEIGHT="70" CONTENT="m'écriai-je" WC="0.88" CC="00005000330"/>
						<SP ID="P22_SP00378" HPOS="1031" VPOS="3934" WIDTH="33"/>
						<String ID="P22_ST00425" HPOS="1064" VPOS="3868" WIDTH="441" HEIGHT="59" CONTENT="mentalement." WC="1.00" CC="000000000002"/>
						<SP ID="P22_SP00379" HPOS="1505" VPOS="3934" WIDTH="19"/>
						<String ID="P22_ST00426" HPOS="1524" VPOS="3872" WIDTH="73" HEIGHT="55" CONTENT="Et" WC="0.90" CC="01"/>
						<SP ID="P22_SP00380" HPOS="1597" VPOS="3934" WIDTH="28"/>
						<String ID="P22_ST00427" HPOS="1625" VPOS="3872" WIDTH="50" HEIGHT="69" CONTENT="je" WC="0.59" CC="43"/>
						<SP ID="P22_SP00381" HPOS="1675" VPOS="3941" WIDTH="25"/>
						<String ID="P22_ST00428" HPOS="1700" VPOS="3873" WIDTH="233" HEIGHT="56" CONTENT="chantai" WC="0.99" CC="0501001"/>
						<SP ID="P22_SP00382" HPOS="1933" VPOS="3941" WIDTH="16"/>
						<String ID="P22_ST00429" HPOS="1949" VPOS="3892" WIDTH="134" HEIGHT="37" CONTENT="avec" WC="1.00" CC="0002"/>
					</TextLine>
				</TextBlock>
			</PrintSpace>
		</Page>
	</Layout>
</alto>
