2878 3962
1336 236 60 66 S.
1463 235 51 66 I.
1580 234 103 66 M.

313 263 26 42 I
362 262 36 48 2

301 396 120 35 seur
448 379 65 50 de
556 380 173 69 harpe,
760 377 174 70 époux
973 395 63 32 en
1081 375 249 51 secondes
1371 393 153 33 noces
1556 372 65 54 de
1663 371 141 69 Julie
1834 369 249 66 Steckler,
2112 367 192 52 décédé
2348 367 111 51 hier
2500 385 64 33 en
2605 376 133 41 cette

301 454 243 69 paroisse,
573 471 94 33 rue
695 449 383 73 d'Argenteuil,
1105 450 93 70 âgé
1228 449 275 52 d'environ
1531 464 68 53 45
1630 465 106 34 ans.

452 563 245 52 Présents
728 583 10 32 :
767 562 134 66 J.H.
932 559 355 52 Nadermann.
1400 560 183 66 A.F.J.
1613 556 380 72 Delaplanque.
2018 553 17 25 9

476 897 168 56 Telle
690 894 91 59 fut
831 897 53 56 la
932 893 79 58 fin
1063 897 271 76 tragique
1365 896 140 55 d'un
1553 894 183 79 grand
1776 894 195 55 artiste
2004 890 142 56 dont
2193 889 79 56 les
2305 907 229 37 œuvres
2567 885 140 58 méri-

306 984 245 56 teraient
583 983 180 56 d'être
796 983 202 55 mieux
1031 1002 276 49 connues,
1341 1002 169 59 parce
1544 1002 115 57 que
1689 982 126 55 leur
1847 979 143 79 style
2023 976 113 58 très
2174 974 305 79 personnel
2525 973 217 57 semble

308 1068 336 57 contribuer
705 1068 31 57 à
803 1067 343 58 l'évolution
1208 1070 69 55 de
1344 1070 53 55 la
1458 1070 272 76 musique
1795 1063 443 59 instrumentale
2303 1059 30 58 à
2402 1061 53 56 la
2522 1057 79 60 fin
2666 1059 77 56 du

306 1156 217 57 XVIII
528 1160 18 20 e
591 1155 189 58 siècle.
831 1157 68 55 Sa
953 1153 221 59 femme
1223 1157 278 56 continua
1551 1155 30 57 à
1632 1153 227 58 habiter
1909 1150 263 59 Londres
2205 1172 13 45 ;
2275 1148 106 56 elle
2428 1147 190 77 jouait
2672 1167 71 36 en

318 1260 110 60 179
447 1263 18 36 1
522 1244 140 57 dans
709 1263 80 35 un
832 1256 235 42 concert
1101 1241 189 57 donné
1341 1263 73 35 au
1467 1238 258 60 bénéfice
1758 1240 70 54 de
1879 1237 242 79 Haydn,
2162 1256 70 36 en
2287 1252 111 59 179
2411 1252 30 39 2
2479 1233 137 58 dans
2665 1254 77 35 un

306 1343 239 43 concert
600 1327 190 58 donné
846 1349 71 36 au
973 1325 257 60 bénéfice
1278 1327 274 78 d'lgnace
1602 1326 196 78 Pleyel
1829 1349 13 43 ;
1896 1345 74 34 on
2018 1321 341 57 l'entendait
2408 1340 211 36 encore
2674 1339 71 35 en

319 1432 159 59 1794
507 1439 13 45 ;
548 1412 34 28 10
631 1415 480 77 rappelons-nous
1146 1415 205 76 qu'elle
1383 1412 140 58 était
1557 1425 164 43 toute
1760 1411 177 76 jeune
1970 1407 197 80 quand
2215 1407 109 56 elle
2366 1407 153 56 avait
2553 1404 190 80 quitté

306 1501 55 58 la
395 1503 222 56 France
649 1517 56 40 et
739 1501 210 78 qu'elle
981 1503 242 76 pouvait
1256 1499 308 80 prétendre
1660 1500 161 56 vivre
1854 1518 56 37 sa
1939 1498 94 55 vie

484 1590 202 61 Quant
733 1608 69 36 au
850 1584 87 60 fils
986 1588 237 67 Gossec,
1257 1607 83 37 ses
1387 1600 180 41 traces
1599 1599 128 42 sont
1776 1584 128 77 plus
1937 1581 267 58 difficiles
2237 1578 29 57 à
2298 1593 302 43 retrouver
2625 1603 13 44 ;
2691 1598 56 37 sa

310 1672 158 58 mère
501 1688 241 42 mourut
772 1694 71 36 en
878 1693 150 36 mars
1071 1672 147 58 1801
1261 1693 101 36 rue
1398 1670 248 79 Bergère
1679 1691 71 35 au
1787 1668 445 58 Conservatoire
2266 1688 14 46 ;
2308 1664 30 27 11
2379 1666 79 56 les
2491 1678 152 44 actes
2675 1684 71 37 ne

310 1762 409 54 mentionnent
772 1778 101 59 pas
927 1758 332 58 Alexandre
1308 1773 56 42 et
1416 1777 145 38 nous
1609 1776 201 38 savons
1865 1776 115 57 que
2035 1754 219 56 Gossec
2308 1750 137 80 père
2498 1771 148 61 paya
2695 1750 52 56 la

309 1866 225 37 somme
567 1843 392 80 insignifiante
992 1844 70 57 de
1095 1865 33 55 9
1156 1843 190 58 francs
1377 1843 74 77 36
1486 1843 70 57 de
1602 1842 136 57 frais
1769 1842 71 57 de
1886 1839 349 70 succession,
2275 1859 65 36 ce
2374 1839 104 75 qui
2524 1857 223 58 prouve

309 1931 133 57 bien
479 1953 113 56 que
625 1952 102 36 son
760 1929 85 60 fils
878 1932 214 56 n'avait
1124 1932 123 54 rien
1282 1929 29 57 à
1344 1929 261 57 attendre
1638 1928 70 57 de
1743 1942 91 43 cet
1867 1926 283 78 héritage.

484 2020 83 55 Le
611 2037 69 37 10
715 2018 285 78 germinal
1031 2037 69 36 an
1136 2017 121 56 XII
1301 2018 94 75 (31
1438 2036 150 36 mars
1631 2014 179 77 1804)
1853 2014 220 56 Gossec
2110 2012 242 57 écrivait
2400 2031 72 36 au
2521 2011 225 77 peintre

310 2103 182 59 Chéri
526 2119 152 41 cette
710 2106 262 56 curieuse
1019 2105 167 55 lettre
1235 2101 232 80 publiée
1511 2122 105 58 par
1649 2102 95 57 M.
1778 2101 236 57 Tiersot
2046 2115 57 42 et
2138 2100 142 55 dont
2313 2117 145 37 nous
2498 2116 249 60 croyons

309 2190 340 57 intéressant
682 2190 70 57 de
785 2190 337 78 reproduire
1157 2190 280 77 quelques
1470 2207 259 59 passages
1759 2209 12 35 :

832 2337 298 65 Monsieur,

459 2460 62 66 Je
567 2478 134 33 vous
749 2460 187 51 envoie
982 2458 48 52 le
1077 2458 226 71 quartier
1349 2458 65 50 de
1464 2456 157 51 Loier
1673 2456 65 51 de
1791 2455 47 51 la
1889 2455 241 52 chambre
2183 2454 66 52 de
2303 2473 124 32 mon
2474 2451 99 68 fils,
2620 2453 130 50 échu

310 2533 47 52 le
400 2535 224 69 premier
653 2534 70 51 du
767 2534 207 68 présent
1017 2534 133 49 mois
1191 2530 254 72 germinal
1485 2544 51 38 et
1564 2549 134 33 vous
1730 2530 241 70 préviens
2000 2529 121 71 qu'à
2148 2540 237 59 compter
2413 2529 65 51 de
2505 2528 48 50 la
2580 2528 168 50 même

311 2608 134 64 date,
475 2627 94 31 son
612 2606 129 52 loier
769 2625 110 33 sera
917 2606 28 51 à
984 2624 94 33 son
1106 2616 225 59 compte,
1360 2604 219 52 attendu
1605 2623 102 51 que
1746 2602 75 53 les
1863 2615 172 57 pertes
2061 2602 243 53 énormes
2332 2620 104 52 que
2467 2599 91 73 j'ai
2605 2597 145 55 faites

310 2681 189 71 depuis
528 2682 139 51 deux
694 2700 106 47 ans,
835 2681 195 70 jointes
1071 2679 26 52 à
1137 2679 152 52 celles
1317 2698 102 52 que
1449 2679 92 71 j'ai
1581 2677 290 71 éprouvées
1898 2677 188 70 depuis
2112 2695 95 34 son
2237 2689 179 39 retour
2442 2675 27 53 à
2496 2676 162 65 Paris,
2687 2693 63 33 ne

313 2775 83 32 me
426 2766 316 59 permettent
771 2754 117 69 plus
917 2754 65 52 de
1010 2754 108 50 rien
1148 2751 125 53 faire
1299 2771 135 51 pour
1462 2752 90 65 lui,
1585 2752 50 50 ni
1664 2751 65 52 de
1758 2764 277 56 supporter
2074 2750 47 52 le
2162 2751 125 69 poid
2315 2748 127 73 qu'il
2474 2747 90 54 fait
2605 2766 145 52 peser

310 2848 91 33 sur
431 2848 82 31 ma
539 2829 273 52 vieillesse.

465 2905 138 49 Mon
634 2902 77 51 fils
741 2914 76 40 est
838 2902 163 71 jeune
1028 2920 185 32 encore
1242 2900 89 69 (43
1364 2900 112 68 ans)
1506 2910 50 40 et
1576 2898 55 71 je
1659 2898 106 51 suis
1796 2898 392 71 septuagénaire
2215 2919 13 43 ;
2256 2897 37 52 il
2320 2909 77 41 est
2423 2897 129 52 libre
2581 2897 65 51 de
2674 2915 76 33 ses

311 2977 243 52 volontés
583 2989 51 40 et
662 2996 27 32 a
716 2977 91 51 des
837 2977 164 51 talens
1021 2997 13 45 ;
1062 2976 122 51 c'est
1210 2973 27 52 à
1265 2975 75 50 lui
1368 2973 25 52 à
1421 2973 74 52 les
1523 2972 124 52 faire
1669 2972 164 52 valoir
1861 2992 63 32 en
1952 2973 229 71 quelque
2207 2972 108 52 lieu
2342 2973 75 51 du
2442 2971 157 72 globe
2627 2969 124 73 qu'il

313 3051 73 52 lui
415 3052 158 69 plaira
601 3051 63 51 de
692 3051 205 65 choisir,
926 3069 81 33 car
1048 3048 34 51 il
1125 3067 63 33 ne
1217 3048 298 69 m'importe
1544 3046 293 52 nullement
1865 3065 101 52 que
1995 3065 59 33 ce
2083 3047 100 51 soit
2210 3046 28 52 à
2266 3047 161 65 Paris,
2455 3046 27 52 à
2510 3044 48 52 la
2586 3044 165 52 Chine

313 3145 72 31 ou
412 3145 66 31 au
504 3126 225 68 Japon...
756 3123 32 27 12

435 3262 13 22 9
482 3264 125 41 Arch.
633 3262 50 41 de
706 3263 38 40 la
769 3263 133 42 Seine.
1546 3264 117 41 Fonds
1821 3262 129 54 Bégis.
1299 3259 66 43 Cf.
2477 3258 175 58 Journal
1782 3258 58 42 du
1867 3270 53 42 27
1946 3258 146 42 février
2122 3270 129 45 1790.

437 3324 28 23 10
498 3325 66 42 Cf.
591 3325 119 51 Pohl,
1163 3326 167 41 Mozart
1532 3326 81 40 and
1724 3326 142 54 Haydn
2054 3325 39 39 in
2177 3324 159 49 London,
1424 3323 34 49 l,
1482 3334 74 42 41,
1580 3334 74 42 44,
1685 3333 97 43 129,
1810 3319 100 43 262.

437 3385 27 23 11
498 3389 105 39 Acte
635 3387 144 55 publié
814 3401 106 41 pour
951 3386 37 42 la
1030 3399 14 29 I
1052 3391 16 20 e
1100 3386 76 41 fois
1210 3399 72 42 par
1316 3383 81 42 Ch.
1421 3383 174 56 Nauroy
1617 3371 101 52 dans
1739 3382 33 41 le
1796 3382 188 51 Curieux,
2009 3391 30 33 t.
2065 3382 57 52 11,
2146 3397 41 41 p.
2219 3381 98 55 167,
2341 3381 159 56 d'après
2531 3381 56 41 les
2619 3381 136 41 Petites

311 3450 174 53 Affiches.

438 3509 28 23 12
689 3513 152 39 Rivista
1036 3512 141 40 Music.
1367 3510 91 42 ItaI.
953 3509 166 52 XVIII,
1151 3522 128 43 1911,
1303 3523 40 41 p.
1373 3505 99 58 561.
