2878 3962
297 1616 166 84 LA
552 1614 579 94 MUSIQUE
1215 1614 274 86 AUX
1568 1614 267 84 ILES
1924 1596 462 104 HAWAÏ

284 1838 50 56 Il
360 1852 86 43 est
466 1837 230 58 devenu
717 1835 383 79 aujourd'hui
1120 1837 138 57 bien
1285 1835 240 58 difficile
1549 1835 70 58 de
1646 1835 203 58 traiter
1874 1854 140 37 avec
2042 1834 260 80 quelque
2324 1835 254 60 autorité

106 1927 72 57 de
209 1927 55 56 la
297 1940 227 54 nature,
560 1924 71 57 de
663 1927 53 54 la
752 1926 278 76 musique
1064 1923 315 70 nationale,
1404 1923 97 57 des
1521 1924 238 56 anciens
1794 1921 399 82 Polynésiens,
2217 1924 285 79 peuplant
2527 1926 53 57 le

106 2034 230 58 groupe
387 2013 98 56 des
538 2012 113 57 Iles
707 2013 241 69 Hawaï,
1002 2012 134 56 telle
1180 2011 217 78 qu'elle
1446 2012 238 56 existait
1736 2011 197 56 même
1985 2030 212 37 encore
2230 2009 30 59 à
2304 2011 276 81 l'époque

113 2101 218 77 (1820)
390 2098 76 59 où
510 2098 268 59 l'arrivée
828 2100 96 57 des
971 2100 286 77 premiers
1291 2100 433 55 missionnaires
1757 2111 353 66 protestants
2142 2100 129 55 vint
2305 2120 278 60 marquer

105 2190 54 57 la
184 2186 81 60 fin
293 2188 70 58 de
390 2188 252 58 l'ancien
669 2185 227 80 régime
923 2208 141 35 avec
1089 2187 54 56 la
1168 2186 367 58 destruction
1562 2186 70 57 de
1666 2206 84 37 ses
1775 2200 332 56 coutumes,
2142 2201 57 42 et
2225 2187 52 56 la
2302 2205 280 62 prompte

108 2276 317 59 substition
459 2276 98 57 des
590 2295 221 37 mœurs
844 2289 57 43 et
936 2274 96 58 des
1067 2275 379 79 agissements
1479 2274 70 57 de
1582 2275 54 56 la
1670 2275 354 57 civilisation
2060 2274 298 58 moderne.

283 2364 88 56 La
404 2364 190 56 raison
628 2362 72 58 de
733 2375 154 45 cette
922 2360 288 58 difficulté
1244 2375 83 43 est
1360 2359 273 59 évidente
1667 2382 12 35 :

292 2450 52 78 1)
386 2451 112 58 Les
532 2450 258 57 derniers
835 2448 432 80 représentants
1299 2446 282 60 autorisés
1615 2449 97 57 des
1751 2463 194 63 temps
1990 2449 235 57 anciens
2259 2463 103 43 ont
2410 2465 138 44 natu-

105 2539 308 57 rellement
447 2538 256 78 disparu,
739 2552 57 43 et
829 2538 80 56 les
932 2536 207 78 jeunes
1172 2535 392 80 générations,
1601 2536 196 58 même
1830 2536 192 78 parmi
2056 2536 52 56 le
2141 2538 149 77 petit
2334 2538 248 58 nombre

108 2628 71 56 de
223 2628 170 56 celles
438 2628 105 77 qui
578 2641 102 43 ont
726 2646 212 37 encore
985 2623 277 60 conservé
1298 2646 141 35 avec
1483 2646 211 35 amour
1738 2624 286 79 quelques
2067 2644 216 58 vagues
2333 2628 247 79 vestiges

108 2714 97 57 des
261 2728 313 43 coutumes
636 2714 334 68 anciennes,
1026 2733 74 36 en
1155 2724 106 44 ont
1317 2712 188 78 perdu
1567 2713 55 55 la
1685 2709 335 60 délicatesse
2194 2709 272 80 générale
2522 2728 58 43 et

108 2802 233 68 intime,
494 2798 402 72 d'exécution,
933 2815 56 44 et
1023 2801 198 56 même
1244 2799 284 78 jusqu'au
1572 2820 127 37 sens
1732 2813 170 42 exact
1950 2798 98 57 des
2080 2813 156 42 mots
2269 2801 80 56 les
2389 2803 193 56 moins

108 2910 315 38 communs
456 2890 80 55 du
567 2890 271 77 langage,
877 2888 98 59 des
1018 2901 157 43 mots
1210 2886 32 58 à
1266 2884 403 80 signification
1704 2887 235 56 occulte
1972 2887 104 77 qui
2109 2907 57 37 se
2199 2904 380 45 rencontrent

108 2977 139 57 dans
272 2977 80 56 les
377 2975 225 80 poésies
623 2976 291 79 antiques,
943 2990 58 43 et
1027 2976 67 56 ils
1121 2975 329 57 admettent
1475 2995 73 36 ne
1575 2975 132 77 plus
1732 2973 122 58 être
1881 2972 266 80 capables
2182 2973 71 58 de
2284 2973 298 61 déclamer

109 3085 93 38 ces
247 3064 226 80 poésies
506 3066 234 56 suivant
773 3065 80 56 les
886 3065 228 57 strictes
1155 3061 187 80 règles
1376 3062 78 59 du
1488 3060 179 81 passé.
1707 3061 52 57 Il
1792 3062 247 57 n'existe
2085 3062 151 79 plus,
2271 3084 273 58 apparem-

109 3168 184 54 ment,
346 3173 116 58 que
513 3152 157 56 deux
720 3173 79 35 ou
849 3152 143 56 trois
1040 3151 295 57 vieillards
1385 3171 212 37 encore
1652 3149 267 80 capables
1953 3149 70 57 de
2074 3149 213 59 réciter
2337 3173 96 37 sur
2483 3152 97 60 des

108 3240 364 57 intonations
499 3260 81 36 un
613 3259 117 59 peu
764 3253 313 54 correctes,
1111 3239 81 57 les
1227 3236 208 60 chants
1468 3239 255 67 anciens,
1751 3250 57 45 et
1840 3238 55 55 la
1930 3236 192 57 Reine
2156 3239 422 72 Liliuokalani,

225 3329 144 56 dont
401 3328 427 77 l'intelligence
861 3325 247 60 éclairée
1154 3325 305 59 reconnaît
1491 3324 237 60 l'utilité
1763 3324 71 57 de
1879 3345 309 37 conserver
2221 3340 204 46 autant
2466 3349 114 59 que

108 3415 251 79 possible
393 3436 94 36 ces
520 3415 257 57 derniers
810 3417 251 76 vestiges
1094 3414 180 57 d'une
1305 3413 379 58 intéressante
1712 3414 357 57 civilisation
2102 3415 326 78 primitive,
2465 3437 115 58 que

108 3503 52 57 le
203 3502 312 58 fanatisme
560 3503 294 78 religieux
896 3502 285 57 moderne
1225 3523 32 36 a
1300 3514 135 66 trop
1469 3502 89 57 tôt
1594 3498 249 72 écrasée,
1994 3521 56 37 se
2093 3499 246 81 prépare
2373 3500 31 60 à
2434 3502 146 59 faire
