2878 3962
821 174 166 65 LES
1050 173 235 66 SONS
1348 154 598 85 INFÉRIEURS

2514 195 36 50 2
2569 198 42 64 9

319 666 175 59 Voilà
528 688 66 35 ce
630 688 114 58 que
780 688 146 35 nous
959 687 177 36 avons
1171 688 78 56 pu
1288 669 351 75 enregistrer
1674 668 95 57 des
1802 666 324 59 vibrations
2159 666 138 57 d'un
2338 665 278 80 diapason

140 753 107 59 fait
280 776 153 57 pour
467 755 225 56 donner
1322 776 71 35 un
1525 754 121 56 seul
1818 774 111 49 son,
1120 768 61 42 ut
1187 800 22 21 o
1244 753 69 57 de
1354 773 73 58 32
1460 754 103 56 v-d
1595 778 13 45 ;
1644 753 362 58 c'est-à-dire
2038 753 127 58 :28
2196 753 422 78 harmoniques

140 840 309 60 inférieurs
498 858 56 42 et
608 842 74 78 36
733 839 350 81 supérieurs,
1119 843 365 54 constituant
1537 863 76 34 un
2192 843 101 77 qui
2328 843 289 57 embrasse

141 929 129 80 près
305 929 69 57 de
409 929 167 59 treize
898 943 335 43 octaves
1234 943 344 52 ;et
979 928 60 79 je
1072 951 97 35 me
1203 929 177 78 garde
1416 929 70 56 de
1520 929 123 56 dire
1677 951 116 57 que
1834 950 144 36 nous
2025 950 178 36 avons
2252 930 203 56 inscrit

138 1019 82 55 les
269 1017 426 79 harmoniques
745 1037 116 59 que
913 1037 66 36 ce
1034 1016 280 80 diapason
1365 1038 31 35 a
1443 1016 194 58 vibrés
1685 1038 69 35 au
1804 1037 169 37 cours
2029 1017 71 57 de
2156 1037 103 37 nos
2315 1019 301 78 multiples

141 1103 393 81 expériences.

319 1193 158 56 Pour
512 1192 205 56 rendre
750 1193 145 55 aussi
935 1206 203 42 exacte
1172 1211 114 59 que
1321 1191 250 79 possible
1603 1191 496 79 l'interprétation
2135 1191 137 57 d'un
2318 1193 295 59 ensemble

138 1281 71 56 de
242 1278 469 59 manifestations
745 1278 344 58 vibratoires
1122 1280 149 56 aussi
1305 1280 332 77 complexe,
1672 1280 42 56 il
1746 1300 31 34 a
1813 1277 139 57 fallu
1984 1278 283 78 plusieurs
2301 1278 207 60 années
2542 1282 71 56 de

140 1369 208 56 travail
381 1381 57 44 et
472 1367 308 80 employer
811 1381 134 42 tous
978 1367 77 56 les
1089 1388 244 59 moyens
1366 1366 145 56 dont
1547 1388 73 35 on
1655 1380 143 65 peut
1832 1366 276 78 disposer.
2138 1367 115 75 J'ai
2288 1367 85 56 dit
2409 1389 114 56 que
2559 1370 53 56 la

140 1455 259 76 majeure
443 1456 187 78 partie
686 1454 96 57 des
837 1455 381 77 inscriptions
1272 1454 70 57 de
1393 1452 244 59 courbes
1688 1452 90 58 fut
1830 1451 140 59 faite
2014 1474 72 36 au
2142 1474 216 57 moyen
2417 1455 76 56 du
2550 1454 62 58 fil

137 1543 345 78 métallique
513 1565 13 47 ;
562 1543 309 77 beaucoup
905 1541 219 58 étaient
1159 1539 496 60 indéchiffrables.
1695 1541 191 56 Grâce
1919 1562 72 35 au
2027 1539 393 58 dévouement
2455 1557 57 42 et
2539 1564 72 36 au

137 1630 184 79 grand
357 1643 85 43 art
477 1629 70 56 de
580 1628 421 80 photographe
1034 1628 138 57 d'un
1208 1628 71 56 de
1310 1649 124 36 mes
1467 1629 166 67 amis,
1672 1629 94 55 M.
1797 1629 53 75 J.
1890 1628 287 77 Boyreau,
2212 1629 104 76 qui
2353 1626 92 58 fut
2478 1628 101 58 fon-

137 1718 206 57 dateur
376 1733 56 42 et
480 1715 298 80 président
830 1718 75 57 du
956 1717 385 57 Photo-Club
1392 1717 354 68 toulousain,
1787 1715 59 78 je
1895 1736 109 57 pus
2051 1713 230 58 étudier
2329 1718 284 57 certaines

137 1804 229 59 feuilles
399 1826 73 35 au
507 1825 215 57 moyen
759 1804 69 56 de
861 1804 127 56 leur
1021 1803 331 79 projection
1387 1823 96 37 sur
1515 1823 80 36 un
1628 1800 194 70 écran,
1863 1816 56 42 et
1967 1800 254 59 d'autres
2253 1822 105 57 par
2405 1823 173 57 agran-

137 1893 344 57 dissements
514 1891 556 80 photographiques
1105 1889 299 60 successifs
1437 1891 177 55 d'une
1650 1891 186 77 partie
1862 1889 71 56 de
1959 1889 125 56 leur
2111 1903 275 45 contenu.
2419 1892 193 57 Grâce

137 1978 30 59 à
202 2000 91 37 ces
338 2000 265 58 moyens,
627 1978 61 78 je
722 1999 131 36 crus
904 1980 161 54 avoir
1116 1976 108 58 tiré
1283 1978 71 57 de
1408 1997 93 37 ces
1554 1976 376 80 expériences
1986 1990 166 43 toute
2207 1977 53 56 la
2314 1976 145 58 série
2514 1978 98 57 des

136 2067 322 57 vibrations
491 2067 372 76 acoustiques
896 2062 399 80 enregistrées.

311 2156 102 56 Au
465 2175 169 36 cours
682 2156 68 56 de
808 2167 153 44 cette
1016 2154 218 76 longue
1289 2151 195 72 étude,
1510 2152 60 78 je
1618 2152 105 57 dus
1770 2150 230 58 résister
2047 2150 31 57 à
2111 2152 96 56 des
2246 2155 199 75 appels
2479 2166 131 68 trop

134 2256 289 66 pressants
475 2241 129 57 d'en
642 2239 153 59 finir.
851 2241 98 59 On
1002 2260 95 37 me
1143 2240 171 58 disait
1439 2241 47 55 Il
1523 2260 72 36 ne
1651 2240 170 76 s'agit
1878 2259 100 58 pas
2028 2239 224 57 d'avoir
2301 2260 79 36 un
2429 2241 183 78 grand

137 2330 246 57 nombre
416 2329 503 79 d'harmoniques,
942 2329 41 56 il
1018 2327 167 78 s'agit
1219 2327 222 59 d'avoir
1467 2327 99 58 des
1597 2326 427 78 harmoniques
2058 2347 220 58 graves,
2302 2326 311 60 inférieurs

136 2439 71 36 au
242 2438 103 37 son
377 2415 405 60 fondamental
816 2441 13 45 ;
866 2416 141 56 c'est
1040 2416 53 56 le
1119 2418 170 76 point
1324 2415 277 79 capital...
1703 2415 96 56 On
1836 2435 71 35 ne
1940 2415 201 78 voyait
2169 2414 138 57 dans
2333 2428 131 43 tout
2490 2416 123 58 cela

137 2505 183 79 qu'un
382 2503 108 58 fait
546 2501 433 82 d'expérience,
1044 2501 189 59 tandis
1296 2523 115 58 que
1464 2501 61 78 je
1580 2503 224 56 voulais
1854 2522 71 35 en
1984 2501 141 56 tirer
2178 2515 131 44 tout
2353 2501 52 56 le
2459 2504 152 76 parti

136 2592 318 73 théorique
489 2592 249 78 possible
772 2606 56 42 et
863 2588 272 81 pénétrer
1168 2592 78 56 les
1280 2604 211 44 secrets
1524 2589 71 57 de
1642 2603 193 43 toutes
1882 2609 93 36 ces
2022 2587 487 61 manifestations.
2561 2590 52 58 Il

134 2681 101 81 n'y
269 2682 156 56 avait
457 2700 102 58 pas
593 2678 215 58 intérêt
842 2677 30 58 à
905 2698 57 37 se
994 2677 169 57 hâter
1196 2698 71 36 en
1302 2675 278 82 présence
1613 2678 71 56 de
1716 2674 406 80 phénomènes
2170 2678 43 53 si
2264 2677 248 57 curieux
2554 2693 58 43 et

133 2768 45 57 si
212 2764 390 73 intéressants,
637 2786 238 37 comme
909 2786 73 36 on
1020 2785 69 35 va
1121 2766 148 56 voir.

489 2855 423 77 Interprétation.
913 2853 463 56 Contrairement
1410 2853 30 55 à
1473 2871 65 37 ce
1573 2851 103 77 qui
1712 2870 56 37 se
1801 2848 325 80 produisait
2174 2870 140 37 avec
2362 2849 250 61 d'autres

133 2964 172 58 corps
338 2962 254 49 sonores,
620 2942 59 76 je
714 2942 257 56 trouvais
1006 2940 139 57 dans
1176 2941 80 56 les
1289 2938 253 58 échelles
1591 2936 262 58 fournies
1901 2957 104 58 par
2051 2937 80 56 les
2179 2937 305 79 diapasons
2532 2960 79 37 un

133 3030 248 57 nombre
438 3030 410 56 relativement
884 3026 401 58 considérable
1321 3026 69 57 de
1425 3039 166 43 notes
1624 3023 445 78 chromatiques
2109 3025 104 77 qui
2262 3023 349 60 semblaient

134 3139 70 36 ne
254 3117 254 79 pouvoir
559 3117 290 55 coexister
899 3135 142 36 avec
1096 3115 80 56 les
1232 3134 131 38 sons
1417 3114 71 57 de
1535 3110 269 60 l'échelle
1849 3111 70 57 de
1951 3112 54 55 la
2037 3110 461 72 fondamentale,
2533 3135 78 36 ou

134 3225 139 37 avec
306 3225 152 36 ceux
490 3204 71 56 de
593 3201 268 59 l'échelle
896 3203 265 77 partielle
1195 3200 340 80 supérieure
1568 3199 78 57 du
1681 3220 99 36 son
1817 3197 437 80 prédominant.
2285 3201 91 55 En
2404 3199 208 59 faisant

133 3294 262 77 Xanalyse
425 3290 347 79 harmonique
804 3290 78 57 du
917 3290 228 57 tableau
1182 3289 302 68 ci-dessus,
1520 3309 76 36 on
1632 3302 207 43 trouve
1873 3286 29 57 à
1937 3308 57 35 sa
2027 3286 132 57 base
2191 3288 54 55 la
2272 3286 244 59 tonalité
2542 3289 71 57 de

134 3379 83 60 si!>
254 3377 501 81 maj.constituée
791 3399 103 58 par
927 3398 100 37 son
1996 3377 203 58 accord
2451 3377 63 57 de
2287 3375 102 69 Fa,
2423 3375 74 69 la,
2525 3390 86 55 ut,

134 3467 144 71 mii>,
312 3468 85 56 sol
433 3490 13 45 ;
496 3487 140 36 avec
686 3464 349 79 agrégation
1086 3464 77 57 du
1211 3465 200 56 même
1457 3462 210 58 accord
1717 3463 70 56 de
1838 3482 34 56 9
1877 3467 16 19 e
1939 3462 70 57 de
2045 3462 346 57 dominante
2424 3462 71 57 de
2530 3464 83 56 Fa
