2878 3962
776 276 401 87 SOCIÉTÉ
1241 294 538 96 FRANÇAISE
1840 296 176 67 DES
2077 296 233 69 AMIS

1134 429 127 66 DE
1322 431 127 66 LA
1510 431 440 79 MUSIQUE

779 677 386 64 ASSEMBLÉE
1203 677 370 67 GÉNÉRALE
1611 697 97 47 DU
1750 712 61 44 24
1849 680 294 64 FÉVRIER
2186 711 122 48 1913

469 824 323 46 L'Assemblée
820 824 225 47 Générale
1071 826 54 44 de
1150 825 41 46 la
1215 825 175 47 Société
1415 828 233 59 Française
1675 829 73 45 des
1772 829 133 45 Amis
1930 829 53 44 de
2009 827 42 45 la
2075 828 216 60 Musique
2327 846 24 28 a
2389 846 57 28 eu
2481 829 92 46 lieu
2608 831 40 45 le
2687 846 61 44 24

336 891 159 45 février
532 893 106 44 dans
673 909 90 27 une
800 893 74 44 des
908 893 124 44 salles
1069 894 53 43 de
1159 893 41 45 la
1236 896 170 44 maison
1445 895 167 63 Pleyel,
1651 898 109 44 mise
1796 897 357 60 gracieusement
2188 896 25 44 à
2249 896 40 45 la
2326 897 257 58 disposition
2621 899 53 44 de
2712 900 39 45 la

337 959 172 46 Société
552 976 74 42 par
669 960 73 45 M.
789 959 200 47 Gustave
1028 960 150 62 Lyon,
1212 979 100 28 sous
1352 962 40 46 la
1430 964 256 58 présidence
1724 964 52 44 de
1817 964 72 45 M.
1932 963 200 47 Gustave
2172 963 151 62 Berly,
2362 964 386 61 Vice-Président,

336 1027 147 45 assisté
526 1028 73 44 des
641 1029 223 43 membres
906 1027 197 60 présents
1144 1030 59 44 du
1246 1031 181 57 bureau,
1469 1031 152 46 M.M.
1666 1031 326 58 Ecorcheville,
2036 1030 388 59 Vice-Président,
2464 1032 95 45 Léo
2602 1034 146 59 Sachs,

336 1093 217 59 trésorier,
581 1106 43 33 et
650 1094 224 60 Pasquier,
900 1096 230 44 secrétaire
1157 1098 59 43 du
1242 1097 196 46 Conseil.

471 1161 67 45 Le
564 1161 232 45 Président
821 1163 148 43 donne
995 1163 168 45 lecture
1188 1165 61 45 du
1272 1176 180 47 rapport
1477 1166 60 45 du
1563 1166 184 46 Conseil
1772 1167 107 44 dans
1904 1164 148 61 lequel
2089 1165 28 45 il
2155 1176 64 35 est
2256 1176 284 35 notamment
2576 1169 174 58 rappelé

337 1246 49 27 ce
422 1245 85 42 que
544 1229 40 44 la
621 1230 174 44 Société
829 1247 25 27 a
890 1231 77 43 fait
996 1231 153 58 depuis
1173 1248 44 28 sa
1241 1233 248 58 fondation,
1517 1235 96 57 puis
1638 1234 160 58 exposé
1825 1251 49 27 ce
1901 1233 164 60 qu'elle
2090 1231 249 47 s'efforcera
2365 1235 53 43 de
2443 1234 175 47 réaliser
2644 1237 106 45 dans

335 1296 200 45 l'avenir.
563 1297 87 45 Cet
676 1297 262 45 intéressant
963 1310 178 47 rapport
1166 1311 237 35 rencontre
1428 1317 90 28 une
1543 1302 289 58 approbation
1866 1302 216 43 unanime
2119 1312 44 33 et
2199 1317 225 43 provoque
2461 1302 73 45 des
2569 1303 156 59 applau-

337 1364 274 46 dissements.

473 1431 71 45 M.
574 1431 95 45 Léo
696 1432 147 58 Sachs,
871 1430 216 61 trésorier,
1114 1434 149 44 donne
1300 1436 171 44 ensuite
1496 1435 167 45 lecture
1701 1436 53 43 de
1790 1452 80 29 son
1896 1445 177 49 rapport
2109 1452 72 28 sur
2207 1435 39 45 la
2272 1437 210 44 situation
2508 1436 242 48 financière

338 1499 54 44 de
416 1498 41 46 la
483 1498 188 46 Société.
699 1498 38 45 Il
762 1510 64 34 est
850 1500 226 59 approuvé
1101 1500 24 45 à
1149 1501 298 46 l'unanimité.

472 1577 67 45 Le
565 1578 230 46 Président
821 1580 64 44 dit
909 1579 208 60 qu'usant
1143 1582 73 43 des
1241 1583 205 56 pouvoirs
1470 1599 86 42 que
1592 1582 61 45 lui
1692 1584 186 43 donnait
1916 1581 187 46 l'article
2146 1593 54 46 15
2241 1584 75 43 des
2350 1594 159 35 statuts
2545 1586 206 58 primitifs

337 1646 52 43 de
429 1644 41 46 la
506 1646 188 59 Société,
733 1646 39 45 le
810 1646 181 46 Conseil
1029 1665 25 27 a
1094 1649 183 57 apporté
1315 1649 24 44 à
1380 1666 70 28 ces
1485 1660 159 34 statuts
1680 1651 188 44 diverses
1905 1649 329 46 modifications
2269 1668 86 43 que
2392 1651 298 60 l'expérience
2726 1672 24 26 a

335 1713 189 44 rendues
549 1713 277 46 nécessaires.

470 1780 38 44 Il
534 1798 24 26 a
582 1797 80 28 cru
688 1782 151 44 devoir
864 1782 266 45 néanmoins
1153 1794 244 35 soumettre
1423 1784 40 44 la
1487 1782 268 47 ratification
1781 1785 74 44 des
1878 1796 159 34 statuts
2062 1784 203 47 modifiés
2297 1786 24 45 à
2354 1785 296 47 l'Assemblée
2676 1790 73 58 qui

334 1846 42 46 la
401 1860 103 32 vote
528 1847 24 45 à
576 1846 298 48 l'unanimité.

470 1914 38 44 Il
544 1916 148 60 ajoute
728 1933 101 42 que,
868 1915 168 60 d'après
1071 1933 71 28 ces
1177 1927 172 48 statuts,
1386 1918 40 45 le
1457 1918 181 45 Conseil
1664 1931 65 32 est
1753 1919 314 46 renouvelable
2093 1937 56 28 en
2175 1937 79 28 son
2281 1921 158 59 entier,
2466 1923 110 45 mais
2600 1939 84 43 que
2710 1923 38 44 le

336 1984 187 43 nombre
549 1983 75 44 des
648 1985 223 43 membres
895 1995 65 33 est
984 1984 145 45 réduit
1153 1984 23 45 à
1204 1984 58 46 28
1292 2001 73 42 par
1390 1987 113 44 suite
1529 1987 52 43 de
1607 1987 117 44 deux
1750 1987 275 46 démissions.

473 2050 65 44 Le
579 2050 166 45 Comte
786 2051 225 45 Chandon
1050 2052 53 44 de
1141 2052 200 45 Briailles
1375 2052 101 45 s'est
1514 2071 74 40 vu,
1625 2053 24 45 à
1684 2071 80 28 son
1804 2055 139 59 grand
1979 2066 160 48 regret,
2179 2055 147 60 obligé
2364 2057 54 44 de
2453 2055 195 61 résigner
2687 2074 63 28 ses

336 2118 225 43 fonctions
598 2118 53 43 de
688 2117 245 59 Président,
969 2135 66 29 ses
1070 2121 288 43 nombreuses
1400 2121 291 58 occupations
1728 2133 44 33 et
1809 2138 65 28 ses
1910 2121 256 61 fréquentes
2203 2124 210 44 absences
2449 2125 52 43 de
2540 2125 119 45 Paris
2693 2142 55 28 ne

336 2184 61 44 lui
424 2195 275 47 permettant
724 2202 74 41 pas
824 2186 53 43 de
904 2186 171 44 donner
1099 2186 24 44 à
1148 2186 40 44 la
1214 2186 173 45 Société
1412 2198 99 34 tout
1536 2187 40 45 le
1601 2199 144 48 temps
1770 2200 44 32 et
1843 2201 125 33 toute
2005 2189 216 46 l'activité
2258 2208 101 41 que,
2397 2191 122 45 selon
2556 2192 77 58 lui,
2671 2210 77 27 son

337 2251 232 45 Président
605 2253 59 43 du
703 2252 182 46 Conseil
922 2271 24 26 a
981 2253 40 45 le
1058 2254 151 44 devoir
1246 2254 53 44 de
1335 2253 62 46 lui
1434 2271 246 29 consacrer.
1722 2255 123 46 C'est
1882 2274 106 27 avec
2024 2274 63 27 un
2124 2258 87 44 très
2235 2259 169 43 sincère
2430 2271 146 48 regret
2600 2278 86 41 que
2712 2260 38 44 le

337 2319 183 45 Conseil
546 2337 24 26 a
596 2319 58 45 dû
690 2332 202 46 accepter
929 2331 116 34 cette
1082 2321 252 45 démission.
1373 2321 37 45 Il
1447 2339 259 28 conservera
1741 2340 63 28 un
1840 2326 207 42 souvenir
2084 2327 334 43 reconnaissant
2454 2326 74 46 des
2567 2328 184 44 conseils

337 2386 179 45 éclairés
541 2397 45 34 et
611 2387 73 44 des
709 2387 305 61 témoignages
1039 2389 52 43 de
1118 2389 171 45 chaude
1313 2391 252 59 sympathie
1591 2407 86 43 que
1703 2390 38 44 le
1771 2391 165 45 Comte
1964 2392 225 45 Chandon
2218 2394 52 43 de
2297 2393 201 46 Briailles
2522 2412 25 27 a
2582 2395 169 45 donnés

335 2453 25 46 à
385 2453 40 45 la
450 2453 187 47 Société.

471 2520 219 46 Madame
727 2521 176 45 Michel
940 2521 214 60 Ephrussi
1190 2540 25 27 a
1249 2523 80 44 fait
1363 2525 157 56 savoir,
1557 2542 57 27 au
1652 2526 138 59 grand
1818 2537 146 50 regret
1989 2527 58 44 du
2076 2527 198 59 Conseil,
2302 2528 163 59 qu'elle
2491 2545 43 28 se
2560 2531 190 44 trouvait

336 2587 145 46 forcée
509 2589 52 44 de
588 2606 139 28 cesser
753 2589 101 44 d'en
881 2591 105 43 faire
1013 2591 152 57 partie.

472 2655 118 45 Pour
615 2656 246 59 remplacer
886 2674 70 28 ces
982 2658 117 44 deux
1133 2659 222 44 membres
1391 2657 400 61 démissionnaires,
1829 2659 38 45 le
1906 2660 245 60 Président,
2190 2662 109 44 d'un
2337 2679 218 28 commun
2591 2664 158 45 accord

335 2740 107 28 avec
481 2739 63 29 ses
580 2723 237 61 collègues,
855 2724 202 59 présente
1093 2742 87 28 aux
1216 2724 209 61 suffrages
1461 2726 53 43 de
1551 2726 293 46 l'Assemblée
1881 2728 40 44 le
1959 2728 206 60 Marquis
2202 2730 52 44 de
2293 2729 227 62 Polignac,
2656 2733 92 58 qui,

335 2790 350 60 préalablement
709 2791 25 45 à
770 2792 311 58 l'Assemblée,
1107 2792 145 46 s'était
1275 2794 79 43 fait
1390 2794 180 44 inscrire
1596 2810 178 28 comme
1802 2796 200 43 membre
2034 2798 281 57 bienfaiteur,
2344 2815 49 27 ce
2420 2799 111 44 dont
2567 2799 27 44 il
2632 2816 24 28 a
2681 2799 67 44 été

336 2860 228 43 vivement
588 2859 230 59 remercié,
936 2871 44 33 et
1006 2859 72 47 M.
1106 2861 189 59 Jacques
1320 2860 206 58 Rouché,
1554 2861 244 45 Directeur
1825 2863 59 44 du
1909 2862 204 46 Théâtre
2139 2864 75 45 des
2239 2866 121 44 Arts.

470 2925 38 44 Il
533 2927 147 61 ajoute
706 2944 85 41 que
817 2927 59 44 les
903 2927 59 46 28
990 2929 222 44 membres
1236 2938 190 34 sortants
1449 2939 45 33 et
1518 2927 245 62 rééligibles
1788 2941 157 47 posent
1972 2930 95 45 leur
2093 2932 302 46 candidature.

471 2992 38 44 Il
546 3003 64 35 est
646 2993 190 59 procédé
871 3012 56 28 au
963 3006 117 35 vote.
1119 2994 66 46 Le
1223 2995 351 59 dépouillement
1599 2996 59 44 du
1682 2999 169 42 scrutin
1888 2998 149 45 donne
2074 2998 39 45 le
2151 2999 182 46 résultat
2358 3002 176 43 suivant
2559 3017 10 29 :
2601 3000 60 45 les
2688 3000 57 46 28

337 3061 223 45 membres
583 3071 191 35 sortants
798 3073 44 33 et
867 3062 61 44 les
953 3063 116 44 deux
1095 3063 227 45 candidats
1346 3080 237 28 nouveaux
1608 3075 101 33 sont
1734 3064 94 45 élus
1851 3064 24 45 à
1900 3064 286 47 l'unanimité
2212 3084 75 42 par
2320 3079 89 46 154
2437 3069 103 44 voix
2564 3085 73 28 sur
2660 3068 87 57 156

337 3128 223 45 membres
584 3128 198 59 présents
807 3146 58 28 ou
890 3130 286 58 représentés.

471 3195 74 45 En
588 3196 324 59 conséquence,
956 3197 39 45 le
1033 3197 230 46 Président
1299 3197 222 59 proclame
1558 3214 71 29 ces
1666 3212 61 47 30
1765 3215 239 42 personnes
2040 3203 223 44 membres
2299 3203 60 44 du
2397 3202 181 46 Conseil
2619 3204 52 44 de
2710 3202 39 45 la

339 3262 172 46 Société
536 3262 234 58 Française
797 3265 74 43 des
896 3266 132 43 Amis
1053 3266 53 43 de
1131 3266 41 44 la
1198 3265 215 60 Musique
1438 3282 111 43 pour
1574 3266 117 43 deux
1715 3282 78 29 ans
1817 3266 24 45 à
1866 3268 122 45 dater
2014 3269 60 44 du
2101 3283 61 44 24
2189 3269 158 45 février
2378 3284 140 47 1913.

473 3330 68 45 La
564 3330 158 45 séance
747 3348 25 27 a
796 3331 70 45 été
891 3332 123 45 levée
1040 3332 25 45 à
1092 3348 25 45 3
1152 3329 72 67 1/2
1251 3335 172 44 heures.

473 3398 46 44 A
544 3397 40 46 la
608 3400 112 43 suite
746 3399 54 44 de
824 3410 117 35 cette
967 3400 278 59 Assemblée,
1271 3400 40 45 le
1339 3400 181 47 Conseil
1555 3400 104 45 s'est
1691 3399 128 47 réuni
1855 3412 61 49 et,
1952 3402 25 46 à
2013 3402 303 61 l'unanimité,
2353 3421 25 28 a
2413 3404 224 46 constitué
2672 3421 76 29 son

340 3466 166 43 bureau
531 3482 178 28 comme
734 3468 87 43 suit
847 3482 10 30 :
