2878 3962
1068 105 528 84 POURQUOI
1644 103 28 73 ?

2556 130 36 68 3

307 247 252 60 L'ltalie
603 270 71 37 au
715 249 423 81 dix-septième
1169 249 173 59 siècle
1375 251 189 57 aurait
1596 271 75 37 eu
1703 251 53 57 le
1789 247 211 60 mérite
2033 247 224 60 d'avoir
2290 249 221 59 délivré
2544 251 54 57 la

133 335 257 58 mélodie
424 335 98 60 des
552 337 146 59 liens
733 336 480 81 polyphoniques
1246 339 105 77 qui
1383 337 396 59 l'enserraient
1812 351 135 66 trop
1980 335 400 61 étroitement.

308 424 179 79 Lully
528 444 146 37 nous
717 426 190 55 aurait
946 423 248 58 délivrés
1227 424 78 56 du
1338 423 181 59 chant
1552 424 254 58 traînant
1839 438 58 44 et
1929 423 251 80 lugubre
2212 424 98 57 des
2343 425 250 57 anciens.

312 511 271 58 Rameau
639 532 146 37 nous
835 511 188 58 aurait
1072 509 181 58 libéré
1310 510 80 57 du
1512 511 372 79 plain-chant
1934 513 235 78 lullyste
2216 511 182 79 qu'on
2442 513 155 57 avait

134 598 326 81 psalmodié
496 599 211 56 durant
735 619 79 37 un
846 597 174 58 siècle

312 688 112 56 Les
481 688 238 56 Italiens
762 687 79 56 du
896 683 430 60 dix-huitième
1374 683 173 60 siècle
1601 707 146 38 nous
1802 689 263 56 auraient
2116 684 247 60 délivrés
2418 685 71 59 de
2544 687 53 58 la

133 771 328 59 sécheresse
493 772 71 58 de
599 773 268 56 Rameau
899 792 105 59 par
1046 773 126 55 leur
1214 769 180 60 chant
1443 773 203 57 tendre
1695 788 57 43 et
1794 772 178 81 léger.
2028 774 112 57 Les
2193 774 405 78 romantiques

136 882 147 36 nous
330 862 265 57 auraient
632 858 209 59 libérés
885 859 70 56 de
998 861 53 56 la
1101 857 259 80 légèreté
1406 859 96 59 des
1552 861 239 58 Italiens
1822 875 59 43 et
1914 861 97 58 des
2046 863 273 76 Français
2351 876 57 44 et
2442 862 71 57 de
2544 861 53 58 la

136 950 250 55 cuirasse
420 948 522 78 contrepointique
975 947 104 78 qui
1111 948 212 55 armait
1355 947 52 56 la
1440 948 276 78 musique
1749 948 69 57 de
1863 948 179 59 Bach.

312 1285 306 65 Qu'est-ce
641 1304 114 58 que
782 1282 139 59 c'est
943 1304 116 57 que
1091 1282 53 57 la
1177 1281 257 58 mélodie
1467 1285 19 56 ?
1515 1284 196 57 Notre
1742 1284 118 57 ami
1887 1285 147 76 Jean
2058 1282 173 59 Huré
2264 1286 163 57 vient
2460 1286 133 57 d'en

136 1372 224 59 donner
394 1392 114 36 une
541 1370 324 57 excellente
898 1366 308 61 définition
1239 1370 139 57 dans
1422 1392 79 35 un
1540 1369 200 58 récent
1779 1371 221 56 article.
2029 1371 71 76 Je
2132 1385 254 64 regrette
2419 1372 70 58 de
2523 1394 73 36 ne

138 1480 98 60 pas
282 1460 209 56 l'avoir
529 1478 132 37 sous
698 1458 55 55 la
796 1459 182 68 main,
1012 1470 57 43 et
1117 1456 70 57 de
1236 1458 130 55 n'en
1411 1459 254 77 pouvoir
1707 1458 224 57 donner
1978 1458 223 78 qu'une
2246 1459 350 79 paraphrase

136 1548 364 58 maladroite.

383 1635 87 56 La
503 1630 256 59 mélodie
792 1632 137 57 c'est
964 1652 113 35 une
1110 1632 152 57 suite
1294 1630 71 57 de
1397 1646 166 43 notes
1594 1630 260 60 formant
1887 1652 80 37 un
2001 1632 190 58 dessin
2235 1633 130 79 plus
2406 1632 191 80 précis

137 1736 57 43 et
228 1722 105 78 qui
366 1741 58 38 se
468 1718 249 58 détache
764 1719 79 56 du
893 1717 142 59 fond
1083 1719 71 57 de
1199 1718 351 58 l'harmonie
1681 1719 143 57 Fort
1867 1719 156 59 bien.
2072 1720 162 56 Mais
2281 1741 66 37 ce
2391 1720 104 78 qui
2539 1741 57 37 se

137 1808 249 60 détache
418 1828 153 59 pour
595 1808 146 76 Jean
780 1806 174 58 Huré
982 1827 71 36 ne
1078 1827 57 37 se
1159 1804 314 60 détachera
1497 1808 170 78 point
1693 1828 152 59 pour
1878 1827 78 37 un
1982 1809 290 56 musicien
2296 1806 300 61 médiocre

136 1912 58 42 et
228 1911 211 43 restera
472 1893 380 59 insaisissable
882 1914 154 58 pour
1062 1915 78 35 un
1167 1893 262 80 profane.
1451 1896 70 75 Je
1547 1896 115 56 suis
1683 1893 254 80 plongée
1970 1896 78 56 ici
2075 1894 140 59 dans
2238 1896 54 57 la
2318 1896 276 78 musique

137 1985 404 67 caucasienne,
597 2002 260 59 persane,
913 1978 378 82 géorgienne,
1347 1980 399 72 arménienne,
1802 1983 251 78 laquelle
2122 2002 97 37 me
2286 1983 307 78 passionne

136 2071 209 79 depuis
378 2070 70 57 de
480 2070 246 76 longues
752 2066 210 58 années
990 2093 14 45 ;
1031 2068 85 79 j'y
1153 2067 293 59 découvre
1469 2067 97 60 des
1591 2067 208 60 trésors
1832 2068 70 58 de
1934 2067 238 59 beautés
2207 2067 385 81 mélodiques.

138 2159 109 69 Or,
279 2159 141 56 lisez
451 2157 80 56 les
562 2154 178 59 récits
772 2155 70 57 de
875 2175 345 60 voyageurs,
1256 2154 77 58 où
1366 2155 233 80 chaque
1636 2155 111 58 fois
1792 2156 145 79 qu'il
1968 2169 83 44 est
2095 2157 272 78 question
2417 2157 176 58 d'une

136 2248 275 76 musique
461 2245 282 77 exotique
786 2264 146 36 vous
988 2256 307 44 trouverez
1346 2258 263 62 toujours
1650 2245 53 56 la
1756 2245 198 56 même
2001 2242 207 80 phrase
2238 2267 12 35 :
2309 2244 285 58 sonorités

134 2331 273 70 bizarres,
442 2331 368 68 monotonie,
844 2350 258 58 manque
1147 2329 71 58 de
1255 2328 275 60 mélodie.
1568 2333 162 55 Mais
1761 2352 93 35 ces
1892 2333 301 76 musiques
2230 2344 131 44 sont
2401 2330 161 60 forcé-

136 2433 167 44 ment
335 2416 408 70 mélodieuses,
778 2418 253 77 puisque
1062 2418 80 56 les
1175 2437 139 57 gens
1359 2416 139 59 d'ici
1530 2419 81 56 les
1644 2418 281 57 chantent
1958 2438 141 38 avec
2144 2439 114 36 une
2302 2418 291 58 tendresse

136 2522 57 43 et
220 2527 114 37 une
359 2507 210 57 ardeur
594 2526 118 36 non
738 2505 195 56 moins
957 2504 247 79 grandes
1237 2526 115 58 que
1385 2526 146 36 nous
1554 2507 55 55 la
1633 2507 188 55 nôtre.
1858 2507 359 68 Seulement,
2241 2507 82 55 les
2347 2505 246 60 courbes

136 2593 369 79 mélodiques
552 2606 56 44 et
656 2593 80 56 les
782 2590 337 79 agréments
1162 2590 70 58 de
1270 2593 152 56 leurs
1464 2590 207 59 chants
1713 2613 74 36 ne
1829 2606 130 43 sont
2003 2612 101 58 pas
2149 2589 283 61 familiers
2478 2613 115 37 aux

137 2682 226 58 oreilles
405 2679 418 80 européennes.
862 2681 76 55 Et
983 2678 195 58 c'était
1218 2679 136 57 bien
1385 2679 52 56 le
1470 2700 94 36 cas
1601 2679 71 56 de
1716 2679 229 79 chaque
1984 2681 275 77 musique
2301 2682 291 70 nouvelle,

133 2772 80 56 les
246 2769 224 58 oreilles
503 2767 223 57 n'étant
759 2787 101 59 pas
894 2787 212 37 encore
1139 2764 305 60 habituées
1476 2787 116 37 aux
1624 2766 434 58 combinaisons
2104 2767 309 58 modernes
2451 2782 58 45 et
2540 2769 53 58 le

136 2858 191 78 gosier
371 2876 71 36 ne
490 2853 208 59 s'étant
753 2875 100 58 pas
904 2875 212 37 encore
1164 2852 356 60 accoutumé
1576 2853 32 59 à
1660 2856 80 56 les
1783 2853 362 80 reproduire,
2180 2876 77 36 on
2304 2857 169 56 criait
2521 2877 73 36 au

134 2943 286 69 scandale,
453 2940 32 58 à
517 2942 54 57 la
603 2941 347 80 disparition
984 2941 70 58 de
1086 2943 53 55 la
1172 2940 255 59 mélodie
1459 2956 57 43 et
1543 2963 74 36 au
1642 2963 282 38 massacre
1949 2942 71 57 de
2045 2943 53 56 la
2123 2943 142 58 voix
2288 2942 301 60 humaine.

138 3030 51 58 Il
220 3053 38 58 y
292 3051 32 36 a
355 3029 249 58 certains
645 3030 130 56 vins
818 3029 103 78 qui
970 3049 57 37 se
1070 3043 234 43 sucrent
1343 3049 141 37 avec
1523 3029 52 57 le
1624 3043 208 64 temps.
1882 3029 51 57 Il
1978 3027 127 60 faut
2149 3030 185 57 croire
2367 3050 117 59 que
2514 3030 82 58 les

134 3116 211 60 années
378 3116 245 57 rendent
655 3117 79 56 les
772 3117 304 78 musiques
1109 3116 364 70 chantantes,
1506 3117 135 58 elles
1672 3117 80 58 les
1783 3115 131 60 font
2020 3115 285 60 mélodier
2395 3119 46 56 si
2473 3119 121 56 l'on

133 3219 145 66 peut
311 3205 344 78 s'exprimer
688 3204 164 68 ainsi,
886 3217 59 44 et
976 3204 44 57 il
1050 3225 38 58 y
1121 3224 71 37 en
1227 3225 30 35 a
1290 3205 104 79 qui
1437 3204 357 58 deviennent
1841 3205 303 57 tellement
2189 3203 405 72 mélodieuses,

134 3293 240 78 qu'elles
396 3313 70 34 en
493 3305 133 44 sont
650 3289 381 60 écœurantes.
1053 3291 85 56 La
1152 3293 274 77 musique
1453 3289 360 61 mélodieuse
1834 3291 137 59 c'est
1995 3293 53 56 la
2074 3293 274 77 musique
2370 3291 189 58 d'hier
2580 3316 14 47 ;

134 3379 144 59 celle
329 3377 438 78 d'aujourd'hui
823 3399 73 36 ne
950 3378 126 57 l'est
1131 3398 99 59 pas
1276 3398 233 50 encore,
1564 3379 110 57 elle
1727 3379 53 56 le
1824 3399 123 37 sera
1989 3379 129 78 plus
2160 3378 130 57 tard
2335 3393 57 43 et
2439 3379 158 57 voici
