4239 5501
3336 4670 79 62 15

833 518 269 75 Buvait
1157 535 93 48 un
1302 511 163 89 jour
1517 510 58 64 et
1622 523 137 70 par
1809 496 282 71 hasard.
2422 589 11 14 _
2610 518 8 9 •

837 627 98 66 Le
987 618 249 92 prince
1296 611 164 70 était
1521 610 132 66 bon
1710 603 249 90 prince
2017 601 59 63 et
2130 594 219 66 même
2405 589 255 88 joyeux
2720 584 67 65 di
2809 584 138 65 ille.

840 727 68 67 Il
957 718 230 95 prend
1238 737 81 45 en
1377 708 401 73 s'amusant
1829 706 68 65 la
1954 699 192 66 taille
2198 696 78 64 de
2332 696 68 64 la
2455 691 163 86 fille.

981 820 193 71 Holà
1211 818 24 68 !
1297 815 102 67 dit
1456 816 58 65 le
1568 828 222 70 papa,
1854 825 80 45 en
1997 798 182 69 voilà
2242 796 115 66 des
2415 793 244 86 façons
2696 787 24 67 !

845 928 422 68 Savez-vous
1323 935 130 69 que
1509 931 117 46 ma
1687 909 140 87 fille
1886 925 39 45 a
1985 903 79 64 de
2122 899 41 66 V
2179 892 417 72 instruction
2637 889 23 66 !
2711 914 27 34 »

847 1030 66 67 Il
960 1023 286 88 désigne
1294 1016 374 68 au-dessus
1715 1009 78 66 de
1841 1009 68 65 la
1951 1006 195 86 porte
2193 1001 91 64 du
2330 997 220 73 home,

838 1131 122 66 Du
1013 1118 484 76 baccalauréat
1544 1118 60 64 le
1651 1108 298 88 superbe
1998 1099 305 90 diplôme
2340 1097 24 66 !

843 1233 99 64 Le
997 1226 249 90 prince
1307 1241 82 46 en
1453 1219 110 63 eut
1626 1231 135 48 une
1819 1204 391 71 muselière.

852 1334 142 68 Son
1055 1331 161 85 père
1275 1326 59 64 le
1395 1321 285 66 voulant
1739 1311 266 86 obliger
2064 1328 39 44 a
2164 1307 19 63 l
2218 1304 249 85 hymen

842 1436 123 66 Du
1018 1448 156 51 sexe
1224 1424 105 70 lui
1380 1417 337 72 montrait
1768 1417 95 65 les
1912 1412 166 87 plus
2135 1407 222 66 beaux
2408 1395 415 92 spécimens.

991 1533 196 76 Non,
1248 1522 308 72 disait-il
1614 1538 91 47 au
1765 1514 103 66 roi
1925 1531 126 47 son
2105 1509 186 86 père,

855 1638 68 66 Il
984 1651 110 49 me
1157 1631 155 86 faut
1377 1643 135 49 une
1580 1616 376 71 bachelière
1995 1610 24 66 !

855 1737 142 77 Ah,
1060 1753 70 47 ce
1185 1731 182 66 n'est
1421 1743 134 71 pas
1616 1721 174 66 dans
1854 1717 182 64 voire
2090 1705 240 92 palais
2389 1704 80 66 de
2527 1697 254 69 crétins

859 1839 230 88 Qu'on
1138 1836 69 66 la
1255 1827 369 70 dénichera
1661 1822 26 66 !
1732 1820 149 66 Pas
1932 1815 78 66 de
2054 1812 190 88 perle
2290 1809 179 64 dans
2516 1805 60 65 le
2621 1795 248 71 crottin
2918 1822 49 37 ».

860 1942 109 68 On
1035 1936 105 71 lui
1201 1947 311 75 proposa
1580 1924 157 67 bien
1802 1920 323 87 quelques
2191 1912 283 85 femmes
2540 1898 315 88 dcspiit,

859 2039 210 71 Mais
1116 2056 144 47 non
1312 2027 287 93 garanti
1649 2044 126 47 sur
1819 2017 261 91 papier
2124 2032 138 70 par
2313 2007 186 69 écrit.

862 2146 98 66 Le
996 2139 249 91 prince
1287 2132 191 69 avait
1517 2132 58 64 le
1616 2127 235 86 spleen

872 2245 107 68 On
1048 2239 104 71 lui
1218 2234 289 69 chercha
1568 2230 203 65 Peau
1839 2220 254 68 d'Ane.

867 2347 220 75 Allez,
1136 2339 412 72 mesdames,
1600 2325 391 71 allez-dans
2039 2339 129 47 nos
2213 2310 353 76 Facultés,

862 2447 439 85 Développer
1365 2455 115 48 vos
1550 2427 313 93 facultés.

1757 2648 545 76 NOCTURNE

1157 2858 433 95 Pygmalion
1656 2853 217 68 danse
1932 2850 68 64 la
2063 2835 411 74 mattchiche

1165 2967 276 68 Tenant
1490 2955 241 71 Phébé
1776 2970 138 70 par
1966 2950 68 64 la
2086 2941 226 68 main.

1157 3068 323 87 Puisque
1522 3057 293 88 Jupiter
1856 3051 146 68 s'en
2051 3046 171 88 fiche

1160 3172 208 67 Nous
1421 3168 93 65 les
1566 3156 390 70 marierons
2008 3145 282 71 demain

1172 3314 203 74 Voici
1439 3314 68 66 la
1568 3305 161 70 nuit
1788 3300 121 90 qui
1973 3297 345 71 s'avance,

1160 3421 337 86 Neptune
1556 3412 95 65 est
1707 3404 168 69 sorti
1936 3400 77 66 de
2073 3397 183 68 Veau

1167 3524 98 66 Le
1314 3515 278 70 menuet
1636 3509 122 89 qui
1810 3515 385 56 commence

1174 3626 88 67 Se
1334 3620 217 66 danse
1621 3631 123 49 sur
1815 3610 94 65 les
1983 3600 327 68 tréteaux.

1172 3771 64 68 A
1307 3771 68 66 la
1439 3761 290 71 lumière
1793 3747 361 87 électrique

1174 3874 133 68 Les
1367 3868 210 67 dieux
1631 3858 279 71 sont-ils
1968 3852 113 65 des
2137 3864 163 49 ours
2361 3842 237 66 blancs
2642 3835 34 67 ?

1179 3976 108 66 La
1351 3974 165 65 lune
1570 3966 96 64 est
1734 3959 158 68 bien
1959 3956 148 83 trop
2174 3947 248 85 étique,

1177 4071 393 90 Bougeoirs
1636 4083 125 49 sur
1824 4062 96 65 les
1981 4051 209 93 petits
2259 4047 234 66 bancs.

1185 4223 229 88 Qu'on
1470 4213 274 71 cherche
1797 4208 178 66 dans
2024 4200 562 83 Montparnasse

1179 4328 144 66 Des
1395 4315 458 74 instruments
1915 4299 386 73 musiciens

1182 4430 269 66 Prenez
1526 4437 135 50 une
1736 4410 345 71 calebasse

1184 4531 96 66 Et
1324 4530 71 67 la
1445 4521 194 71 corde
1687 4518 171 68 d'un
1909 4509 155 70 chat
2107 4501 262 71 marin.
