<?xml version="1.0" encoding="UTF-8"?>
<alto xmlns:xsi="http://www.w3.org/2001/XMLSchema-instance" xmlns="http://www.loc.gov/standards/alto/ns-v2#" xsi:schemaLocation="http://www.loc.gov/standards/alto/ns-v2# http://www.loc.gov/standards/alto/alto-v2.0.xsd" xmlns:xlink="http://www.w3.org/1999/xlink">
	<Description>
		<MeasurementUnit>mm10</MeasurementUnit>
		<sourceImageInformation>
			<fileName>//fileserver7/IN2/Princeton/Batch2/bmtnaab/1921/05_01/00000072.tif</fileName>
		</sourceImageInformation>
		<OCRProcessing ID="OCRPROCESSING_1">
			<preProcessingStep>
				<processingSoftware>
					<softwareCreator>CCS Content Conversion Specialists GmbH, Germany</softwareCreator>
					<softwareName>CCS docWORKS</softwareName>
					<softwareVersion>6.6-0.29</softwareVersion>
				</processingSoftware>
			</preProcessingStep>
			<ocrProcessingStep>
				<processingSoftware>
					<softwareCreator>ABBYY (BIT Software), Russia</softwareCreator>
					<softwareName>FineReader</softwareName>
					<softwareVersion>10.0</softwareVersion>
				</processingSoftware>
			</ocrProcessingStep>
		</OCRProcessing>
	</Description>
	<Styles>
		<TextStyle ID="TXT_0" FONTSIZE="10" FONTFAMILY="Times New Roman"/>
		<ParagraphStyle ID="PAR_LEFT" ALIGN="Left"/>
		<ParagraphStyle ID="PAR_RIGHT" ALIGN="Right"/>
		<ParagraphStyle ID="PAR_BLOCK" ALIGN="Block"/>
	</Styles>
	<Layout>
		<Page ID="P69" PHYSICAL_IMG_NR="69" HEIGHT="5501" WIDTH="4239" PC="0.940">
			<TopMargin ID="P69_TM00001" HPOS="0" VPOS="0" WIDTH="4239" HEIGHT="4"/>
			<LeftMargin ID="P69_LM00001" HPOS="0" VPOS="4" WIDTH="5" HEIGHT="5491"/>
			<RightMargin ID="P69_RM00001" HPOS="4232" VPOS="4" WIDTH="7" HEIGHT="5491"/>
			<BottomMargin ID="P69_BM00001" HPOS="0" VPOS="5495" WIDTH="4239" HEIGHT="6"/>
			<PrintSpace ID="P69_PS00001" HPOS="5" VPOS="4" WIDTH="4227" HEIGHT="5491">
				<TextBlock ID="P69_TB00001" HPOS="562" VPOS="198" WIDTH="1636" HEIGHT="4922" STYLEREFS="TXT_0 PAR_LEFT">
					<TextLine ID="P69_TL00001" HPOS="1230" VPOS="198" WIDTH="951" HEIGHT="73">
						<String ID="P69_ST00001" HPOS="1230" VPOS="203" WIDTH="240" HEIGHT="59" CONTENT="Fêtes." WC="0.98" CC="074600"/>
						<SP ID="P69_SP00001" HPOS="1470" VPOS="262" WIDTH="53"/>
						<String ID="P69_ST00002" HPOS="1523" VPOS="199" WIDTH="94" HEIGHT="58" CONTENT="La" WC="0.87" CC="02"/>
						<SP ID="P69_SP00002" HPOS="1617" VPOS="262" WIDTH="50"/>
						<String ID="P69_ST00003" HPOS="1667" VPOS="199" WIDTH="164" HEIGHT="58" CONTENT="valse" WC="0.99" CC="00006"/>
						<SP ID="P69_SP00003" HPOS="1831" VPOS="262" WIDTH="49"/>
						<String ID="P69_ST00004" HPOS="1880" VPOS="201" WIDTH="86" HEIGHT="56" CONTENT="est" WC="0.96" CC="405"/>
						<SP ID="P69_SP00004" HPOS="1966" VPOS="262" WIDTH="43"/>
						<String ID="P69_ST00005" HPOS="2009" VPOS="198" WIDTH="172" HEIGHT="73" CONTENT="jolie," WC="0.98" CC="830183"/>
					</TextLine>
					<TextLine ID="P69_TL00002" HPOS="732" VPOS="281" WIDTH="1451" HEIGHT="88">
						<String ID="P69_ST00006" HPOS="732" VPOS="291" WIDTH="117" HEIGHT="62" CONTENT="Les" WC="0.98" CC="500"/>
						<SP ID="P69_SP00005" HPOS="849" VPOS="353" WIDTH="49"/>
						<String ID="P69_ST00007" HPOS="898" VPOS="289" WIDTH="200" HEIGHT="80" CONTENT="grand" WC="0.98" CC="42450"/>
						<SP ID="P69_SP00006" HPOS="1098" VPOS="369" WIDTH="42"/>
						<String ID="P69_ST00008" HPOS="1140" VPOS="289" WIDTH="174" HEIGHT="59" CONTENT="élans" WC="0.98" CC="50720"/>
						<SP ID="P69_SP00007" HPOS="1314" VPOS="369" WIDTH="46"/>
						<String ID="P69_ST00009" HPOS="1360" VPOS="287" WIDTH="85" HEIGHT="58" CONTENT="du" WC="0.81" CC="03"/>
						<SP ID="P69_SP00008" HPOS="1445" VPOS="369" WIDTH="45"/>
						<String ID="P69_ST00010" HPOS="1490" VPOS="301" WIDTH="166" HEIGHT="42" CONTENT="cœur" WC="0.99" CC="0020"/>
						<SP ID="P69_SP00009" HPOS="1656" VPOS="369" WIDTH="46"/>
						<String ID="P69_ST00011" HPOS="1702" VPOS="286" WIDTH="51" HEIGHT="56" CONTENT="le" WC="1.00" CC="00"/>
						<SP ID="P69_SP00010" HPOS="1753" VPOS="369" WIDTH="44"/>
						<String ID="P69_ST00012" HPOS="1797" VPOS="286" WIDTH="142" HEIGHT="54" CONTENT="sont" WC="0.98" CC="0504"/>
						<SP ID="P69_SP00011" HPOS="1939" VPOS="369" WIDTH="44"/>
						<String ID="P69_ST00013" HPOS="1983" VPOS="281" WIDTH="200" HEIGHT="59" CONTENT="aussi." WC="1.00" CC="000005"/>
					</TextLine>
					<TextLine ID="P69_TL00003" HPOS="1993" VPOS="365" WIDTH="190" HEIGHT="68">
						<String ID="P69_ST00014" HPOS="1993" VPOS="365" WIDTH="190" HEIGHT="68" CONTENT="Rues," WC="0.99" CC="08100"/>
					</TextLine>
					<TextLine ID="P69_TL00004" HPOS="1121" VPOS="450" WIDTH="1062" HEIGHT="73">
						<String ID="P69_ST00015" HPOS="1121" VPOS="457" WIDTH="136" HEIGHT="57" CONTENT="Une" WC="0.99" CC="003"/>
						<SP ID="P69_SP00012" HPOS="1257" VPOS="514" WIDTH="44"/>
						<String ID="P69_ST00016" HPOS="1301" VPOS="469" WIDTH="147" HEIGHT="42" CONTENT="roue" WC="0.96" CC="2357"/>
						<SP ID="P69_SP00013" HPOS="1448" VPOS="514" WIDTH="48"/>
						<String ID="P69_ST00017" HPOS="1496" VPOS="452" WIDTH="226" HEIGHT="57" CONTENT="valsait" WC="0.99" CC="0060504"/>
						<SP ID="P69_SP00014" HPOS="1722" VPOS="514" WIDTH="45"/>
						<String ID="P69_ST00018" HPOS="1767" VPOS="450" WIDTH="416" HEIGHT="73" CONTENT="éperdûment." WC="0.78" CC="00210500760"/>
					</TextLine>
					<TextLine ID="P69_TL00005" HPOS="562" VPOS="536" WIDTH="1623" HEIGHT="77">
						<String ID="P69_ST00019" HPOS="562" VPOS="547" WIDTH="126" HEIGHT="57" CONTENT="Des" WC="0.95" CC="580"/>
						<SP ID="P69_SP00015" HPOS="688" VPOS="604" WIDTH="35"/>
						<String ID="P69_ST00020" HPOS="723" VPOS="560" WIDTH="200" HEIGHT="53" CONTENT="roues," WC="0.99" CC="035002"/>
						<SP ID="P69_SP00016" HPOS="923" VPOS="613" WIDTH="43"/>
						<String ID="P69_ST00021" HPOS="966" VPOS="543" WIDTH="101" HEIGHT="58" CONTENT="des" WC="1.00" CC="000"/>
						<SP ID="P69_SP00017" HPOS="1067" VPOS="613" WIDTH="37"/>
						<String ID="P69_ST00022" HPOS="1104" VPOS="541" WIDTH="193" HEIGHT="66" CONTENT="robes," WC="0.99" CC="050003"/>
						<SP ID="P69_SP00018" HPOS="1297" VPOS="613" WIDTH="43"/>
						<String ID="P69_ST00023" HPOS="1340" VPOS="540" WIDTH="101" HEIGHT="54" CONTENT="des" WC="1.00" CC="000"/>
						<SP ID="P69_SP00019" HPOS="1441" VPOS="613" WIDTH="39"/>
						<String ID="P69_ST00024" HPOS="1480" VPOS="538" WIDTH="339" HEIGHT="71" CONTENT="chapeaux," WC="1.00" CC="000014000"/>
						<SP ID="P69_SP00020" HPOS="1819" VPOS="613" WIDTH="41"/>
						<String ID="P69_ST00025" HPOS="1860" VPOS="536" WIDTH="101" HEIGHT="55" CONTENT="des" WC="0.97" CC="080"/>
						<SP ID="P69_SP00021" HPOS="1961" VPOS="613" WIDTH="37"/>
						<String ID="P69_ST00026" HPOS="1998" VPOS="548" WIDTH="187" HEIGHT="41" CONTENT="roses." WC="0.99" CC="600500"/>
					</TextLine>
					<TextLine ID="P69_TL00006" HPOS="562" VPOS="616" WIDTH="277" HEIGHT="68">
						<String ID="P69_ST00027" HPOS="562" VPOS="616" WIDTH="277" HEIGHT="68" CONTENT="Arrosée," WC="0.99" CC="51400043"/>
					</TextLine>
					<TextLine ID="P69_TL00007" HPOS="568" VPOS="701" WIDTH="1617" HEIGHT="83">
						<String ID="P69_ST00028" HPOS="568" VPOS="714" WIDTH="93" HEIGHT="54" CONTENT="La" WC="1.00" CC="00"/>
						<SP ID="P69_SP00022" HPOS="661" VPOS="768" WIDTH="39"/>
						<String ID="P69_ST00029" HPOS="700" VPOS="712" WIDTH="211" HEIGHT="72" CONTENT="plante" WC="1.00" CC="000110"/>
						<SP ID="P69_SP00023" HPOS="911" VPOS="784" WIDTH="38"/>
						<String ID="P69_ST00030" HPOS="949" VPOS="724" WIDTH="135" HEIGHT="41" CONTENT="sera" WC="0.98" CC="7030"/>
						<SP ID="P69_SP00024" HPOS="1084" VPOS="784" WIDTH="39"/>
						<String ID="P69_ST00031" HPOS="1123" VPOS="709" WIDTH="164" HEIGHT="70" CONTENT="prêle" WC="0.98" CC="03346"/>
						<SP ID="P69_SP00025" HPOS="1287" VPOS="784" WIDTH="38"/>
						<String ID="P69_ST00032" HPOS="1325" VPOS="721" WIDTH="162" HEIGHT="56" CONTENT="pour" WC="0.99" CC="0003"/>
						<SP ID="P69_SP00026" HPOS="1487" VPOS="784" WIDTH="39"/>
						<String ID="P69_ST00033" HPOS="1526" VPOS="704" WIDTH="59" HEIGHT="56" CONTENT="la" WC="0.74" CC="05"/>
						<SP ID="P69_SP00027" HPOS="1585" VPOS="784" WIDTH="38"/>
						<String ID="P69_ST00034" HPOS="1623" VPOS="704" WIDTH="113" HEIGHT="69" CONTENT="fête" WC="0.95" CC="7279"/>
						<SP ID="P69_SP00028" HPOS="1736" VPOS="784" WIDTH="41"/>
						<String ID="P69_ST00035" HPOS="1777" VPOS="702" WIDTH="35" HEIGHT="56" CONTENT="à" WC="0.81" CC="1"/>
						<SP ID="P69_SP00029" HPOS="1812" VPOS="784" WIDTH="41"/>
						<String ID="P69_ST00036" HPOS="1853" VPOS="701" WIDTH="332" HEIGHT="56" CONTENT="souhaiter." WC="0.99" CC="0503003740"/>
					</TextLine>
					<TextLine ID="P69_TL00008" HPOS="652" VPOS="784" WIDTH="1536" HEIGHT="74">
						<String ID="P69_ST00037" HPOS="652" VPOS="795" WIDTH="180" HEIGHT="56" CONTENT="Lisez" WC="1.00" CC="01000"/>
						<SP ID="P69_SP00030" HPOS="832" VPOS="851" WIDTH="40"/>
						<String ID="P69_ST00038" HPOS="872" VPOS="809" WIDTH="68" HEIGHT="41" CONTENT="ce" WC="1.00" CC="00"/>
						<SP ID="P69_SP00031" HPOS="940" VPOS="851" WIDTH="37"/>
						<String ID="P69_ST00039" HPOS="977" VPOS="794" WIDTH="161" HEIGHT="54" CONTENT="livre" WC="0.99" CC="00640"/>
						<SP ID="P69_SP00032" HPOS="1138" VPOS="851" WIDTH="39"/>
						<String ID="P69_ST00040" HPOS="1177" VPOS="794" WIDTH="65" HEIGHT="52" CONTENT="et" WC="0.82" CC="03"/>
						<SP ID="P69_SP00033" HPOS="1242" VPOS="851" WIDTH="39"/>
						<String ID="P69_ST00041" HPOS="1281" VPOS="792" WIDTH="186" HEIGHT="56" CONTENT="votre" WC="0.97" CC="66370"/>
						<SP ID="P69_SP00034" HPOS="1467" VPOS="851" WIDTH="40"/>
						<String ID="P69_ST00042" HPOS="1507" VPOS="801" WIDTH="175" HEIGHT="40" CONTENT="cœur" WC="0.98" CC="0016"/>
						<SP ID="P69_SP00035" HPOS="1682" VPOS="851" WIDTH="37"/>
						<String ID="P69_ST00043" HPOS="1719" VPOS="801" WIDTH="141" HEIGHT="42" CONTENT="sera" WC="0.99" CC="0030"/>
						<SP ID="P69_SP00036" HPOS="1860" VPOS="851" WIDTH="39"/>
						<String ID="P69_ST00044" HPOS="1899" VPOS="784" WIDTH="171" HEIGHT="74" CONTENT="plein" WC="0.99" CC="02006"/>
						<SP ID="P69_SP00037" HPOS="2070" VPOS="858" WIDTH="42"/>
						<String ID="P69_ST00045" HPOS="2112" VPOS="784" WIDTH="76" HEIGHT="54" CONTENT="de" WC="0.73" CC="50"/>
					</TextLine>
					<TextLine ID="P69_TL00009" HPOS="569" VPOS="878" WIDTH="507" HEIGHT="70">
						<String ID="P69_ST00046" HPOS="569" VPOS="878" WIDTH="197" HEIGHT="58" CONTENT="belles" WC="0.99" CC="700300"/>
						<SP ID="P69_SP00038" HPOS="766" VPOS="936" WIDTH="45"/>
						<String ID="P69_ST00047" HPOS="811" VPOS="878" WIDTH="265" HEIGHT="70" CONTENT="images." WC="0.99" CC="2330640"/>
					</TextLine>
					<TextLine ID="P69_TL00010" HPOS="652" VPOS="968" WIDTH="1540" HEIGHT="75">
						<String ID="P69_ST00048" HPOS="652" VPOS="980" WIDTH="117" HEIGHT="56" CONTENT="Les" WC="0.98" CC="006"/>
						<SP ID="P69_SP00039" HPOS="769" VPOS="1036" WIDTH="41"/>
						<String ID="P69_ST00049" HPOS="810" VPOS="978" WIDTH="266" HEIGHT="55" CONTENT="éditions" WC="0.98" CC="60350879"/>
						<SP ID="P69_SP00040" HPOS="1076" VPOS="1036" WIDTH="39"/>
						<String ID="P69_ST00050" HPOS="1115" VPOS="977" WIDTH="83" HEIGHT="54" CONTENT="du" WC="1.00" CC="00"/>
						<SP ID="P69_SP00041" HPOS="1198" VPOS="1036" WIDTH="45"/>
						<String ID="P69_ST00051" HPOS="1243" VPOS="973" WIDTH="339" HEIGHT="70" CONTENT="Sagittaire" WC="0.99" CC="5050770120"/>
						<SP ID="P69_SP00042" HPOS="1582" VPOS="1043" WIDTH="42"/>
						<String ID="P69_ST00052" HPOS="1624" VPOS="987" WIDTH="14" HEIGHT="40" CONTENT=":" WC="1.00" CC="0"/>
						<SP ID="P69_SP00043" HPOS="1638" VPOS="1043" WIDTH="46"/>
						<String ID="P69_ST00053" HPOS="1684" VPOS="970" WIDTH="116" HEIGHT="56" CONTENT="Les" WC="0.98" CC="005"/>
						<SP ID="P69_SP00044" HPOS="1800" VPOS="1043" WIDTH="43"/>
						<String ID="P69_ST00054" HPOS="1843" VPOS="970" WIDTH="169" HEIGHT="56" CONTENT="deux" WC="0.99" CC="2030"/>
						<SP ID="P69_SP00045" HPOS="2012" VPOS="1043" WIDTH="42"/>
						<String ID="P69_ST00055" HPOS="2054" VPOS="968" WIDTH="104" HEIGHT="56" CONTENT="der" SUBS_TYPE="HypPart1" SUBS_CONTENT="derniers" WC="0.98" CC="071"/>
						<HYP HPOS="2158" VPOS="968" WIDTH="34" CONTENT="-"/>
					</TextLine>
					<TextLine ID="P69_TL00011" HPOS="568" VPOS="1051" WIDTH="1622" HEIGHT="80">
						<String ID="P69_ST00056" HPOS="568" VPOS="1065" WIDTH="167" HEIGHT="56" CONTENT="niers" SUBS_TYPE="HypPart2" SUBS_CONTENT="derniers" WC="0.98" CC="34500"/>
						<SP ID="P69_SP00046" HPOS="735" VPOS="1121" WIDTH="43"/>
						<String ID="P69_ST00057" HPOS="778" VPOS="1063" WIDTH="289" HEIGHT="56" CONTENT="volumes" WC="1.00" CC="0030040"/>
						<SP ID="P69_SP00047" HPOS="1067" VPOS="1121" WIDTH="39"/>
						<String ID="P69_ST00058" HPOS="1106" VPOS="1075" WIDTH="193" HEIGHT="56" CONTENT="parus" WC="0.98" CC="60500"/>
						<SP ID="P69_SP00048" HPOS="1299" VPOS="1131" WIDTH="53"/>
						<String ID="P69_ST00059" HPOS="1352" VPOS="1058" WIDTH="201" HEIGHT="56" CONTENT="Gestes" WC="1.00" CC="000400"/>
						<SP ID="P69_SP00049" HPOS="1553" VPOS="1131" WIDTH="39"/>
						<String ID="P69_ST00060" HPOS="1592" VPOS="1058" WIDTH="54" HEIGHT="54" CONTENT="et" WC="0.65" CC="60"/>
						<SP ID="P69_SP00050" HPOS="1646" VPOS="1131" WIDTH="36"/>
						<String ID="P69_ST00061" HPOS="1682" VPOS="1051" WIDTH="508" HEIGHT="73" CONTENT="Paralipomènes" WC="0.95" CC="3000000000200"/>
					</TextLine>
					<TextLine ID="P69_TL00012" HPOS="571" VPOS="1138" WIDTH="1621" HEIGHT="77">
						<String ID="P69_ST00062" HPOS="571" VPOS="1146" WIDTH="244" HEIGHT="66" CONTENT="d'Ubu," WC="0.93" CC="000400"/>
						<SP ID="P69_SP00051" HPOS="815" VPOS="1212" WIDTH="51"/>
						<String ID="P69_ST00063" HPOS="866" VPOS="1160" WIDTH="118" HEIGHT="55" CONTENT="par" WC="0.96" CC="090"/>
						<SP ID="P69_SP00052" HPOS="984" VPOS="1215" WIDTH="48"/>
						<String ID="P69_ST00064" HPOS="1032" VPOS="1144" WIDTH="279" HEIGHT="53" CONTENT="Alfred" WC="0.98" CC="067704"/>
						<SP ID="P69_SP00053" HPOS="1311" VPOS="1215" WIDTH="54"/>
						<String ID="P69_ST00065" HPOS="1365" VPOS="1141" WIDTH="230" HEIGHT="54" CONTENT="Jarry" WC="0.51" CC="47425"/>
						<SP ID="P69_SP00054" HPOS="1595" VPOS="1215" WIDTH="50"/>
						<String ID="P69_ST00066" HPOS="1645" VPOS="1143" WIDTH="66" HEIGHT="50" CONTENT="et" WC="1.00" CC="00"/>
						<SP ID="P69_SP00055" HPOS="1711" VPOS="1215" WIDTH="49"/>
						<String ID="P69_ST00067" HPOS="1760" VPOS="1138" WIDTH="93" HEIGHT="54" CONTENT="La" WC="0.98" CC="00"/>
						<SP ID="P69_SP00056" HPOS="1853" VPOS="1215" WIDTH="49"/>
						<String ID="P69_ST00068" HPOS="1902" VPOS="1138" WIDTH="290" HEIGHT="54" CONTENT="Patience" WC="0.98" CC="00408749"/>
					</TextLine>
					<TextLine ID="P69_TL00013" HPOS="571" VPOS="1222" WIDTH="1622" HEIGHT="75">
						<String ID="P69_ST00069" HPOS="571" VPOS="1229" WIDTH="71" HEIGHT="54" CONTENT="de" WC="0.62" CC="07"/>
						<SP ID="P69_SP00057" HPOS="642" VPOS="1283" WIDTH="53"/>
						<String ID="P69_ST00070" HPOS="695" VPOS="1227" WIDTH="332" HEIGHT="58" CONTENT="Griseledis" WC="0.89" CC="0150000020"/>
						<SP ID="P69_SP00058" HPOS="1027" VPOS="1285" WIDTH="42"/>
						<String ID="P69_ST00071" HPOS="1069" VPOS="1241" WIDTH="117" HEIGHT="56" CONTENT="par" WC="0.96" CC="073"/>
						<SP ID="P69_SP00059" HPOS="1186" VPOS="1297" WIDTH="42"/>
						<String ID="P69_ST00072" HPOS="1228" VPOS="1226" WIDTH="210" HEIGHT="54" CONTENT="Rémy" WC="0.84" CC="0302"/>
						<SP ID="P69_SP00060" HPOS="1438" VPOS="1297" WIDTH="42"/>
						<String ID="P69_ST00073" HPOS="1480" VPOS="1239" WIDTH="92" HEIGHT="39" CONTENT="de" WC="0.45" CC="55"/>
						<SP ID="P69_SP00061" HPOS="1572" VPOS="1297" WIDTH="44"/>
						<String ID="P69_ST00074" HPOS="1616" VPOS="1222" WIDTH="386" HEIGHT="56" CONTENT="Gourmont" WC="0.91" CC="00070000"/>
						<SP ID="P69_SP00062" HPOS="2002" VPOS="1297" WIDTH="42"/>
						<String ID="P69_ST00075" HPOS="2044" VPOS="1222" WIDTH="149" HEIGHT="51" CONTENT="sont" WC="0.99" CC="0060"/>
					</TextLine>
					<TextLine ID="P69_TL00014" HPOS="571" VPOS="1305" WIDTH="1617" HEIGHT="75">
						<String ID="P69_ST00076" HPOS="571" VPOS="1312" WIDTH="110" HEIGHT="54" CONTENT="des" WC="1.00" CC="000"/>
						<SP ID="P69_SP00063" HPOS="681" VPOS="1366" WIDTH="32"/>
						<String ID="P69_ST00077" HPOS="713" VPOS="1310" WIDTH="202" HEIGHT="70" CONTENT="petits" WC="1.00" CC="000000"/>
						<SP ID="P69_SP00064" HPOS="915" VPOS="1380" WIDTH="34"/>
						<String ID="P69_ST00078" HPOS="949" VPOS="1307" WIDTH="497" HEIGHT="56" CONTENT="chefs-d'œuvre" WC="1.00" CC="0457020201000"/>
						<SP ID="P69_SP00065" HPOS="1446" VPOS="1380" WIDTH="33"/>
						<String ID="P69_ST00079" HPOS="1479" VPOS="1307" WIDTH="78" HEIGHT="52" CONTENT="de" WC="1.00" CC="00"/>
						<SP ID="P69_SP00066" HPOS="1557" VPOS="1380" WIDTH="30"/>
						<String ID="P69_ST00080" HPOS="1587" VPOS="1305" WIDTH="154" HEIGHT="71" CONTENT="goût" WC="1.00" CC="0000"/>
						<SP ID="P69_SP00067" HPOS="1741" VPOS="1380" WIDTH="32"/>
						<String ID="P69_ST00081" HPOS="1773" VPOS="1309" WIDTH="65" HEIGHT="50" CONTENT="et" WC="0.95" CC="00"/>
						<SP ID="P69_SP00068" HPOS="1838" VPOS="1380" WIDTH="32"/>
						<String ID="P69_ST00082" HPOS="1870" VPOS="1305" WIDTH="76" HEIGHT="54" CONTENT="de" WC="1.00" CC="00"/>
						<SP ID="P69_SP00069" HPOS="1946" VPOS="1380" WIDTH="29"/>
						<String ID="P69_ST00083" HPOS="1975" VPOS="1307" WIDTH="213" HEIGHT="51" CONTENT="tenue." WC="0.99" CC="307300"/>
					</TextLine>
					<TextLine ID="P69_TL00015" HPOS="574" VPOS="1386" WIDTH="1618" HEIGHT="72">
						<String ID="P69_ST00084" HPOS="574" VPOS="1395" WIDTH="127" HEIGHT="54" CONTENT="Des" WC="0.99" CC="300"/>
						<SP ID="P69_SP00070" HPOS="701" VPOS="1449" WIDTH="39"/>
						<String ID="P69_ST00085" HPOS="740" VPOS="1408" WIDTH="166" HEIGHT="39" CONTENT="eaux" WC="0.99" CC="0500"/>
						<SP ID="P69_SP00071" HPOS="906" VPOS="1449" WIDTH="49"/>
						<String ID="P69_ST00086" HPOS="955" VPOS="1393" WIDTH="224" HEIGHT="65" CONTENT="fortes," WC="0.98" CC="6360006"/>
						<SP ID="P69_SP00072" HPOS="1179" VPOS="1458" WIDTH="54"/>
						<String ID="P69_ST00087" HPOS="1233" VPOS="1390" WIDTH="180" HEIGHT="56" CONTENT="Übus" WC="0.76" CC="0720"/>
						<SP ID="P69_SP00073" HPOS="1413" VPOS="1458" WIDTH="76"/>
						<String ID="P69_ST00088" HPOS="1489" VPOS="1392" WIDTH="288" HEIGHT="62" CONTENT="ventrus," WC="0.99" CC="00505604"/>
						<SP ID="P69_SP00074" HPOS="1777" VPOS="1458" WIDTH="74"/>
						<String ID="P69_ST00089" HPOS="1851" VPOS="1386" WIDTH="341" HEIGHT="70" CONTENT="Arlequins" WC="0.99" CC="070024035"/>
					</TextLine>
					<TextLine ID="P69_TL00016" HPOS="571" VPOS="1471" WIDTH="1622" HEIGHT="76">
						<String ID="P69_ST00090" HPOS="571" VPOS="1478" WIDTH="296" HEIGHT="69" CONTENT="maigres," WC="1.00" CC="02005000"/>
						<SP ID="P69_SP00075" HPOS="867" VPOS="1547" WIDTH="61"/>
						<String ID="P69_ST00091" HPOS="928" VPOS="1476" WIDTH="268" HEIGHT="54" CONTENT="femmes" WC="1.00" CC="600000"/>
						<SP ID="P69_SP00076" HPOS="1196" VPOS="1547" WIDTH="76"/>
						<String ID="P69_ST00092" HPOS="1272" VPOS="1471" WIDTH="362" HEIGHT="58" CONTENT="échevelées" WC="0.72" CC="6061602040"/>
						<SP ID="P69_SP00077" HPOS="1634" VPOS="1547" WIDTH="55"/>
						<String ID="P69_ST00093" HPOS="1689" VPOS="1473" WIDTH="274" HEIGHT="54" CONTENT="dansent" WC="0.98" CC="0980004"/>
						<SP ID="P69_SP00078" HPOS="1963" VPOS="1547" WIDTH="71"/>
						<String ID="P69_ST00094" HPOS="2034" VPOS="1471" WIDTH="159" HEIGHT="53" CONTENT="dans" WC="0.97" CC="0065"/>
					</TextLine>
					<TextLine ID="P69_TL00017" HPOS="569" VPOS="1552" WIDTH="1626" HEIGHT="78">
						<String ID="P69_ST00095" HPOS="569" VPOS="1561" WIDTH="90" HEIGHT="54" CONTENT="les" WC="1.00" CC="000"/>
						<SP ID="P69_SP00079" HPOS="659" VPOS="1615" WIDTH="39"/>
						<String ID="P69_ST00096" HPOS="698" VPOS="1573" WIDTH="269" HEIGHT="57" CONTENT="marges." WC="0.99" CC="0105011"/>
						<SP ID="P69_SP00080" HPOS="967" VPOS="1630" WIDTH="46"/>
						<String ID="P69_ST00097" HPOS="1013" VPOS="1559" WIDTH="81" HEIGHT="54" CONTENT="Ils" WC="0.98" CC="400"/>
						<SP ID="P69_SP00081" HPOS="1094" VPOS="1630" WIDTH="38"/>
						<String ID="P69_ST00098" HPOS="1132" VPOS="1559" WIDTH="149" HEIGHT="53" CONTENT="sont" WC="0.99" CC="0060"/>
						<SP ID="P69_SP00082" HPOS="1281" VPOS="1630" WIDTH="52"/>
						<String ID="P69_ST00099" HPOS="1333" VPOS="1554" WIDTH="195" HEIGHT="58" CONTENT="doués" WC="0.99" CC="00340"/>
						<SP ID="P69_SP00083" HPOS="1528" VPOS="1630" WIDTH="35"/>
						<String ID="P69_ST00100" HPOS="1563" VPOS="1569" WIDTH="117" HEIGHT="56" CONTENT="par" WC="0.98" CC="004"/>
						<SP ID="P69_SP00084" HPOS="1680" VPOS="1630" WIDTH="17"/>
						<String ID="P69_ST00101" HPOS="1697" VPOS="1556" WIDTH="274" HEIGHT="54" CONTENT="l'artiste" WC="0.99" CC="644060003"/>
						<SP ID="P69_SP00085" HPOS="1971" VPOS="1630" WIDTH="31"/>
						<String ID="P69_ST00102" HPOS="2002" VPOS="1552" WIDTH="193" HEIGHT="55" CONTENT="d'une" WC="0.98" CC="04570"/>
					</TextLine>
					<TextLine ID="P69_TL00018" HPOS="571" VPOS="1635" WIDTH="1626" HEIGHT="75">
						<String ID="P69_ST00103" HPOS="571" VPOS="1642" WIDTH="103" HEIGHT="54" CONTENT="vie" WC="0.99" CC="300"/>
						<SP ID="P69_SP00086" HPOS="674" VPOS="1696" WIDTH="70"/>
						<String ID="P69_ST00104" HPOS="744" VPOS="1640" WIDTH="347" HEIGHT="70" CONTENT="fantasque" WC="0.99" CC="503000125"/>
						<SP ID="P69_SP00087" HPOS="1091" VPOS="1710" WIDTH="69"/>
						<String ID="P69_ST00105" HPOS="1160" VPOS="1642" WIDTH="65" HEIGHT="53" CONTENT="et" WC="1.00" CC="00"/>
						<SP ID="P69_SP00088" HPOS="1225" VPOS="1710" WIDTH="59"/>
						<String ID="P69_ST00106" HPOS="1284" VPOS="1637" WIDTH="354" HEIGHT="56" CONTENT="délicieuse." WC="1.00" CC="03000225010"/>
						<SP ID="P69_SP00089" HPOS="1638" VPOS="1710" WIDTH="71"/>
						<String ID="P69_ST00107" HPOS="1709" VPOS="1635" WIDTH="337" HEIGHT="56" CONTENT="Griseledis" WC="0.89" CC="0202000050"/>
						<SP ID="P69_SP00090" HPOS="2046" VPOS="1710" WIDTH="52"/>
						<String ID="P69_ST00108" HPOS="2098" VPOS="1637" WIDTH="99" HEIGHT="53" CONTENT="est" WC="1.00" CC="000"/>
					</TextLine>
					<TextLine ID="P69_TL00019" HPOS="571" VPOS="1720" WIDTH="1624" HEIGHT="75">
						<String ID="P69_ST00109" HPOS="571" VPOS="1722" WIDTH="249" HEIGHT="57" CONTENT="illustré" WC="0.99" CC="81300019"/>
						<SP ID="P69_SP00091" HPOS="820" VPOS="1779" WIDTH="35"/>
						<String ID="P69_ST00110" HPOS="855" VPOS="1739" WIDTH="117" HEIGHT="56" CONTENT="par" WC="0.98" CC="031"/>
						<SP ID="P69_SP00092" HPOS="972" VPOS="1795" WIDTH="34"/>
						<String ID="P69_ST00111" HPOS="1006" VPOS="1723" WIDTH="56" HEIGHT="56" CONTENT="le" WC="0.94" CC="10"/>
						<SP ID="P69_SP00093" HPOS="1062" VPOS="1795" WIDTH="37"/>
						<String ID="P69_ST00112" HPOS="1099" VPOS="1722" WIDTH="68" HEIGHT="56" CONTENT="P." WC="0.99" CC="00"/>
						<SP ID="P69_SP00094" HPOS="1167" VPOS="1795" WIDTH="41"/>
						<String ID="P69_ST00113" HPOS="1208" VPOS="1722" WIDTH="74" HEIGHT="54" CONTENT="A." WC="0.92" CC="01"/>
						<SP ID="P69_SP00095" HPOS="1282" VPOS="1795" WIDTH="41"/>
						<String ID="P69_ST00114" HPOS="1323" VPOS="1722" WIDTH="208" HEIGHT="54" CONTENT="Moras" WC="1.00" CC="00000"/>
						<SP ID="P69_SP00096" HPOS="1531" VPOS="1795" WIDTH="44"/>
						<String ID="P69_ST00115" HPOS="1575" VPOS="1720" WIDTH="78" HEIGHT="56" CONTENT="de" WC="1.00" CC="00"/>
						<SP ID="P69_SP00097" HPOS="1653" VPOS="1795" WIDTH="46"/>
						<String ID="P69_ST00116" HPOS="1699" VPOS="1720" WIDTH="135" HEIGHT="54" CONTENT="bois" WC="0.97" CC="6420"/>
						<SP ID="P69_SP00098" HPOS="1834" VPOS="1795" WIDTH="44"/>
						<String ID="P69_ST00117" HPOS="1878" VPOS="1720" WIDTH="215" HEIGHT="54" CONTENT="sobres" WC="1.00" CC="000500"/>
						<SP ID="P69_SP00099" HPOS="2093" VPOS="1795" WIDTH="38"/>
						<String ID="P69_ST00118" HPOS="2131" VPOS="1722" WIDTH="64" HEIGHT="51" CONTENT="et" WC="1.00" CC="00"/>
					</TextLine>
					<TextLine ID="P69_TL00020" HPOS="574" VPOS="1800" WIDTH="1623" HEIGHT="72">
						<String ID="P69_ST00119" HPOS="574" VPOS="1806" WIDTH="290" HEIGHT="55" CONTENT="délicats." WC="1.00" CC="006000001"/>
						<SP ID="P69_SP00100" HPOS="864" VPOS="1861" WIDTH="66"/>
						<String ID="P69_ST00120" HPOS="930" VPOS="1805" WIDTH="103" HEIGHT="56" CONTENT="Un" WC="0.91" CC="01"/>
						<SP ID="P69_SP00101" HPOS="1033" VPOS="1861" WIDTH="87"/>
						<String ID="P69_ST00121" HPOS="1120" VPOS="1803" WIDTH="381" HEIGHT="61" CONTENT="Baudelaire" WC="1.00" CC="0000700050"/>
						<SP ID="P69_SP00102" HPOS="1501" VPOS="1864" WIDTH="83"/>
						<String ID="P69_ST00122" HPOS="1584" VPOS="1806" WIDTH="96" HEIGHT="51" CONTENT="est" WC="1.00" CC="000"/>
						<SP ID="P69_SP00103" HPOS="1680" VPOS="1864" WIDTH="85"/>
						<String ID="P69_ST00123" HPOS="1765" VPOS="1818" WIDTH="162" HEIGHT="54" CONTENT="paru" WC="0.99" CC="0023"/>
						<SP ID="P69_SP00104" HPOS="1927" VPOS="1872" WIDTH="88"/>
						<String ID="P69_ST00124" HPOS="2015" VPOS="1800" WIDTH="146" HEIGHT="57" CONTENT="anté" SUBS_TYPE="HypPart1" SUBS_CONTENT="antérieurement" WC="0.99" CC="0420"/>
						<HYP HPOS="2161" VPOS="1800" WIDTH="36" CONTENT="-"/>
					</TextLine>
					<TextLine ID="P69_TL00021" HPOS="573" VPOS="1883" WIDTH="1625" HEIGHT="72">
						<String ID="P69_ST00125" HPOS="573" VPOS="1889" WIDTH="393" HEIGHT="55" CONTENT="rieurement" SUBS_TYPE="HypPart2" SUBS_CONTENT="antérieurement" WC="0.99" CC="5004200054"/>
						<SP ID="P69_SP00105" HPOS="966" VPOS="1944" WIDTH="89"/>
						<String ID="P69_ST00126" HPOS="1055" VPOS="1903" WIDTH="14" HEIGHT="41" CONTENT=":" WC="0.52" CC="4"/>
						<SP ID="P69_SP00106" HPOS="1069" VPOS="1944" WIDTH="93"/>
						<String ID="P69_ST00127" HPOS="1162" VPOS="1888" WIDTH="325" HEIGHT="54" CONTENT="Causeries" WC="1.00" CC="200000100"/>
						<SP ID="P69_SP00107" HPOS="1487" VPOS="1944" WIDTH="81"/>
						<String ID="P69_ST00128" HPOS="1568" VPOS="1900" WIDTH="232" HEIGHT="55" CONTENT="parues" WC="1.00" CC="000400"/>
						<SP ID="P69_SP00108" HPOS="1800" VPOS="1955" WIDTH="88"/>
						<String ID="P69_ST00129" HPOS="1888" VPOS="1884" WIDTH="160" HEIGHT="54" CONTENT="dans" WC="0.99" CC="0030"/>
						<SP ID="P69_SP00109" HPOS="2048" VPOS="1955" WIDTH="88"/>
						<String ID="P69_ST00130" HPOS="2136" VPOS="1883" WIDTH="62" HEIGHT="55" CONTENT="la" WC="0.64" CC="70"/>
					</TextLine>
					<TextLine ID="P69_TL00022" HPOS="573" VPOS="1969" WIDTH="1624" HEIGHT="71">
						<String ID="P69_ST00131" HPOS="573" VPOS="1971" WIDTH="381" HEIGHT="56" CONTENT="Tintamare" WC="0.72" CC="606040501"/>
						<SP ID="P69_SP00110" HPOS="954" VPOS="2027" WIDTH="47"/>
						<String ID="P69_ST00132" HPOS="1001" VPOS="1969" WIDTH="78" HEIGHT="56" CONTENT="de" WC="0.91" CC="01"/>
						<SP ID="P69_SP00111" HPOS="1079" VPOS="2027" WIDTH="39"/>
						<String ID="P69_ST00133" HPOS="1118" VPOS="1969" WIDTH="179" HEIGHT="56" CONTENT="1846." WC="0.92" CC="30000"/>
						<SP ID="P69_SP00112" HPOS="1297" VPOS="2027" WIDTH="56"/>
						<String ID="P69_ST00134" HPOS="1353" VPOS="1969" WIDTH="85" HEIGHT="54" CONTENT="Le" WC="0.56" CC="80"/>
						<SP ID="P69_SP00113" HPOS="1438" VPOS="2027" WIDTH="69"/>
						<String ID="P69_ST00135" HPOS="1507" VPOS="1969" WIDTH="344" HEIGHT="71" CONTENT="Sagittaire" WC="1.00" CC="0203400000"/>
						<SP ID="P69_SP00114" HPOS="1851" VPOS="2040" WIDTH="66"/>
						<String ID="P69_ST00136" HPOS="1917" VPOS="1971" WIDTH="129" HEIGHT="52" CONTENT="met" WC="1.00" CC="000"/>
						<SP ID="P69_SP00115" HPOS="2046" VPOS="2040" WIDTH="73"/>
						<String ID="P69_ST00137" HPOS="2119" VPOS="1982" WIDTH="78" HEIGHT="41" CONTENT="en" WC="0.68" CC="06"/>
					</TextLine>
					<TextLine ID="P69_TL00023" HPOS="573" VPOS="2050" WIDTH="1624" HEIGHT="73">
						<String ID="P69_ST00138" HPOS="573" VPOS="2059" WIDTH="196" HEIGHT="50" CONTENT="vente" WC="0.98" CC="01810"/>
						<SP ID="P69_SP00116" HPOS="769" VPOS="2109" WIDTH="68"/>
						<String ID="P69_ST00139" HPOS="837" VPOS="2071" WIDTH="98" HEIGHT="38" CONTENT="ces" WC="0.97" CC="107"/>
						<SP ID="P69_SP00117" HPOS="935" VPOS="2109" WIDTH="39"/>
						<String ID="P69_ST00140" HPOS="974" VPOS="2054" WIDTH="268" HEIGHT="69" CONTENT="jours-ci" WC="0.98" CC="95540400"/>
						<SP ID="P69_SP00118" HPOS="1242" VPOS="2123" WIDTH="22"/>
						<String ID="P69_ST00141" HPOS="1264" VPOS="2069" WIDTH="11" HEIGHT="39" CONTENT=":" WC="1.00" CC="0"/>
						<SP ID="P69_SP00119" HPOS="1275" VPOS="2123" WIDTH="26"/>
						<String ID="P69_ST00142" HPOS="1301" VPOS="2052" WIDTH="213" HEIGHT="54" CONTENT="Cœurs" WC="1.00" CC="00010"/>
						<SP ID="P69_SP00120" HPOS="1514" VPOS="2123" WIDTH="48"/>
						<String ID="P69_ST00143" HPOS="1562" VPOS="2052" WIDTH="37" HEIGHT="56" CONTENT="à" WC="1.00" CC="0"/>
						<SP ID="P69_SP00121" HPOS="1599" VPOS="2123" WIDTH="34"/>
						<String ID="P69_ST00144" HPOS="1633" VPOS="2052" WIDTH="281" HEIGHT="71" CONTENT="prendre," WC="1.00" CC="00000300"/>
						<SP ID="P69_SP00122" HPOS="1914" VPOS="2123" WIDTH="24"/>
						<String ID="P69_ST00145" HPOS="1938" VPOS="2050" WIDTH="259" HEIGHT="73" CONTENT="poèmes" WC="0.99" CC="006002"/>
					</TextLine>
					<TextLine ID="P69_TL00024" HPOS="571" VPOS="2133" WIDTH="1627" HEIGHT="75">
						<String ID="P69_ST00146" HPOS="571" VPOS="2152" WIDTH="120" HEIGHT="56" CONTENT="par" WC="1.00" CC="000"/>
						<SP ID="P69_SP00123" HPOS="691" VPOS="2208" WIDTH="37"/>
						<String ID="P69_ST00147" HPOS="728" VPOS="2137" WIDTH="321" HEIGHT="57" CONTENT="Georges" WC="0.99" CC="0000720"/>
						<SP ID="P69_SP00124" HPOS="1049" VPOS="2208" WIDTH="40"/>
						<String ID="P69_ST00148" HPOS="1089" VPOS="2135" WIDTH="307" HEIGHT="68" CONTENT="Gabory," WC="0.91" CC="0000033"/>
						<SP ID="P69_SP00125" HPOS="1396" VPOS="2208" WIDTH="28"/>
						<String ID="P69_ST00149" HPOS="1424" VPOS="2133" WIDTH="278" HEIGHT="56" CONTENT="illustrés" WC="0.99" CC="021303600"/>
						<SP ID="P69_SP00126" HPOS="1702" VPOS="2208" WIDTH="46"/>
						<String ID="P69_ST00150" HPOS="1748" VPOS="2137" WIDTH="76" HEIGHT="54" CONTENT="de" WC="0.65" CC="06"/>
						<SP ID="P69_SP00127" HPOS="1824" VPOS="2208" WIDTH="61"/>
						<String ID="P69_ST00151" HPOS="1885" VPOS="2135" WIDTH="75" HEIGHT="56" CONTENT="16" WC="0.93" CC="01"/>
						<SP ID="P69_SP00128" HPOS="1960" VPOS="2208" WIDTH="44"/>
						<String ID="P69_ST00152" HPOS="2004" VPOS="2150" WIDTH="156" HEIGHT="39" CONTENT="eaux" SUBS_TYPE="HypPart1" SUBS_CONTENT="eauxfortes" WC="0.99" CC="0050"/>
						<HYP HPOS="2160" VPOS="2150" WIDTH="38" CONTENT="-"/>
					</TextLine>
					<TextLine ID="P69_TL00025" HPOS="571" VPOS="2218" WIDTH="1011" HEIGHT="73">
						<String ID="P69_ST00153" HPOS="571" VPOS="2221" WIDTH="202" HEIGHT="54" CONTENT="fortes" SUBS_TYPE="HypPart2" SUBS_CONTENT="eauxfortes" WC="0.98" CC="763000"/>
						<SP ID="P69_SP00129" HPOS="773" VPOS="2275" WIDTH="28"/>
						<String ID="P69_ST00154" HPOS="801" VPOS="2220" WIDTH="339" HEIGHT="71" CONTENT="originales" WC="1.00" CC="0030650000"/>
						<SP ID="P69_SP00130" HPOS="1140" VPOS="2291" WIDTH="37"/>
						<String ID="P69_ST00155" HPOS="1177" VPOS="2220" WIDTH="78" HEIGHT="54" CONTENT="de" WC="1.00" CC="00"/>
						<SP ID="P69_SP00131" HPOS="1255" VPOS="2291" WIDTH="46"/>
						<String ID="P69_ST00156" HPOS="1301" VPOS="2218" WIDTH="281" HEIGHT="57" CONTENT="Galanis." WC="0.85" CC="00704000"/>
					</TextLine>
					<TextLine ID="P69_TL00026" HPOS="662" VPOS="2318" WIDTH="1535" HEIGHT="71">
						<String ID="P69_ST00157" HPOS="662" VPOS="2321" WIDTH="95" HEIGHT="54" CONTENT="De" WC="0.92" CC="10"/>
						<SP ID="P69_SP00132" HPOS="757" VPOS="2375" WIDTH="31"/>
						<String ID="P69_ST00158" HPOS="788" VPOS="2321" WIDTH="325" HEIGHT="54" CONTENT="Maurice" WC="0.99" CC="0503610"/>
						<SP ID="P69_SP00133" HPOS="1113" VPOS="2375" WIDTH="32"/>
						<String ID="P69_ST00159" HPOS="1145" VPOS="2319" WIDTH="313" HEIGHT="68" CONTENT="Raynal," WC="0.73" CC="2650003"/>
						<SP ID="P69_SP00134" HPOS="1458" VPOS="2387" WIDTH="36"/>
						<String ID="P69_ST00160" HPOS="1494" VPOS="2319" WIDTH="300" HEIGHT="70" CONTENT="qui,pour" WC="1.00" CC="00000005"/>
						<SP ID="P69_SP00135" HPOS="1794" VPOS="2389" WIDTH="30"/>
						<String ID="P69_ST00161" HPOS="1824" VPOS="2319" WIDTH="181" HEIGHT="56" CONTENT="avoir" WC="0.98" CC="06406"/>
						<SP ID="P69_SP00136" HPOS="2005" VPOS="2389" WIDTH="29"/>
						<String ID="P69_ST00162" HPOS="2034" VPOS="2318" WIDTH="163" HEIGHT="57" CONTENT="vécu" WC="0.98" CC="4006"/>
					</TextLine>
					<TextLine ID="P69_TL00027" HPOS="571" VPOS="2401" WIDTH="1626" HEIGHT="73">
						<String ID="P69_ST00163" HPOS="571" VPOS="2402" WIDTH="90" HEIGHT="56" CONTENT="les" WC="1.00" CC="000"/>
						<SP ID="P69_SP00137" HPOS="661" VPOS="2458" WIDTH="42"/>
						<String ID="P69_ST00164" HPOS="703" VPOS="2406" WIDTH="213" HEIGHT="68" CONTENT="temps" WC="1.00" CC="20000"/>
						<SP ID="P69_SP00138" HPOS="916" VPOS="2474" WIDTH="43"/>
						<String ID="P69_ST00165" HPOS="959" VPOS="2401" WIDTH="342" HEIGHT="71" CONTENT="héroïques" WC="0.99" CC="407400700"/>
						<SP ID="P69_SP00139" HPOS="1301" VPOS="2474" WIDTH="42"/>
						<String ID="P69_ST00166" HPOS="1343" VPOS="2404" WIDTH="87" HEIGHT="53" CONTENT="du" WC="0.95" CC="00"/>
						<SP ID="P69_SP00140" HPOS="1430" VPOS="2474" WIDTH="42"/>
						<String ID="P69_ST00167" HPOS="1472" VPOS="2404" WIDTH="305" HEIGHT="66" CONTENT="cubisme," WC="0.99" CC="05700004"/>
						<SP ID="P69_SP00141" HPOS="1777" VPOS="2474" WIDTH="44"/>
						<String ID="P69_ST00168" HPOS="1821" VPOS="2408" WIDTH="95" HEIGHT="50" CONTENT="est" WC="0.99" CC="003"/>
						<SP ID="P69_SP00142" HPOS="1916" VPOS="2474" WIDTH="38"/>
						<String ID="P69_ST00169" HPOS="1954" VPOS="2404" WIDTH="58" HEIGHT="53" CONTENT="le" WC="0.64" CC="70"/>
						<SP ID="P69_SP00143" HPOS="2012" VPOS="2474" WIDTH="41"/>
						<String ID="P69_ST00170" HPOS="2053" VPOS="2404" WIDTH="144" HEIGHT="70" CONTENT="plus" WC="0.98" CC="0630"/>
					</TextLine>
					<TextLine ID="P69_TL00028" HPOS="573" VPOS="2484" WIDTH="1624" HEIGHT="73">
						<String ID="P69_ST00171" HPOS="573" VPOS="2484" WIDTH="266" HEIGHT="71" CONTENT="qualifié" WC="1.00" CC="03000600"/>
						<SP ID="P69_SP00144" HPOS="839" VPOS="2555" WIDTH="33"/>
						<String ID="P69_ST00172" HPOS="872" VPOS="2501" WIDTH="166" HEIGHT="54" CONTENT="pour" WC="1.00" CC="0001"/>
						<SP ID="P69_SP00145" HPOS="1038" VPOS="2555" WIDTH="33"/>
						<String ID="P69_ST00173" HPOS="1071" VPOS="2501" WIDTH="76" HEIGHT="39" CONTENT="en" WC="0.61" CC="07"/>
						<SP ID="P69_SP00146" HPOS="1147" VPOS="2555" WIDTH="35"/>
						<String ID="P69_ST00174" HPOS="1182" VPOS="2487" WIDTH="229" HEIGHT="66" CONTENT="parler," WC="0.99" CC="0450013"/>
						<SP ID="P69_SP00147" HPOS="1411" VPOS="2555" WIDTH="51"/>
						<String ID="P69_ST00175" HPOS="1462" VPOS="2485" WIDTH="310" HEIGHT="56" CONTENT="viennent" WC="0.99" CC="30006070"/>
						<SP ID="P69_SP00148" HPOS="1772" VPOS="2555" WIDTH="33"/>
						<String ID="P69_ST00176" HPOS="1805" VPOS="2487" WIDTH="77" HEIGHT="54" CONTENT="de" WC="1.00" CC="00"/>
						<SP ID="P69_SP00149" HPOS="1882" VPOS="2555" WIDTH="32"/>
						<String ID="P69_ST00177" HPOS="1914" VPOS="2487" WIDTH="283" HEIGHT="70" CONTENT="paraître" WC="0.99" CC="00600820"/>
					</TextLine>
					<TextLine ID="P69_TL00029" HPOS="573" VPOS="2567" WIDTH="1624" HEIGHT="72">
						<String ID="P69_ST00178" HPOS="573" VPOS="2584" WIDTH="132" HEIGHT="39" CONTENT="aux" WC="0.95" CC="860"/>
						<SP ID="P69_SP00150" HPOS="705" VPOS="2623" WIDTH="44"/>
						<String ID="P69_ST00179" HPOS="749" VPOS="2567" WIDTH="276" HEIGHT="56" CONTENT="éditions" WC="1.00" CC="00100050"/>
						<SP ID="P69_SP00151" HPOS="1025" VPOS="2623" WIDTH="56"/>
						<String ID="P69_ST00180" HPOS="1081" VPOS="2567" WIDTH="211" HEIGHT="56" CONTENT="Valori" WC="0.90" CC="000500"/>
						<SP ID="P69_SP00152" HPOS="1292" VPOS="2623" WIDTH="44"/>
						<String ID="P69_ST00181" HPOS="1336" VPOS="2567" WIDTH="265" HEIGHT="56" CONTENT="Plastici" WC="0.91" CC="01005000"/>
						<SP ID="P69_SP00153" HPOS="1601" VPOS="2623" WIDTH="40"/>
						<String ID="P69_ST00182" HPOS="1641" VPOS="2585" WIDTH="124" HEIGHT="39" CONTENT="une" WC="0.97" CC="063"/>
						<SP ID="P69_SP00154" HPOS="1765" VPOS="2624" WIDTH="44"/>
						<String ID="P69_ST00183" HPOS="1809" VPOS="2570" WIDTH="212" HEIGHT="54" CONTENT="bonne" WC="0.99" CC="60021"/>
						<SP ID="P69_SP00155" HPOS="2021" VPOS="2624" WIDTH="40"/>
						<String ID="P69_ST00184" HPOS="2061" VPOS="2570" WIDTH="102" HEIGHT="69" CONTENT="pla" SUBS_TYPE="HypPart1" SUBS_CONTENT="plaquette" WC="0.99" CC="060"/>
						<HYP HPOS="2163" VPOS="2570" WIDTH="34" CONTENT="-"/>
					</TextLine>
					<TextLine ID="P69_TL00030" HPOS="574" VPOS="2648" WIDTH="1623" HEIGHT="73">
						<String ID="P69_ST00185" HPOS="574" VPOS="2653" WIDTH="229" HEIGHT="68" CONTENT="quette" SUBS_TYPE="HypPart2" SUBS_CONTENT="plaquette" WC="0.99" CC="020301"/>
						<SP ID="P69_SP00156" HPOS="803" VPOS="2721" WIDTH="63"/>
						<String ID="P69_ST00186" HPOS="866" VPOS="2665" WIDTH="106" HEIGHT="39" CONTENT="sur" WC="0.97" CC="025"/>
						<SP ID="P69_SP00157" HPOS="972" VPOS="2721" WIDTH="78"/>
						<String ID="P69_ST00187" HPOS="1050" VPOS="2648" WIDTH="268" HEIGHT="71" CONTENT="Braque," WC="1.00" CC="1400000"/>
						<SP ID="P69_SP00158" HPOS="1318" VPOS="2721" WIDTH="64"/>
						<String ID="P69_ST00188" HPOS="1382" VPOS="2655" WIDTH="423" HEIGHT="64" CONTENT="comprenant" WC="0.99" CC="0000326150"/>
						<SP ID="P69_SP00159" HPOS="1805" VPOS="2721" WIDTH="61"/>
						<String ID="P69_ST00189" HPOS="1866" VPOS="2667" WIDTH="87" HEIGHT="39" CONTENT="un" WC="0.56" CC="26"/>
						<SP ID="P69_SP00160" HPOS="1953" VPOS="2721" WIDTH="62"/>
						<String ID="P69_ST00190" HPOS="2015" VPOS="2655" WIDTH="182" HEIGHT="52" CONTENT="texte" WC="1.00" CC="00011"/>
					</TextLine>
					<TextLine ID="P69_TL00031" HPOS="573" VPOS="2731" WIDTH="1625" HEIGHT="73">
						<String ID="P69_ST00191" HPOS="573" VPOS="2731" WIDTH="238" HEIGHT="58" CONTENT="vivant" WC="0.98" CC="600721"/>
						<SP ID="P69_SP00161" HPOS="811" VPOS="2789" WIDTH="22"/>
						<String ID="P69_ST00192" HPOS="833" VPOS="2736" WIDTH="65" HEIGHT="51" CONTENT="et" WC="1.00" CC="00"/>
						<SP ID="P69_SP00162" HPOS="898" VPOS="2789" WIDTH="24"/>
						<String ID="P69_ST00193" HPOS="922" VPOS="2733" WIDTH="248" HEIGHT="69" CONTENT="simple," WC="0.99" CC="0100503"/>
						<SP ID="P69_SP00163" HPOS="1170" VPOS="2802" WIDTH="26"/>
						<String ID="P69_ST00194" HPOS="1196" VPOS="2733" WIDTH="166" HEIGHT="56" CONTENT="suivi" WC="0.99" CC="05000"/>
						<SP ID="P69_SP00164" HPOS="1362" VPOS="2802" WIDTH="32"/>
						<String ID="P69_ST00195" HPOS="1394" VPOS="2734" WIDTH="76" HEIGHT="55" CONTENT="de" WC="1.00" CC="00"/>
						<SP ID="P69_SP00165" HPOS="1470" VPOS="2802" WIDTH="43"/>
						<String ID="P69_ST00196" HPOS="1513" VPOS="2734" WIDTH="304" HEIGHT="70" CONTENT="quelques" WC="1.00" CC="03010000"/>
						<SP ID="P69_SP00166" HPOS="1817" VPOS="2804" WIDTH="39"/>
						<String ID="P69_ST00197" HPOS="1856" VPOS="2736" WIDTH="304" HEIGHT="68" CONTENT="reproduc" SUBS_TYPE="HypPart1" SUBS_CONTENT="reproductions." WC="1.00" CC="10030040"/>
						<HYP HPOS="2160" VPOS="2736" WIDTH="38" CONTENT="-"/>
					</TextLine>
					<TextLine ID="P69_TL00032" HPOS="571" VPOS="2814" WIDTH="1626" HEIGHT="73">
						<String ID="P69_ST00198" HPOS="571" VPOS="2816" WIDTH="195" HEIGHT="54" CONTENT="tions." SUBS_TYPE="HypPart2" SUBS_CONTENT="reproductions." WC="0.99" CC="000500"/>
						<SP ID="P69_SP00167" HPOS="766" VPOS="2870" WIDTH="52"/>
						<String ID="P69_ST00199" HPOS="818" VPOS="2814" WIDTH="92" HEIGHT="57" CONTENT="La" WC="1.00" CC="00"/>
						<SP ID="P69_SP00168" HPOS="910" VPOS="2871" WIDTH="32"/>
						<String ID="P69_ST00200" HPOS="942" VPOS="2816" WIDTH="325" HEIGHT="57" CONTENT="meilleure" WC="0.99" CC="001050240"/>
						<SP ID="P69_SP00169" HPOS="1267" VPOS="2873" WIDTH="32"/>
						<String ID="P69_ST00201" HPOS="1299" VPOS="2817" WIDTH="461" HEIGHT="70" CONTENT="monographie" WC="0.99" CC="03640210700"/>
						<SP ID="P69_SP00170" HPOS="1760" VPOS="2887" WIDTH="44"/>
						<String ID="P69_ST00202" HPOS="1804" VPOS="2833" WIDTH="200" HEIGHT="54" CONTENT="parue" WC="0.99" CC="00430"/>
						<SP ID="P69_SP00171" HPOS="2004" VPOS="2887" WIDTH="59"/>
						<String ID="P69_ST00203" HPOS="2063" VPOS="2817" WIDTH="34" HEIGHT="56" CONTENT="à" WC="0.81" CC="1"/>
						<SP ID="P69_SP00172" HPOS="2097" VPOS="2887" WIDTH="32"/>
						<String ID="P69_ST00204" HPOS="2129" VPOS="2833" WIDTH="68" HEIGHT="40" CONTENT="ce" WC="1.00" CC="00"/>
					</TextLine>
					<TextLine ID="P69_TL00033" HPOS="571" VPOS="2895" WIDTH="1627" HEIGHT="73">
						<String ID="P69_ST00205" HPOS="571" VPOS="2897" WIDTH="168" HEIGHT="68" CONTENT="jour," WC="0.99" CC="62000"/>
						<SP ID="P69_SP00173" HPOS="739" VPOS="2965" WIDTH="35"/>
						<String ID="P69_ST00206" HPOS="774" VPOS="2914" WIDTH="88" HEIGHT="39" CONTENT="un" WC="1.00" CC="00"/>
						<SP ID="P69_SP00174" HPOS="862" VPOS="2965" WIDTH="44"/>
						<String ID="P69_ST00207" HPOS="906" VPOS="2899" WIDTH="159" HEIGHT="54" CONTENT="livre" WC="0.98" CC="20821"/>
						<SP ID="P69_SP00175" HPOS="1065" VPOS="2965" WIDTH="44"/>
						<String ID="P69_ST00208" HPOS="1109" VPOS="2895" WIDTH="131" HEIGHT="58" CONTENT="très" WC="1.00" CC="0010"/>
						<SP ID="P69_SP00176" HPOS="1240" VPOS="2965" WIDTH="46"/>
						<String ID="P69_ST00209" HPOS="1286" VPOS="2897" WIDTH="359" HEIGHT="69" CONTENT="important" WC="0.99" CC="000450730"/>
						<SP ID="P69_SP00177" HPOS="1645" VPOS="2966" WIDTH="32"/>
						<String ID="P69_ST00210" HPOS="1677" VPOS="2916" WIDTH="106" HEIGHT="38" CONTENT="sur" WC="0.98" CC="004"/>
						<SP ID="P69_SP00178" HPOS="1783" VPOS="2966" WIDTH="31"/>
						<String ID="P69_ST00211" HPOS="1814" VPOS="2900" WIDTH="279" HEIGHT="68" CONTENT="Picasso," WC="1.00" CC="06000000"/>
						<SP ID="P69_SP00179" HPOS="2093" VPOS="2968" WIDTH="24"/>
						<String ID="P69_ST00212" HPOS="2117" VPOS="2917" WIDTH="81" HEIGHT="39" CONTENT="au" WC="0.38" CC="66"/>
					</TextLine>
					<TextLine ID="P69_TL00034" HPOS="569" VPOS="2980" WIDTH="1628" HEIGHT="69">
						<String ID="P69_ST00213" HPOS="569" VPOS="2980" WIDTH="281" HEIGHT="69" CONTENT="Delphin" WC="0.82" CC="0600400"/>
						<SP ID="P69_SP00180" HPOS="850" VPOS="3049" WIDTH="46"/>
						<String ID="P69_ST00214" HPOS="896" VPOS="2980" WIDTH="220" HEIGHT="69" CONTENT="Verlag" WC="0.88" CC="060000"/>
						<SP ID="P69_SP00181" HPOS="1116" VPOS="3049" WIDTH="31"/>
						<String ID="P69_ST00215" HPOS="1147" VPOS="2982" WIDTH="78" HEIGHT="54" CONTENT="de" WC="0.91" CC="01"/>
						<SP ID="P69_SP00182" HPOS="1225" VPOS="3049" WIDTH="30"/>
						<String ID="P69_ST00216" HPOS="1255" VPOS="2982" WIDTH="281" HEIGHT="59" CONTENT="Munich." WC="0.99" CC="0400050"/>
						<SP ID="P69_SP00183" HPOS="1536" VPOS="3049" WIDTH="39"/>
						<String ID="P69_ST00217" HPOS="1575" VPOS="2982" WIDTH="97" HEIGHT="61" CONTENT="On" WC="0.47" CC="45"/>
						<SP ID="P69_SP00184" HPOS="1672" VPOS="3049" WIDTH="30"/>
						<String ID="P69_ST00218" HPOS="1702" VPOS="2987" WIDTH="302" HEIGHT="54" CONTENT="retrouve" WC="0.99" CC="60012400"/>
						<SP ID="P69_SP00185" HPOS="2004" VPOS="3049" WIDTH="33"/>
						<String ID="P69_ST00219" HPOS="2037" VPOS="2985" WIDTH="160" HEIGHT="56" CONTENT="dans" WC="0.97" CC="0560"/>
					</TextLine>
					<TextLine ID="P69_TL00035" HPOS="571" VPOS="3063" WIDTH="1626" HEIGHT="76">
						<String ID="P69_ST00220" HPOS="571" VPOS="3063" WIDTH="91" HEIGHT="54" CONTENT="les" WC="0.99" CC="300"/>
						<SP ID="P69_SP00186" HPOS="662" VPOS="3117" WIDTH="58"/>
						<String ID="P69_ST00221" HPOS="720" VPOS="3063" WIDTH="78" HEIGHT="56" CONTENT="95" WC="0.74" CC="04"/>
						<SP ID="P69_SP00187" HPOS="798" VPOS="3119" WIDTH="57"/>
						<String ID="P69_ST00222" HPOS="855" VPOS="3065" WIDTH="492" HEIGHT="67" CONTENT="reproductions" WC="1.00" CC="3000400040350"/>
						<SP ID="P69_SP00188" HPOS="1347" VPOS="3132" WIDTH="32"/>
						<String ID="P69_ST00223" HPOS="1379" VPOS="3066" WIDTH="110" HEIGHT="68" CONTENT="qui" WC="0.99" CC="030"/>
						<SP ID="P69_SP00189" HPOS="1489" VPOS="3134" WIDTH="56"/>
						<String ID="P69_ST00224" HPOS="1545" VPOS="3071" WIDTH="509" HEIGHT="68" CONTENT="accompagnent" WC="1.00" CC="000100405063"/>
						<SP ID="P69_SP00190" HPOS="2054" VPOS="3139" WIDTH="55"/>
						<String ID="P69_ST00225" HPOS="2109" VPOS="3085" WIDTH="88" HEIGHT="39" CONTENT="un" WC="0.62" CC="25"/>
					</TextLine>
					<TextLine ID="P69_TL00036" HPOS="571" VPOS="3146" WIDTH="1626" HEIGHT="71">
						<String ID="P69_ST00226" HPOS="571" VPOS="3147" WIDTH="185" HEIGHT="53" CONTENT="texte" WC="1.00" CC="00000"/>
						<SP ID="P69_SP00191" HPOS="756" VPOS="3200" WIDTH="32"/>
						<String ID="P69_ST00227" HPOS="788" VPOS="3146" WIDTH="298" HEIGHT="69" CONTENT="puissant" WC="0.99" CC="05003376"/>
						<SP ID="P69_SP00192" HPOS="1086" VPOS="3215" WIDTH="34"/>
						<String ID="P69_ST00228" HPOS="1120" VPOS="3151" WIDTH="59" HEIGHT="51" CONTENT="et" WC="0.97" CC="00"/>
						<SP ID="P69_SP00193" HPOS="1179" VPOS="3215" WIDTH="35"/>
						<String ID="P69_ST00229" HPOS="1214" VPOS="3149" WIDTH="219" HEIGHT="53" CONTENT="nourri" WC="0.98" CC="302630"/>
						<SP ID="P69_SP00194" HPOS="1433" VPOS="3215" WIDTH="34"/>
						<String ID="P69_ST00230" HPOS="1467" VPOS="3149" WIDTH="76" HEIGHT="54" CONTENT="de" WC="0.75" CC="04"/>
						<SP ID="P69_SP00195" HPOS="1543" VPOS="3215" WIDTH="32"/>
						<String ID="P69_ST00231" HPOS="1575" VPOS="3149" WIDTH="173" HEIGHT="68" CONTENT="faits," WC="0.99" CC="400320"/>
						<SP ID="P69_SP00196" HPOS="1748" VPOS="3217" WIDTH="35"/>
						<String ID="P69_ST00232" HPOS="1783" VPOS="3151" WIDTH="414" HEIGHT="56" CONTENT="d'anecdotes" WC="1.00" CC="01050002100"/>
					</TextLine>
					<TextLine ID="P69_TL00037" HPOS="573" VPOS="3227" WIDTH="1625" HEIGHT="75">
						<String ID="P69_ST00233" HPOS="573" VPOS="3232" WIDTH="66" HEIGHT="51" CONTENT="et" WC="0.82" CC="30"/>
						<SP ID="P69_SP00197" HPOS="639" VPOS="3283" WIDTH="27"/>
						<String ID="P69_ST00234" HPOS="666" VPOS="3227" WIDTH="418" HEIGHT="70" CONTENT="d'érudition," WC="1.00" CC="044300000013"/>
						<SP ID="P69_SP00198" HPOS="1084" VPOS="3297" WIDTH="24"/>
						<String ID="P69_ST00235" HPOS="1108" VPOS="3229" WIDTH="272" HEIGHT="56" CONTENT="l'œuvre" WC="0.99" CC="5311500"/>
						<SP ID="P69_SP00199" HPOS="1380" VPOS="3297" WIDTH="28"/>
						<String ID="P69_ST00236" HPOS="1408" VPOS="3230" WIDTH="84" HEIGHT="55" CONTENT="du" WC="0.78" CC="04"/>
						<SP ID="P69_SP00200" HPOS="1492" VPOS="3297" WIDTH="26"/>
						<String ID="P69_ST00237" HPOS="1518" VPOS="3232" WIDTH="271" HEIGHT="70" CONTENT="peintre," WC="1.00" CC="00000512"/>
						<SP ID="P69_SP00201" HPOS="1789" VPOS="3302" WIDTH="30"/>
						<String ID="P69_ST00238" HPOS="1819" VPOS="3234" WIDTH="105" HEIGHT="54" CONTENT="des" WC="0.99" CC="020"/>
						<SP ID="P69_SP00202" HPOS="1924" VPOS="3302" WIDTH="30"/>
						<String ID="P69_ST00239" HPOS="1954" VPOS="3236" WIDTH="210" HEIGHT="54" CONTENT="adoles" SUBS_TYPE="HypPart1" SUBS_CONTENT="adolescents" WC="0.99" CC="600600"/>
						<HYP HPOS="2164" VPOS="3236" WIDTH="34" CONTENT="-"/>
					</TextLine>
					<TextLine ID="P69_TL00038" HPOS="573" VPOS="3308" WIDTH="1622" HEIGHT="70">
						<String ID="P69_ST00240" HPOS="573" VPOS="3313" WIDTH="183" HEIGHT="53" CONTENT="cents" SUBS_TYPE="HypPart2" SUBS_CONTENT="adolescents" WC="0.99" CC="50202"/>
						<SP ID="P69_SP00203" HPOS="756" VPOS="3366" WIDTH="40"/>
						<String ID="P69_ST00241" HPOS="796" VPOS="3308" WIDTH="256" HEIGHT="70" CONTENT="chétifs," WC="0.73" CC="00270704"/>
						<SP ID="P69_SP00204" HPOS="1052" VPOS="3378" WIDTH="41"/>
						<String ID="P69_ST00242" HPOS="1093" VPOS="3313" WIDTH="64" HEIGHT="53" CONTENT="et" WC="1.00" CC="00"/>
						<SP ID="P69_SP00205" HPOS="1157" VPOS="3378" WIDTH="41"/>
						<String ID="P69_ST00243" HPOS="1198" VPOS="3312" WIDTH="108" HEIGHT="54" CONTENT="des" WC="1.00" CC="000"/>
						<SP ID="P69_SP00206" HPOS="1306" VPOS="3378" WIDTH="44"/>
						<String ID="P69_ST00244" HPOS="1350" VPOS="3334" WIDTH="20" HEIGHT="27" CONTENT="«" WC="1.00" CC="0"/>
						<SP ID="P69_SP00207" HPOS="1370" VPOS="3378" WIDTH="36"/>
						<String ID="P69_ST00245" HPOS="1406" VPOS="3313" WIDTH="259" HEIGHT="55" CONTENT="tendres" WC="1.00" CC="0040000"/>
						<SP ID="P69_SP00208" HPOS="1665" VPOS="3378" WIDTH="42"/>
						<String ID="P69_ST00246" HPOS="1707" VPOS="3315" WIDTH="298" HEIGHT="56" CONTENT="canailles" WC="0.99" CC="074305600"/>
						<SP ID="P69_SP00209" HPOS="2005" VPOS="3378" WIDTH="43"/>
						<String ID="P69_ST00247" HPOS="2048" VPOS="3337" WIDTH="20" HEIGHT="29" CONTENT="»" WC="1.00" CC="0"/>
						<SP ID="P69_SP00210" HPOS="2068" VPOS="3378" WIDTH="41"/>
						<String ID="P69_ST00248" HPOS="2109" VPOS="3319" WIDTH="86" HEIGHT="52" CONTENT="du" WC="0.85" CC="02"/>
					</TextLine>
					<TextLine ID="P69_TL00039" HPOS="573" VPOS="3393" WIDTH="1624" HEIGHT="73">
						<String ID="P69_ST00249" HPOS="573" VPOS="3393" WIDTH="220" HEIGHT="68" CONTENT="cirque" WC="0.99" CC="001040"/>
						<SP ID="P69_SP00211" HPOS="793" VPOS="3461" WIDTH="24"/>
						<String ID="P69_ST00250" HPOS="817" VPOS="3408" WIDTH="83" HEIGHT="39" CONTENT="ou" WC="0.85" CC="02"/>
						<SP ID="P69_SP00212" HPOS="900" VPOS="3461" WIDTH="25"/>
						<String ID="P69_ST00251" HPOS="925" VPOS="3395" WIDTH="108" HEIGHT="54" CONTENT="des" WC="1.00" CC="000"/>
						<SP ID="P69_SP00213" HPOS="1033" VPOS="3461" WIDTH="24"/>
						<String ID="P69_ST00252" HPOS="1057" VPOS="3395" WIDTH="171" HEIGHT="66" CONTENT="bars," WC="0.98" CC="70304"/>
						<SP ID="P69_SP00214" HPOS="1228" VPOS="3461" WIDTH="22"/>
						<String ID="P69_ST00253" HPOS="1250" VPOS="3395" WIDTH="261" HEIGHT="69" CONTENT="jusqu'à" WC="1.00" CC="0000040"/>
						<SP ID="P69_SP00215" HPOS="1511" VPOS="3464" WIDTH="20"/>
						<String ID="P69_ST00254" HPOS="1531" VPOS="3396" WIDTH="63" HEIGHT="56" CONTENT="la" WC="0.66" CC="60"/>
						<SP ID="P69_SP00216" HPOS="1594" VPOS="3464" WIDTH="20"/>
						<String ID="P69_ST00255" HPOS="1614" VPOS="3413" WIDTH="158" HEIGHT="53" CONTENT="pure" WC="1.00" CC="0100"/>
						<SP ID="P69_SP00217" HPOS="1772" VPOS="3466" WIDTH="23"/>
						<String ID="P69_ST00256" HPOS="1795" VPOS="3400" WIDTH="402" HEIGHT="56" CONTENT="renaissance" WC="0.99" CC="60200209610"/>
					</TextLine>
					<TextLine ID="P69_TL00040" HPOS="571" VPOS="3476" WIDTH="1622" HEIGHT="75">
						<String ID="P69_ST00257" HPOS="571" VPOS="3476" WIDTH="342" HEIGHT="69" CONTENT="classique," WC="0.99" CC="0830000304"/>
						<SP ID="P69_SP00218" HPOS="913" VPOS="3545" WIDTH="29"/>
						<String ID="P69_ST00258" HPOS="942" VPOS="3493" WIDTH="76" HEIGHT="37" CONTENT="en" WC="0.75" CC="04"/>
						<SP ID="P69_SP00219" HPOS="1018" VPOS="3545" WIDTH="25"/>
						<String ID="P69_ST00259" HPOS="1043" VPOS="3481" WIDTH="271" HEIGHT="64" CONTENT="passant" WC="0.99" CC="0014153"/>
						<SP ID="P69_SP00220" HPOS="1314" VPOS="3545" WIDTH="24"/>
						<String ID="P69_ST00260" HPOS="1338" VPOS="3493" WIDTH="117" HEIGHT="54" CONTENT="par" WC="0.98" CC="060"/>
						<SP ID="P69_SP00221" HPOS="1455" VPOS="3547" WIDTH="24"/>
						<String ID="P69_ST00261" HPOS="1479" VPOS="3479" WIDTH="62" HEIGHT="56" CONTENT="la" WC="0.87" CC="20"/>
						<SP ID="P69_SP00222" HPOS="1541" VPOS="3547" WIDTH="26"/>
						<String ID="P69_ST00262" HPOS="1567" VPOS="3479" WIDTH="332" HEIGHT="72" CONTENT="discipline" WC="1.00" CC="0020006000"/>
						<SP ID="P69_SP00223" HPOS="1899" VPOS="3551" WIDTH="27"/>
						<String ID="P69_ST00263" HPOS="1926" VPOS="3484" WIDTH="267" HEIGHT="56" CONTENT="cubiste." WC="0.99" CC="02650500"/>
					</TextLine>
					<TextLine ID="P69_TL00041" HPOS="574" VPOS="3556" WIDTH="1624" HEIGHT="74">
						<String ID="P69_ST00264" HPOS="574" VPOS="3556" WIDTH="166" HEIGHT="55" CONTENT="Chez" WC="0.98" CC="0214"/>
						<SP ID="P69_SP00224" HPOS="740" VPOS="3611" WIDTH="31"/>
						<String ID="P69_ST00265" HPOS="771" VPOS="3557" WIDTH="57" HEIGHT="54" CONTENT="le" WC="0.57" CC="80"/>
						<SP ID="P69_SP00225" HPOS="828" VPOS="3611" WIDTH="31"/>
						<String ID="P69_ST00266" HPOS="859" VPOS="3557" WIDTH="210" HEIGHT="56" CONTENT="même" WC="1.00" CC="0000"/>
						<SP ID="P69_SP00226" HPOS="1069" VPOS="3613" WIDTH="51"/>
						<String ID="P69_ST00267" HPOS="1120" VPOS="3557" WIDTH="271" HEIGHT="70" CONTENT="éditeur," WC="0.99" CC="30060354"/>
						<SP ID="P69_SP00227" HPOS="1391" VPOS="3627" WIDTH="47"/>
						<String ID="P69_ST00268" HPOS="1438" VPOS="3559" WIDTH="103" HEIGHT="56" CONTENT="der" WC="0.97" CC="000"/>
						<SP ID="P69_SP00228" HPOS="1541" VPOS="3627" WIDTH="43"/>
						<String ID="P69_ST00269" HPOS="1584" VPOS="3561" WIDTH="147" HEIGHT="69" CONTENT="Weg" WC="0.97" CC="000"/>
						<SP ID="P69_SP00229" HPOS="1731" VPOS="3630" WIDTH="30"/>
						<String ID="P69_ST00270" HPOS="1761" VPOS="3562" WIDTH="165" HEIGHT="56" CONTENT="Zum" WC="1.00" CC="000"/>
						<SP ID="P69_SP00230" HPOS="1926" VPOS="3630" WIDTH="34"/>
						<String ID="P69_ST00271" HPOS="1960" VPOS="3564" WIDTH="199" HEIGHT="56" CONTENT="Kubis" SUBS_TYPE="HypPart1" SUBS_CONTENT="Kubismus," WC="1.00" CC="00000"/>
						<HYP HPOS="2159" VPOS="3564" WIDTH="39" CONTENT="-"/>
					</TextLine>
					<TextLine ID="P69_TL00042" HPOS="573" VPOS="3640" WIDTH="1624" HEIGHT="78">
						<String ID="P69_ST00272" HPOS="573" VPOS="3654" WIDTH="164" HEIGHT="52" CONTENT="mus," SUBS_TYPE="HypPart2" SUBS_CONTENT="Kubismus," WC="0.93" CC="2000"/>
						<SP ID="P69_SP00231" HPOS="737" VPOS="3706" WIDTH="61"/>
						<String ID="P69_ST00273" HPOS="798" VPOS="3655" WIDTH="118" HEIGHT="56" CONTENT="par" WC="1.00" CC="000"/>
						<SP ID="P69_SP00232" HPOS="916" VPOS="3711" WIDTH="63"/>
						<String ID="P69_ST00274" HPOS="979" VPOS="3640" WIDTH="273" HEIGHT="58" CONTENT="Daniel" WC="0.99" CC="260004"/>
						<SP ID="P69_SP00233" HPOS="1252" VPOS="3711" WIDTH="61"/>
						<String ID="P69_ST00275" HPOS="1313" VPOS="3642" WIDTH="254" HEIGHT="56" CONTENT="Henry" WC="0.99" CC="50000"/>
						<SP ID="P69_SP00234" HPOS="1567" VPOS="3711" WIDTH="61"/>
						<String ID="P69_ST00276" HPOS="1628" VPOS="3645" WIDTH="81" HEIGHT="55" CONTENT="où" WC="0.71" CC="50"/>
						<SP ID="P69_SP00235" HPOS="1709" VPOS="3711" WIDTH="59"/>
						<String ID="P69_ST00277" HPOS="1768" VPOS="3650" WIDTH="97" HEIGHT="53" CONTENT="est" WC="0.99" CC="002"/>
						<SP ID="P69_SP00236" HPOS="1865" VPOS="3711" WIDTH="61"/>
						<String ID="P69_ST00278" HPOS="1926" VPOS="3647" WIDTH="271" HEIGHT="71" CONTENT="exposée" WC="1.00" CC="0000002"/>
					</TextLine>
					<TextLine ID="P69_TL00043" HPOS="571" VPOS="3720" WIDTH="1627" HEIGHT="83">
						<String ID="P69_ST00279" HPOS="571" VPOS="3722" WIDTH="64" HEIGHT="55" CONTENT="la" WC="0.47" CC="54"/>
						<SP ID="P69_SP00237" HPOS="635" VPOS="3777" WIDTH="56"/>
						<String ID="P69_ST00280" HPOS="691" VPOS="3720" WIDTH="229" HEIGHT="73" CONTENT="genèse" WC="1.00" CC="000002"/>
						<SP ID="P69_SP00238" HPOS="920" VPOS="3793" WIDTH="57"/>
						<String ID="P69_ST00281" HPOS="977" VPOS="3725" WIDTH="87" HEIGHT="52" CONTENT="du" WC="0.82" CC="03"/>
						<SP ID="P69_SP00239" HPOS="1064" VPOS="3793" WIDTH="57"/>
						<String ID="P69_ST00282" HPOS="1121" VPOS="3723" WIDTH="305" HEIGHT="58" CONTENT="cubisme." WC="1.00" CC="10600000"/>
						<SP ID="P69_SP00240" HPOS="1426" VPOS="3793" WIDTH="44"/>
						<String ID="P69_ST00283" HPOS="1470" VPOS="3725" WIDTH="127" HEIGHT="56" CONTENT="Der" WC="0.73" CC="430"/>
						<SP ID="P69_SP00241" HPOS="1597" VPOS="3793" WIDTH="54"/>
						<String ID="P69_ST00284" HPOS="1651" VPOS="3728" WIDTH="373" HEIGHT="71" CONTENT="Kubismus," WC="0.95" CC="003000000"/>
						<SP ID="P69_SP00242" HPOS="2024" VPOS="3799" WIDTH="56"/>
						<String ID="P69_ST00285" HPOS="2080" VPOS="3749" WIDTH="118" HEIGHT="54" CONTENT="par" WC="0.96" CC="900"/>
					</TextLine>
					<TextLine ID="P69_TL00044" HPOS="576" VPOS="3803" WIDTH="1622" HEIGHT="69">
						<String ID="P69_ST00286" HPOS="576" VPOS="3803" WIDTH="191" HEIGHT="56" CONTENT="Paul" WC="0.99" CC="0040"/>
						<SP ID="P69_SP00243" HPOS="767" VPOS="3859" WIDTH="50"/>
						<String ID="P69_ST00287" HPOS="817" VPOS="3805" WIDTH="350" HEIGHT="67" CONTENT="Kuppers," WC="0.76" CC="00274004"/>
						<SP ID="P69_SP00244" HPOS="1167" VPOS="3872" WIDTH="53"/>
						<String ID="P69_ST00288" HPOS="1220" VPOS="3823" WIDTH="132" HEIGHT="39" CONTENT="aux" WC="0.98" CC="060"/>
						<SP ID="P69_SP00245" HPOS="1352" VPOS="3872" WIDTH="49"/>
						<String ID="P69_ST00289" HPOS="1401" VPOS="3808" WIDTH="276" HEIGHT="57" CONTENT="éditions" WC="0.99" CC="60000160"/>
						<SP ID="P69_SP00246" HPOS="1677" VPOS="3872" WIDTH="69"/>
						<String ID="P69_ST00290" HPOS="1746" VPOS="3811" WIDTH="344" HEIGHT="58" CONTENT="Klinkhart" WC="0.88" CC="000500004"/>
						<SP ID="P69_SP00247" HPOS="2090" VPOS="3872" WIDTH="56"/>
						<String ID="P69_ST00291" HPOS="2146" VPOS="3818" WIDTH="52" HEIGHT="53" CONTENT="et" WC="0.52" CC="44"/>
					</TextLine>
					<TextLine ID="P69_TL00045" HPOS="573" VPOS="3884" WIDTH="1624" HEIGHT="86">
						<String ID="P69_ST00292" HPOS="573" VPOS="3884" WIDTH="372" HEIGHT="71" CONTENT="Biermann," WC="0.67" CC="600233660"/>
						<SP ID="P69_SP00248" HPOS="945" VPOS="3955" WIDTH="65"/>
						<String ID="P69_ST00293" HPOS="1010" VPOS="3889" WIDTH="281" HEIGHT="73" CONTENT="Leipzig," WC="1.00" CC="00000003"/>
						<SP ID="P69_SP00249" HPOS="1291" VPOS="3962" WIDTH="64"/>
						<String ID="P69_ST00294" HPOS="1355" VPOS="3908" WIDTH="281" HEIGHT="57" CONTENT="ouvrage" WC="0.99" CC="0403001"/>
						<SP ID="P69_SP00250" HPOS="1636" VPOS="3965" WIDTH="63"/>
						<String ID="P69_ST00295" HPOS="1699" VPOS="3896" WIDTH="142" HEIGHT="69" CONTENT="plus" WC="0.99" CC="0041"/>
						<SP ID="P69_SP00251" HPOS="1841" VPOS="3965" WIDTH="61"/>
						<String ID="P69_ST00296" HPOS="1902" VPOS="3898" WIDTH="169" HEIGHT="72" CONTENT="léger" WC="0.98" CC="00824"/>
						<SP ID="P69_SP00252" HPOS="2071" VPOS="3970" WIDTH="61"/>
						<String ID="P69_ST00297" HPOS="2132" VPOS="3904" WIDTH="65" HEIGHT="51" CONTENT="et" WC="1.00" CC="00"/>
					</TextLine>
					<TextLine ID="P69_TL00046" HPOS="573" VPOS="3970" WIDTH="1622" HEIGHT="78">
						<String ID="P69_ST00298" HPOS="573" VPOS="3970" WIDTH="208" HEIGHT="56" CONTENT="moins" WC="0.99" CC="01140"/>
						<SP ID="P69_SP00253" HPOS="781" VPOS="4026" WIDTH="27"/>
						<String ID="P69_ST00299" HPOS="808" VPOS="3970" WIDTH="408" HEIGHT="72" CONTENT="documenté," WC="1.00" CC="0001140033"/>
						<SP ID="P69_SP00254" HPOS="1216" VPOS="4042" WIDTH="26"/>
						<String ID="P69_ST00300" HPOS="1242" VPOS="3974" WIDTH="160" HEIGHT="56" CONTENT="mais" WC="1.00" CC="0000"/>
						<SP ID="P69_SP00255" HPOS="1402" VPOS="4042" WIDTH="33"/>
						<String ID="P69_ST00301" HPOS="1435" VPOS="3974" WIDTH="128" HEIGHT="57" CONTENT="très" WC="0.98" CC="2060"/>
						<SP ID="P69_SP00256" HPOS="1563" VPOS="4042" WIDTH="24"/>
						<String ID="P69_ST00302" HPOS="1587" VPOS="3977" WIDTH="408" HEIGHT="71" CONTENT="intéressant," WC="1.00" CC="026410000313"/>
						<SP ID="P69_SP00257" HPOS="1995" VPOS="4048" WIDTH="27"/>
						<String ID="P69_ST00303" HPOS="2022" VPOS="3984" WIDTH="173" HEIGHT="54" CONTENT="enfin" WC="0.99" CC="00330"/>
					</TextLine>
					<TextLine ID="P69_TL00047" HPOS="571" VPOS="4055" WIDTH="1626" HEIGHT="73">
						<String ID="P69_ST00304" HPOS="571" VPOS="4067" WIDTH="127" HEIGHT="39" CONTENT="une" WC="0.96" CC="280"/>
						<SP ID="P69_SP00258" HPOS="698" VPOS="4106" WIDTH="78"/>
						<String ID="P69_ST00305" HPOS="776" VPOS="4067" WIDTH="222" HEIGHT="42" CONTENT="œuvre" WC="0.98" CC="30540"/>
						<SP ID="P69_SP00259" HPOS="998" VPOS="4109" WIDTH="78"/>
						<String ID="P69_ST00306" HPOS="1076" VPOS="4055" WIDTH="78" HEIGHT="54" CONTENT="de" WC="1.00" CC="00"/>
						<SP ID="P69_SP00260" HPOS="1154" VPOS="4109" WIDTH="74"/>
						<String ID="P69_ST00307" HPOS="1228" VPOS="4055" WIDTH="213" HEIGHT="56" CONTENT="bonne" WC="0.97" CC="72270"/>
						<SP ID="P69_SP00261" HPOS="1441" VPOS="4111" WIDTH="75"/>
						<String ID="P69_ST00308" HPOS="1516" VPOS="4059" WIDTH="283" HEIGHT="69" CONTENT="volonté," WC="0.98" CC="53117741"/>
						<SP ID="P69_SP00262" HPOS="1799" VPOS="4128" WIDTH="78"/>
						<String ID="P69_ST00309" HPOS="1877" VPOS="4064" WIDTH="160" HEIGHT="55" CONTENT="mais" WC="1.00" CC="0000"/>
						<SP ID="P69_SP00263" HPOS="2037" VPOS="4128" WIDTH="77"/>
						<String ID="P69_ST00310" HPOS="2114" VPOS="4064" WIDTH="83" HEIGHT="55" CONTENT="où" WC="0.98" CC="00"/>
					</TextLine>
					<TextLine ID="P69_TL00048" HPOS="573" VPOS="4133" WIDTH="1622" HEIGHT="83">
						<String ID="P69_ST00311" HPOS="573" VPOS="4133" WIDTH="191" HEIGHT="71" CONTENT="règne" WC="0.97" CC="50960"/>
						<SP ID="P69_SP00264" HPOS="764" VPOS="4204" WIDTH="58"/>
						<String ID="P69_ST00312" HPOS="822" VPOS="4152" WIDTH="127" HEIGHT="39" CONTENT="une" WC="0.97" CC="070"/>
						<SP ID="P69_SP00265" HPOS="949" VPOS="4204" WIDTH="57"/>
						<String ID="P69_ST00313" HPOS="1006" VPOS="4140" WIDTH="241" HEIGHT="68" CONTENT="grande" WC="1.00" CC="000000"/>
						<SP ID="P69_SP00266" HPOS="1247" VPOS="4208" WIDTH="59"/>
						<String ID="P69_ST00314" HPOS="1306" VPOS="4141" WIDTH="357" HEIGHT="70" CONTENT="confusion," WC="0.99" CC="2503400144"/>
						<SP ID="P69_SP00267" HPOS="1663" VPOS="4211" WIDTH="63"/>
						<String ID="P69_ST00315" HPOS="1726" VPOS="4145" WIDTH="139" HEIGHT="54" CONTENT="l'art" WC="0.99" CC="00032"/>
						<SP ID="P69_SP00268" HPOS="1865" VPOS="4211" WIDTH="52"/>
						<String ID="P69_ST00316" HPOS="1917" VPOS="4148" WIDTH="278" HEIGHT="68" CONTENT="français" WC="1.00" CC="04000010"/>
					</TextLine>
					<TextLine ID="P69_TL00049" HPOS="573" VPOS="4216" WIDTH="1622" HEIGHT="81">
						<String ID="P69_ST00317" HPOS="573" VPOS="4216" WIDTH="225" HEIGHT="69" CONTENT="depuis" WC="0.99" CC="080600"/>
						<SP ID="P69_SP00269" HPOS="798" VPOS="4285" WIDTH="81"/>
						<String ID="P69_ST00318" HPOS="879" VPOS="4218" WIDTH="180" HEIGHT="67" CONTENT="1914," WC="0.76" CC="41103"/>
						<SP ID="P69_SP00270" HPOS="1059" VPOS="4285" WIDTH="79"/>
						<String ID="P69_ST00319" HPOS="1138" VPOS="4236" WIDTH="121" HEIGHT="54" CONTENT="par" WC="1.00" CC="000"/>
						<SP ID="P69_SP00271" HPOS="1259" VPOS="4290" WIDTH="79"/>
						<String ID="P69_ST00320" HPOS="1338" VPOS="4221" WIDTH="130" HEIGHT="56" CONTENT="Otto" WC="0.96" CC="0675"/>
						<SP ID="P69_SP00272" HPOS="1468" VPOS="4290" WIDTH="111"/>
						<String ID="P69_ST00321" HPOS="1579" VPOS="4224" WIDTH="303" HEIGHT="73" CONTENT="Grautoff," WC="0.88" CC="050004000"/>
						<SP ID="P69_SP00273" HPOS="1882" VPOS="4297" WIDTH="81"/>
						<String ID="P69_ST00322" HPOS="1963" VPOS="4231" WIDTH="194" HEIGHT="54" CONTENT="Mauri" SUBS_TYPE="HypPart1" SUBS_CONTENT="Maurituis" WC="0.68" CC="04472"/>
						<HYP HPOS="2157" VPOS="4231" WIDTH="38" CONTENT="-"/>
					</TextLine>
					<TextLine ID="P69_TL00050" HPOS="571" VPOS="4301" WIDTH="1626" HEIGHT="71">
						<String ID="P69_ST00323" HPOS="571" VPOS="4301" WIDTH="134" HEIGHT="52" CONTENT="tuis" SUBS_TYPE="HypPart2" SUBS_CONTENT="Maurituis" WC="0.89" CC="2100"/>
						<SP ID="P69_SP00274" HPOS="705" VPOS="4353" WIDTH="103"/>
						<String ID="P69_ST00324" HPOS="808" VPOS="4301" WIDTH="254" HEIGHT="71" CONTENT="Verlag," WC="0.72" CC="6053003"/>
						<SP ID="P69_SP00275" HPOS="1062" VPOS="4372" WIDTH="85"/>
						<String ID="P69_ST00325" HPOS="1147" VPOS="4304" WIDTH="235" HEIGHT="56" CONTENT="Berlin." WC="1.00" CC="2003010"/>
						<SP ID="P69_SP00276" HPOS="1382" VPOS="4372" WIDTH="80"/>
						<String ID="P69_ST00326" HPOS="1462" VPOS="4306" WIDTH="162" HEIGHT="56" CONTENT="Chez" WC="0.98" CC="4500"/>
						<SP ID="P69_SP00277" HPOS="1624" VPOS="4372" WIDTH="58"/>
						<String ID="P69_ST00327" HPOS="1682" VPOS="4311" WIDTH="515" HEIGHT="61" CONTENT="Kiepenheuer" WC="0.68" CC="00950348200"/>
					</TextLine>
					<TextLine ID="P69_TL00051" HPOS="571" VPOS="4382" WIDTH="1624" HEIGHT="85">
						<String ID="P69_ST00328" HPOS="571" VPOS="4395" WIDTH="88" HEIGHT="41" CONTENT="un" WC="0.71" CC="32"/>
						<SP ID="P69_SP00278" HPOS="659" VPOS="4436" WIDTH="37"/>
						<String ID="P69_ST00329" HPOS="696" VPOS="4382" WIDTH="161" HEIGHT="56" CONTENT="livre" WC="0.98" CC="64000"/>
						<SP ID="P69_SP00279" HPOS="857" VPOS="4438" WIDTH="39"/>
						<String ID="P69_ST00330" HPOS="896" VPOS="4399" WIDTH="124" HEIGHT="54" CONTENT="que" WC="0.99" CC="030"/>
						<SP ID="P69_SP00280" HPOS="1020" VPOS="4453" WIDTH="39"/>
						<String ID="P69_ST00331" HPOS="1059" VPOS="4385" WIDTH="264" HEIGHT="56" CONTENT="doivent" WC="0.99" CC="0300056"/>
						<SP ID="P69_SP00281" HPOS="1323" VPOS="4453" WIDTH="40"/>
						<String ID="P69_ST00332" HPOS="1363" VPOS="4389" WIDTH="305" HEIGHT="69" CONTENT="posséder" WC="1.00" CC="04022000"/>
						<SP ID="P69_SP00282" HPOS="1668" VPOS="4458" WIDTH="34"/>
						<String ID="P69_ST00333" HPOS="1702" VPOS="4395" WIDTH="149" HEIGHT="53" CONTENT="tous" WC="0.98" CC="3402"/>
						<SP ID="P69_SP00283" HPOS="1851" VPOS="4458" WIDTH="37"/>
						<String ID="P69_ST00334" HPOS="1888" VPOS="4395" WIDTH="87" HEIGHT="55" CONTENT="les" WC="1.00" CC="000"/>
						<SP ID="P69_SP00284" HPOS="1975" VPOS="4458" WIDTH="40"/>
						<String ID="P69_ST00335" HPOS="2015" VPOS="4397" WIDTH="144" HEIGHT="70" CONTENT="xylo" SUBS_TYPE="HypPart1" SUBS_CONTENT="xylographes" WC="0.99" CC="0503"/>
						<HYP HPOS="2159" VPOS="4397" WIDTH="36" CONTENT="-"/>
					</TextLine>
					<TextLine ID="P69_TL00052" HPOS="573" VPOS="4465" WIDTH="1620" HEIGHT="85">
						<String ID="P69_ST00336" HPOS="573" VPOS="4465" WIDTH="272" HEIGHT="69" CONTENT="graphes" SUBS_TYPE="HypPart2" SUBS_CONTENT="xylographes" WC="0.99" CC="9200000"/>
						<SP ID="P69_SP00285" HPOS="845" VPOS="4534" WIDTH="46"/>
						<String ID="P69_ST00337" HPOS="891" VPOS="4470" WIDTH="64" HEIGHT="51" CONTENT="et" WC="0.70" CC="05"/>
						<SP ID="P69_SP00286" HPOS="955" VPOS="4534" WIDTH="44"/>
						<String ID="P69_ST00338" HPOS="999" VPOS="4482" WIDTH="165" HEIGHT="40" CONTENT="ceux" WC="0.99" CC="0030"/>
						<SP ID="P69_SP00287" HPOS="1164" VPOS="4534" WIDTH="44"/>
						<String ID="P69_ST00339" HPOS="1208" VPOS="4470" WIDTH="108" HEIGHT="69" CONTENT="qui" WC="1.00" CC="000"/>
						<SP ID="P69_SP00288" HPOS="1316" VPOS="4539" WIDTH="44"/>
						<String ID="P69_ST00340" HPOS="1360" VPOS="4470" WIDTH="440" HEIGHT="59" CONTENT="s'intéressent" WC="0.99" CC="2305603003036"/>
						<SP ID="P69_SP00289" HPOS="1800" VPOS="4539" WIDTH="46"/>
						<String ID="P69_ST00341" HPOS="1846" VPOS="4477" WIDTH="36" HEIGHT="54" CONTENT="à" WC="1.00" CC="0"/>
						<SP ID="P69_SP00290" HPOS="1882" VPOS="4539" WIDTH="44"/>
						<String ID="P69_ST00342" HPOS="1926" VPOS="4482" WIDTH="100" HEIGHT="51" CONTENT="cet" WC="1.00" CC="000"/>
						<SP ID="P69_SP00291" HPOS="2026" VPOS="4539" WIDTH="45"/>
						<String ID="P69_ST00343" HPOS="2071" VPOS="4485" WIDTH="122" HEIGHT="65" CONTENT="art," WC="0.98" CC="2602"/>
					</TextLine>
					<TextLine ID="P69_TL00053" HPOS="573" VPOS="4546" WIDTH="1624" HEIGHT="76">
						<String ID="P69_ST00344" HPOS="573" VPOS="4546" WIDTH="79" HEIGHT="54" CONTENT="de" WC="1.00" CC="00"/>
						<SP ID="P69_SP00292" HPOS="652" VPOS="4600" WIDTH="49"/>
						<String ID="P69_ST00345" HPOS="701" VPOS="4546" WIDTH="168" HEIGHT="54" CONTENT="Paul" WC="0.99" CC="0060"/>
						<SP ID="P69_SP00293" HPOS="869" VPOS="4600" WIDTH="54"/>
						<String ID="P69_ST00346" HPOS="923" VPOS="4548" WIDTH="347" HEIGHT="71" CONTENT="Westheim," WC="0.85" CC="030540000"/>
						<SP ID="P69_SP00294" HPOS="1270" VPOS="4619" WIDTH="48"/>
						<String ID="P69_ST00347" HPOS="1318" VPOS="4556" WIDTH="335" HEIGHT="66" CONTENT="reproduit" WC="1.00" CC="300000003"/>
						<SP ID="P69_SP00295" HPOS="1653" VPOS="4622" WIDTH="63"/>
						<String ID="P69_ST00348" HPOS="1716" VPOS="4560" WIDTH="74" HEIGHT="52" CONTENT="de" WC="0.86" CC="02"/>
						<SP ID="P69_SP00296" HPOS="1790" VPOS="4622" WIDTH="46"/>
						<String ID="P69_ST00349" HPOS="1836" VPOS="4563" WIDTH="361" HEIGHT="56" CONTENT="nombreux" WC="0.98" CC="44445060"/>
					</TextLine>
					<TextLine ID="P69_TL00054" HPOS="573" VPOS="4629" WIDTH="1622" HEIGHT="78">
						<String ID="P69_ST00350" HPOS="573" VPOS="4629" WIDTH="162" HEIGHT="68" CONTENT="bois," WC="0.98" CC="74004"/>
						<SP ID="P69_SP00297" HPOS="735" VPOS="4697" WIDTH="53"/>
						<String ID="P69_ST00351" HPOS="788" VPOS="4633" WIDTH="108" HEIGHT="54" CONTENT="des" WC="1.00" CC="000"/>
						<SP ID="P69_SP00298" HPOS="896" VPOS="4697" WIDTH="53"/>
						<String ID="P69_ST00352" HPOS="949" VPOS="4634" WIDTH="306" HEIGHT="68" CONTENT="primitifs" WC="1.00" CC="030000050"/>
						<SP ID="P69_SP00299" HPOS="1255" VPOS="4702" WIDTH="53"/>
						<String ID="P69_ST00353" HPOS="1308" VPOS="4651" WIDTH="130" HEIGHT="41" CONTENT="aux" WC="0.99" CC="030"/>
						<SP ID="P69_SP00300" HPOS="1438" VPOS="4702" WIDTH="49"/>
						<String ID="P69_ST00354" HPOS="1487" VPOS="4639" WIDTH="142" HEIGHT="68" CONTENT="plus" WC="0.98" CC="0430"/>
						<SP ID="P69_SP00301" HPOS="1629" VPOS="4707" WIDTH="51"/>
						<String ID="P69_ST00355" HPOS="1680" VPOS="4644" WIDTH="357" HEIGHT="58" CONTENT="modernes." WC="1.00" CC="060010003"/>
						<SP ID="P69_SP00302" HPOS="2037" VPOS="4707" WIDTH="55"/>
						<String ID="P69_ST00356" HPOS="2092" VPOS="4648" WIDTH="103" HEIGHT="56" CONTENT="Un" WC="1.00" CC="00"/>
					</TextLine>
					<TextLine ID="P69_TL00055" HPOS="571" VPOS="4712" WIDTH="1626" HEIGHT="80">
						<String ID="P69_ST00357" HPOS="571" VPOS="4712" WIDTH="224" HEIGHT="56" CONTENT="album" WC="0.96" CC="78640"/>
						<SP ID="P69_SP00303" HPOS="795" VPOS="4768" WIDTH="60"/>
						<String ID="P69_ST00358" HPOS="855" VPOS="4716" WIDTH="78" HEIGHT="54" CONTENT="de" WC="1.00" CC="00"/>
						<SP ID="P69_SP00304" HPOS="933" VPOS="4770" WIDTH="60"/>
						<String ID="P69_ST00359" HPOS="993" VPOS="4721" WIDTH="230" HEIGHT="66" CONTENT="quatre" WC="0.99" CC="030220"/>
						<SP ID="P69_SP00305" HPOS="1223" VPOS="4787" WIDTH="58"/>
						<String ID="P69_ST00360" HPOS="1281" VPOS="4719" WIDTH="463" HEIGHT="73" CONTENT="lithographies" WC="1.00" CC="0053302400000"/>
						<SP ID="P69_SP00306" HPOS="1744" VPOS="4792" WIDTH="60"/>
						<String ID="P69_ST00361" HPOS="1804" VPOS="4727" WIDTH="252" HEIGHT="58" CONTENT="hâtives" WC="0.99" CC="7001500"/>
						<SP ID="P69_SP00307" HPOS="2056" VPOS="4792" WIDTH="63"/>
						<String ID="P69_ST00362" HPOS="2119" VPOS="4732" WIDTH="78" HEIGHT="55" CONTENT="de" WC="1.00" CC="00"/>
					</TextLine>
					<TextLine ID="P69_TL00056" HPOS="573" VPOS="4793" WIDTH="1624" HEIGHT="75">
						<String ID="P69_ST00363" HPOS="573" VPOS="4793" WIDTH="200" HEIGHT="56" CONTENT="Marie" WC="1.00" CC="00000"/>
						<SP ID="P69_SP00308" HPOS="773" VPOS="4849" WIDTH="54"/>
						<String ID="P69_ST00364" HPOS="827" VPOS="4795" WIDTH="360" HEIGHT="59" CONTENT="Laurencin" WC="0.80" CC="022302023"/>
						<SP ID="P69_SP00309" HPOS="1187" VPOS="4854" WIDTH="58"/>
						<String ID="P69_ST00365" HPOS="1245" VPOS="4802" WIDTH="152" HEIGHT="54" CONTENT="chez" WC="0.98" CC="0701"/>
						<SP ID="P69_SP00310" HPOS="1397" VPOS="4856" WIDTH="39"/>
						<String ID="P69_ST00366" HPOS="1436" VPOS="4804" WIDTH="351" HEIGHT="57" CONTENT="Flechheim" WC="0.87" CC="001000720"/>
						<SP ID="P69_SP00311" HPOS="1787" VPOS="4861" WIDTH="37"/>
						<String ID="P69_ST00367" HPOS="1824" VPOS="4810" WIDTH="76" HEIGHT="53" CONTENT="de" WC="1.00" CC="00"/>
						<SP ID="P69_SP00312" HPOS="1900" VPOS="4863" WIDTH="41"/>
						<String ID="P69_ST00368" HPOS="1941" VPOS="4810" WIDTH="220" HEIGHT="58" CONTENT="Dussel" SUBS_TYPE="HypPart1" SUBS_CONTENT="Dusseldorf," WC="0.86" CC="200006"/>
						<HYP HPOS="2161" VPOS="4810" WIDTH="36" CONTENT="-"/>
					</TextLine>
					<TextLine ID="P69_TL00057" HPOS="571" VPOS="4878" WIDTH="1626" HEIGHT="81">
						<String ID="P69_ST00369" HPOS="571" VPOS="4878" WIDTH="166" HEIGHT="68" CONTENT="dorf," SUBS_TYPE="HypPart2" SUBS_CONTENT="Dusseldorf," WC="0.70" CC="90003"/>
						<SP ID="P69_SP00313" HPOS="737" VPOS="4946" WIDTH="32"/>
						<String ID="P69_ST00370" HPOS="769" VPOS="4880" WIDTH="110" HEIGHT="69" CONTENT="qui" WC="0.97" CC="042"/>
						<SP ID="P69_SP00314" HPOS="879" VPOS="4949" WIDTH="29"/>
						<String ID="P69_ST00371" HPOS="908" VPOS="4883" WIDTH="97" HEIGHT="53" CONTENT="est" WC="1.00" CC="000"/>
						<SP ID="P69_SP00315" HPOS="1005" VPOS="4949" WIDTH="27"/>
						<String ID="P69_ST00372" HPOS="1032" VPOS="4897" WIDTH="164" HEIGHT="54" CONTENT="pour" WC="0.98" CC="0231"/>
						<SP ID="P69_SP00316" HPOS="1196" VPOS="4951" WIDTH="27"/>
						<String ID="P69_ST00373" HPOS="1223" VPOS="4885" WIDTH="335" HEIGHT="73" CONTENT="beaucoup" WC="0.99" CC="50500110"/>
						<SP ID="P69_SP00317" HPOS="1558" VPOS="4958" WIDTH="29"/>
						<String ID="P69_ST00374" HPOS="1587" VPOS="4893" WIDTH="415" HEIGHT="66" CONTENT="responsable" WC="1.00" CC="30000400400"/>
						<SP ID="P69_SP00318" HPOS="2002" VPOS="4959" WIDTH="29"/>
						<String ID="P69_ST00375" HPOS="2031" VPOS="4897" WIDTH="78" HEIGHT="54" CONTENT="de" WC="0.87" CC="02"/>
						<SP ID="P69_SP00319" HPOS="2109" VPOS="4959" WIDTH="25"/>
						<String ID="P69_ST00376" HPOS="2134" VPOS="4898" WIDTH="63" HEIGHT="56" CONTENT="la" WC="1.00" CC="00"/>
					</TextLine>
					<TextLine ID="P69_TL00058" HPOS="569" VPOS="4961" WIDTH="1629" HEIGHT="88">
						<String ID="P69_ST00377" HPOS="569" VPOS="4961" WIDTH="373" HEIGHT="68" CONTENT="sympathie" WC="0.99" CC="020034630"/>
						<SP ID="P69_SP00320" HPOS="942" VPOS="5029" WIDTH="34"/>
						<String ID="P69_ST00378" HPOS="976" VPOS="4964" WIDTH="194" HEIGHT="68" CONTENT="qu'on" WC="0.98" CC="04305"/>
						<SP ID="P69_SP00321" HPOS="1170" VPOS="5032" WIDTH="34"/>
						<String ID="P69_ST00379" HPOS="1204" VPOS="4964" WIDTH="283" HEIGHT="72" CONTENT="éprouve" WC="0.99" CC="0045350"/>
						<SP ID="P69_SP00322" HPOS="1487" VPOS="5036" WIDTH="32"/>
						<String ID="P69_ST00380" HPOS="1519" VPOS="4986" WIDTH="76" HEIGHT="39" CONTENT="en" WC="0.71" CC="04"/>
						<SP ID="P69_SP00323" HPOS="1595" VPOS="5036" WIDTH="33"/>
						<String ID="P69_ST00381" HPOS="1628" VPOS="4973" WIDTH="376" HEIGHT="74" CONTENT="Allemagne" WC="1.00" CC="030307000"/>
						<SP ID="P69_SP00324" HPOS="2004" VPOS="5047" WIDTH="28"/>
						<String ID="P69_ST00382" HPOS="2032" VPOS="4993" WIDTH="166" HEIGHT="56" CONTENT="pour" WC="0.97" CC="0057"/>
					</TextLine>
					<TextLine ID="P69_TL00059" HPOS="569" VPOS="5041" WIDTH="1135" HEIGHT="79">
						<String ID="P69_ST00383" HPOS="569" VPOS="5041" WIDTH="90" HEIGHT="57" CONTENT="les" WC="0.98" CC="500"/>
						<SP ID="P69_SP00325" HPOS="659" VPOS="5098" WIDTH="39"/>
						<String ID="P69_ST00384" HPOS="698" VPOS="5044" WIDTH="286" HEIGHT="71" CONTENT="peintres" WC="1.00" CC="00100601"/>
						<SP ID="P69_SP00326" HPOS="984" VPOS="5115" WIDTH="39"/>
						<String ID="P69_ST00385" HPOS="1023" VPOS="5046" WIDTH="280" HEIGHT="73" CONTENT="français" WC="0.98" CC="36054440"/>
						<SP ID="P69_SP00327" HPOS="1303" VPOS="5119" WIDTH="40"/>
						<String ID="P69_ST00386" HPOS="1343" VPOS="5052" WIDTH="361" HEIGHT="68" CONTENT="modernes," WC="1.00" CC="000035003"/>
					</TextLine>
				</TextBlock>
				<TextBlock ID="P69_TB00002" HPOS="2919" VPOS="187" WIDTH="410" HEIGHT="91" STYLEREFS="TXT_0 PAR_RIGHT">
					<TextLine ID="P69_TL00060" HPOS="2920" VPOS="189" WIDTH="406" HEIGHT="87">
						<String ID="P69_ST00387" HPOS="2920" VPOS="189" WIDTH="406" HEIGHT="87" CONTENT="Revues" WC="0.97" CC="667762"/>
					</TextLine>
				</TextBlock>
				<TextBlock ID="P69_TB00003" HPOS="2300" VPOS="335" WIDTH="1670" HEIGHT="4982" STYLEREFS="TXT_0 PAR_BLOCK">
					<TextLine ID="P69_TL00061" HPOS="2385" VPOS="335" WIDTH="1578" HEIGHT="71">
						<String ID="P69_ST00388" HPOS="2385" VPOS="337" WIDTH="370" HEIGHT="59" CONTENT="L'attitude" WC="0.99" CC="0400620540"/>
						<SP ID="P69_SP00328" HPOS="2755" VPOS="396" WIDTH="48"/>
						<String ID="P69_ST00389" HPOS="2803" VPOS="337" WIDTH="90" HEIGHT="55" CONTENT="du" WC="0.69" CC="06"/>
						<SP ID="P69_SP00329" HPOS="2893" VPOS="396" WIDTH="44"/>
						<String ID="P69_ST00390" HPOS="2937" VPOS="335" WIDTH="152" HEIGHT="71" CONTENT="jour" WC="0.98" CC="4060"/>
						<SP ID="P69_SP00330" HPOS="3089" VPOS="406" WIDTH="46"/>
						<String ID="P69_ST00391" HPOS="3135" VPOS="340" WIDTH="100" HEIGHT="52" CONTENT="est" WC="0.97" CC="052"/>
						<SP ID="P69_SP00331" HPOS="3235" VPOS="406" WIDTH="44"/>
						<String ID="P69_ST00392" HPOS="3279" VPOS="335" WIDTH="496" HEIGHT="64" CONTENT="l'indifférence." WC="1.00" CC="226002220502000"/>
						<SP ID="P69_SP00332" HPOS="3775" VPOS="406" WIDTH="52"/>
						<String ID="P69_ST00393" HPOS="3827" VPOS="343" WIDTH="136" HEIGHT="61" CONTENT="J'ai" WC="0.97" CC="4215"/>
					</TextLine>
					<TextLine ID="P69_TL00062" HPOS="2300" VPOS="420" WIDTH="1659" HEIGHT="79">
						<String ID="P69_ST00394" HPOS="2300" VPOS="425" WIDTH="100" HEIGHT="55" CONTENT="dit" WC="0.94" CC="905"/>
						<SP ID="P69_SP00333" HPOS="2400" VPOS="480" WIDTH="32"/>
						<String ID="P69_ST00395" HPOS="2432" VPOS="438" WIDTH="132" HEIGHT="41" CONTENT="aux" WC="0.98" CC="060"/>
						<SP ID="P69_SP00334" HPOS="2564" VPOS="480" WIDTH="29"/>
						<String ID="P69_ST00396" HPOS="2593" VPOS="420" WIDTH="372" HEIGHT="57" CONTENT="funérailles" WC="0.99" CC="33404507000"/>
						<SP ID="P69_SP00335" HPOS="2965" VPOS="480" WIDTH="36"/>
						<String ID="P69_ST00397" HPOS="3001" VPOS="421" WIDTH="80" HEIGHT="56" CONTENT="de" WC="1.00" CC="00"/>
						<SP ID="P69_SP00336" HPOS="3081" VPOS="480" WIDTH="30"/>
						<String ID="P69_ST00398" HPOS="3111" VPOS="420" WIDTH="318" HEIGHT="69" CONTENT="Taillade," WC="1.00" CC="000070000"/>
						<SP ID="P69_SP00337" HPOS="3429" VPOS="489" WIDTH="33"/>
						<String ID="P69_ST00399" HPOS="3462" VPOS="423" WIDTH="59" HEIGHT="54" CONTENT="le" WC="0.57" CC="80"/>
						<SP ID="P69_SP00338" HPOS="3521" VPOS="489" WIDTH="34"/>
						<String ID="P69_ST00400" HPOS="3555" VPOS="423" WIDTH="245" HEIGHT="74" CONTENT="dégoût" WC="0.99" CC="047002"/>
						<SP ID="P69_SP00339" HPOS="3800" VPOS="497" WIDTH="34"/>
						<String ID="P69_ST00401" HPOS="3834" VPOS="443" WIDTH="125" HEIGHT="56" CONTENT="que" WC="0.98" CC="050"/>
					</TextLine>
					<TextLine ID="P69_TL00063" HPOS="2300" VPOS="506" WIDTH="1658" HEIGHT="71">
						<String ID="P69_ST00402" HPOS="2300" VPOS="506" WIDTH="394" HEIGHT="71" CONTENT="m'inspirait" WC="1.00" CC="04020000800"/>
						<SP ID="P69_SP00340" HPOS="2694" VPOS="577" WIDTH="72"/>
						<String ID="P69_ST00403" HPOS="2766" VPOS="508" WIDTH="174" HEIGHT="52" CONTENT="cette" WC="0.99" CC="00500"/>
						<SP ID="P69_SP00341" HPOS="2940" VPOS="577" WIDTH="66"/>
						<String ID="P69_ST00404" HPOS="3006" VPOS="519" WIDTH="164" HEIGHT="56" CONTENT="peur" WC="0.97" CC="0076"/>
						<SP ID="P69_SP00342" HPOS="3170" VPOS="577" WIDTH="70"/>
						<String ID="P69_ST00405" HPOS="3240" VPOS="506" WIDTH="111" HEIGHT="54" CONTENT="des" WC="0.97" CC="700"/>
						<SP ID="P69_SP00343" HPOS="3351" VPOS="577" WIDTH="70"/>
						<String ID="P69_ST00406" HPOS="3421" VPOS="511" WIDTH="537" HEIGHT="66" CONTENT="responsabilités" WC="1.00" CC="000010005050630"/>
					</TextLine>
					<TextLine ID="P69_TL00064" HPOS="2302" VPOS="585" WIDTH="1657" HEIGHT="77">
						<String ID="P69_ST00407" HPOS="2302" VPOS="607" WIDTH="125" HEIGHT="55" CONTENT="que" WC="0.97" CC="060"/>
						<SP ID="P69_SP00344" HPOS="2427" VPOS="662" WIDTH="42"/>
						<String ID="P69_ST00408" HPOS="2469" VPOS="591" WIDTH="60" HEIGHT="54" CONTENT="le" WC="0.58" CC="52"/>
						<SP ID="P69_SP00345" HPOS="2529" VPOS="662" WIDTH="42"/>
						<String ID="P69_ST00409" HPOS="2571" VPOS="585" WIDTH="504" HEIGHT="75" CONTENT="pamphlétaire," WC="0.99" CC="0900700600324"/>
						<SP ID="P69_SP00346" HPOS="3075" VPOS="662" WIDTH="39"/>
						<String ID="P69_ST00410" HPOS="3114" VPOS="587" WIDTH="204" HEIGHT="71" CONTENT="qu'on" WC="0.98" CC="03054"/>
						<SP ID="P69_SP00347" HPOS="3318" VPOS="662" WIDTH="44"/>
						<String ID="P69_ST00411" HPOS="3362" VPOS="589" WIDTH="240" HEIGHT="57" CONTENT="voulut" WC="0.98" CC="310623"/>
						<SP ID="P69_SP00348" HPOS="3602" VPOS="662" WIDTH="42"/>
						<String ID="P69_ST00412" HPOS="3644" VPOS="594" WIDTH="315" HEIGHT="59" CONTENT="travestir" WC="0.99" CC="458000506"/>
					</TextLine>
					<TextLine ID="P69_TL00065" HPOS="2302" VPOS="670" WIDTH="1656" HEIGHT="75">
						<String ID="P69_ST00413" HPOS="2302" VPOS="692" WIDTH="77" HEIGHT="39" CONTENT="en" WC="0.75" CC="05"/>
						<SP ID="P69_SP00349" HPOS="2379" VPOS="731" WIDTH="50"/>
						<String ID="P69_ST00414" HPOS="2429" VPOS="689" WIDTH="122" HEIGHT="54" CONTENT="pur" WC="0.97" CC="070"/>
						<SP ID="P69_SP00350" HPOS="2551" VPOS="743" WIDTH="47"/>
						<String ID="P69_ST00415" HPOS="2598" VPOS="670" WIDTH="215" HEIGHT="73" CONTENT="poète," WC="0.99" CC="001304"/>
						<SP ID="P69_SP00351" HPOS="2813" VPOS="743" WIDTH="51"/>
						<String ID="P69_ST00416" HPOS="2864" VPOS="670" WIDTH="108" HEIGHT="56" CONTENT="n'a" WC="0.95" CC="542"/>
						<SP ID="P69_SP00352" HPOS="2972" VPOS="743" WIDTH="46"/>
						<String ID="P69_ST00417" HPOS="3018" VPOS="670" WIDTH="239" HEIGHT="70" CONTENT="jamais" WC="0.99" CC="430000"/>
						<SP ID="P69_SP00353" HPOS="3257" VPOS="743" WIDTH="49"/>
						<String ID="P69_ST00418" HPOS="3306" VPOS="670" WIDTH="120" HEIGHT="70" CONTENT="fui," WC="0.95" CC="8534"/>
						<SP ID="P69_SP00354" HPOS="3426" VPOS="743" WIDTH="51"/>
						<String ID="P69_ST00419" HPOS="3477" VPOS="677" WIDTH="66" HEIGHT="51" CONTENT="et" WC="0.73" CC="05"/>
						<SP ID="P69_SP00355" HPOS="3543" VPOS="743" WIDTH="51"/>
						<String ID="P69_ST00420" HPOS="3594" VPOS="675" WIDTH="115" HEIGHT="70" CONTENT="qui" WC="0.99" CC="030"/>
						<SP ID="P69_SP00356" HPOS="3709" VPOS="745" WIDTH="52"/>
						<String ID="P69_ST00421" HPOS="3761" VPOS="679" WIDTH="76" HEIGHT="55" CONTENT="fit" WC="0.97" CC="330"/>
						<SP ID="P69_SP00357" HPOS="3837" VPOS="745" WIDTH="50"/>
						<String ID="P69_ST00422" HPOS="3887" VPOS="696" WIDTH="71" HEIGHT="42" CONTENT="sa" WC="1.00" CC="00"/>
					</TextLine>
					<TextLine ID="P69_TL00066" HPOS="2302" VPOS="755" WIDTH="1656" HEIGHT="76">
						<String ID="P69_ST00423" HPOS="2302" VPOS="758" WIDTH="216" HEIGHT="73" CONTENT="gloire." WC="0.98" CC="9644530"/>
						<SP ID="P69_SP00358" HPOS="2518" VPOS="831" WIDTH="22"/>
						<String ID="P69_ST00424" HPOS="2540" VPOS="755" WIDTH="337" HEIGHT="56" CONTENT="Peut-être" WC="1.00" CC="202000060"/>
						<SP ID="P69_SP00359" HPOS="2877" VPOS="831" WIDTH="16"/>
						<String ID="P69_ST00425" HPOS="2893" VPOS="755" WIDTH="191" HEIGHT="68" CONTENT="seuls," WC="0.98" CC="007503"/>
						<SP ID="P69_SP00360" HPOS="3084" VPOS="831" WIDTH="15"/>
						<String ID="P69_ST00426" HPOS="3099" VPOS="755" WIDTH="319" HEIGHT="69" CONTENT="parmiles" WC="0.81" CC="00005503"/>
						<SP ID="P69_SP00361" HPOS="3418" VPOS="831" WIDTH="16"/>
						<String ID="P69_ST00427" HPOS="3434" VPOS="760" WIDTH="280" HEIGHT="68" CONTENT="grandes" WC="0.99" CC="0600003"/>
						<SP ID="P69_SP00362" HPOS="3714" VPOS="831" WIDTH="15"/>
						<String ID="P69_ST00428" HPOS="3729" VPOS="775" WIDTH="229" HEIGHT="44" CONTENT="revues" WC="0.98" CC="405303"/>
					</TextLine>
					<TextLine ID="P69_TL00067" HPOS="2302" VPOS="838" WIDTH="1657" HEIGHT="73">
						<String ID="P69_ST00429" HPOS="2302" VPOS="841" WIDTH="376" HEIGHT="70" CONTENT="françaises," WC="0.99" CC="06089000033"/>
						<SP ID="P69_SP00363" HPOS="2678" VPOS="911" WIDTH="22"/>
						<String ID="P69_ST00430" HPOS="2700" VPOS="839" WIDTH="118" HEIGHT="56" CONTENT="Les" WC="0.91" CC="977"/>
						<SP ID="P69_SP00364" HPOS="2818" VPOS="911" WIDTH="51"/>
						<String ID="P69_ST00431" HPOS="2869" VPOS="838" WIDTH="262" HEIGHT="56" CONTENT="Cahiers" WC="0.99" CC="0400030"/>
						<SP ID="P69_SP00365" HPOS="3131" VPOS="911" WIDTH="36"/>
						<String ID="P69_ST00432" HPOS="3167" VPOS="839" WIDTH="488" HEIGHT="70" CONTENT="d'aujourd'hui" WC="1.00" CC="1000404200004"/>
						<SP ID="P69_SP00366" HPOS="3655" VPOS="911" WIDTH="45"/>
						<String ID="P69_ST00433" HPOS="3700" VPOS="850" WIDTH="117" HEIGHT="52" CONTENT="ont" WC="0.96" CC="343"/>
						<SP ID="P69_SP00367" HPOS="3817" VPOS="911" WIDTH="34"/>
						<String ID="P69_ST00434" HPOS="3851" VPOS="848" WIDTH="108" HEIGHT="56" CONTENT="osé" WC="1.00" CC="000"/>
					</TextLine>
					<TextLine ID="P69_TL00068" HPOS="2303" VPOS="922" WIDTH="1653" HEIGHT="78">
						<String ID="P69_ST00435" HPOS="2303" VPOS="926" WIDTH="283" HEIGHT="54" CONTENT="affirmer" WC="0.98" CC="92445306"/>
						<SP ID="P69_SP00368" HPOS="2586" VPOS="980" WIDTH="32"/>
						<String ID="P69_ST00436" HPOS="2618" VPOS="939" WIDTH="90" HEIGHT="39" CONTENT="un" WC="0.58" CC="34"/>
						<SP ID="P69_SP00369" HPOS="2708" VPOS="980" WIDTH="37"/>
						<String ID="P69_ST00437" HPOS="2745" VPOS="936" WIDTH="417" HEIGHT="58" CONTENT="programme" WC="0.99" CC="050965000"/>
						<SP ID="P69_SP00370" HPOS="3162" VPOS="994" WIDTH="49"/>
						<String ID="P69_ST00438" HPOS="3211" VPOS="922" WIDTH="328" HEIGHT="72" CONTENT="pacifiste," WC="0.99" CC="0000660302"/>
						<SP ID="P69_SP00371" HPOS="3539" VPOS="994" WIDTH="58"/>
						<String ID="P69_ST00439" HPOS="3597" VPOS="928" WIDTH="359" HEIGHT="72" CONTENT="anational," WC="0.75" CC="5003050054"/>
					</TextLine>
					<TextLine ID="P69_TL00069" HPOS="2302" VPOS="1004" WIDTH="1659" HEIGHT="74">
						<String ID="P69_ST00440" HPOS="2302" VPOS="1009" WIDTH="293" HEIGHT="54" CONTENT="humain." WC="0.99" CC="4500051"/>
						<SP ID="P69_SP00372" HPOS="2595" VPOS="1063" WIDTH="50"/>
						<String ID="P69_ST00441" HPOS="2645" VPOS="1007" WIDTH="48" HEIGHT="54" CONTENT="Il" WC="0.93" CC="01"/>
						<SP ID="P69_SP00373" HPOS="2693" VPOS="1063" WIDTH="40"/>
						<String ID="P69_ST00442" HPOS="2733" VPOS="1005" WIDTH="148" HEIGHT="56" CONTENT="faut" WC="0.98" CC="6040"/>
						<SP ID="P69_SP00374" HPOS="2881" VPOS="1063" WIDTH="39"/>
						<String ID="P69_ST00443" HPOS="2920" VPOS="1004" WIDTH="277" HEIGHT="57" CONTENT="féliciter" WC="0.99" CC="105700002"/>
						<SP ID="P69_SP00375" HPOS="3197" VPOS="1063" WIDTH="39"/>
						<String ID="P69_ST00444" HPOS="3236" VPOS="1007" WIDTH="254" HEIGHT="68" CONTENT="Werth," WC="0.74" CC="304023"/>
						<SP ID="P69_SP00376" HPOS="3490" VPOS="1075" WIDTH="21"/>
						<String ID="P69_ST00445" HPOS="3511" VPOS="1007" WIDTH="272" HEIGHT="71" CONTENT="Besson," WC="0.76" CC="0043062"/>
						<SP ID="P69_SP00377" HPOS="3783" VPOS="1078" WIDTH="43"/>
						<String ID="P69_ST00446" HPOS="3826" VPOS="1014" WIDTH="102" HEIGHT="56" CONTENT="Tis" SUBS_TYPE="HypPart1" SUBS_CONTENT="Tisserand," WC="0.98" CC="041"/>
						<HYP HPOS="3928" VPOS="1014" WIDTH="33" CONTENT="-"/>
					</TextLine>
					<TextLine ID="P69_TL00070" HPOS="2303" VPOS="1090" WIDTH="1655" HEIGHT="71">
						<String ID="P69_ST00447" HPOS="2303" VPOS="1093" WIDTH="256" HEIGHT="67" CONTENT="serand," SUBS_TYPE="HypPart2" SUBS_CONTENT="Tisserand," WC="0.99" CC="1040034"/>
						<SP ID="P69_SP00378" HPOS="2559" VPOS="1160" WIDTH="47"/>
						<String ID="P69_ST00448" HPOS="2606" VPOS="1092" WIDTH="265" HEIGHT="54" CONTENT="Vildrac" WC="0.81" CC="6000060"/>
						<SP ID="P69_SP00379" HPOS="2871" VPOS="1160" WIDTH="45"/>
						<String ID="P69_ST00449" HPOS="2916" VPOS="1090" WIDTH="80" HEIGHT="54" CONTENT="de" WC="1.00" CC="00"/>
						<SP ID="P69_SP00380" HPOS="2996" VPOS="1160" WIDTH="59"/>
						<String ID="P69_ST00450" HPOS="3055" VPOS="1092" WIDTH="354" HEIGHT="69" CONTENT="reprendre" WC="0.99" CC="200620731"/>
						<SP ID="P69_SP00381" HPOS="3409" VPOS="1161" WIDTH="63"/>
						<String ID="P69_ST00451" HPOS="3472" VPOS="1092" WIDTH="164" HEIGHT="57" CONTENT="dans" WC="0.99" CC="0050"/>
						<SP ID="P69_SP00382" HPOS="3636" VPOS="1161" WIDTH="63"/>
						<String ID="P69_ST00452" HPOS="3699" VPOS="1110" WIDTH="71" HEIGHT="41" CONTENT="ce" WC="0.96" CC="00"/>
						<SP ID="P69_SP00383" HPOS="3770" VPOS="1161" WIDTH="44"/>
						<String ID="P69_ST00453" HPOS="3814" VPOS="1112" WIDTH="144" HEIGHT="42" CONTENT="sens" WC="0.99" CC="0040"/>
					</TextLine>
					<TextLine ID="P69_TL00071" HPOS="2302" VPOS="1173" WIDTH="1657" HEIGHT="71">
						<String ID="P69_ST00454" HPOS="2302" VPOS="1176" WIDTH="140" HEIGHT="56" CONTENT="leur" WC="0.99" CC="3012"/>
						<SP ID="P69_SP00384" HPOS="2442" VPOS="1232" WIDTH="26"/>
						<String ID="P69_ST00455" HPOS="2468" VPOS="1175" WIDTH="194" HEIGHT="56" CONTENT="tâche" WC="0.98" CC="41060"/>
						<SP ID="P69_SP00385" HPOS="2662" VPOS="1232" WIDTH="31"/>
						<String ID="P69_ST00456" HPOS="2693" VPOS="1173" WIDTH="406" HEIGHT="56" CONTENT="d'autrefois." WC="1.00" CC="030664040010"/>
						<SP ID="P69_SP00386" HPOS="3099" VPOS="1232" WIDTH="34"/>
						<String ID="P69_ST00457" HPOS="3133" VPOS="1175" WIDTH="181" HEIGHT="54" CONTENT="Dans" WC="1.00" CC="0010"/>
						<SP ID="P69_SP00387" HPOS="3314" VPOS="1232" WIDTH="29"/>
						<String ID="P69_ST00458" HPOS="3343" VPOS="1175" WIDTH="59" HEIGHT="56" CONTENT="le" WC="0.75" CC="50"/>
						<SP ID="P69_SP00388" HPOS="3402" VPOS="1232" WIDTH="29"/>
						<String ID="P69_ST00459" HPOS="3431" VPOS="1175" WIDTH="95" HEIGHT="56" CONTENT="N°" WC="0.94" CC="01"/>
						<SP ID="P69_SP00389" HPOS="3526" VPOS="1232" WIDTH="29"/>
						<String ID="P69_ST00460" HPOS="3555" VPOS="1180" WIDTH="59" HEIGHT="64" CONTENT="2," WC="0.63" CC="34"/>
						<SP ID="P69_SP00390" HPOS="3614" VPOS="1244" WIDTH="29"/>
						<String ID="P69_ST00461" HPOS="3643" VPOS="1193" WIDTH="128" HEIGHT="41" CONTENT="une" WC="0.98" CC="500"/>
						<SP ID="P69_SP00391" HPOS="3771" VPOS="1244" WIDTH="29"/>
						<String ID="P69_ST00462" HPOS="3800" VPOS="1197" WIDTH="120" HEIGHT="40" CONTENT="nou" SUBS_TYPE="HypPart1" SUBS_CONTENT="nouvelle" WC="0.96" CC="665"/>
						<HYP HPOS="3920" VPOS="1197" WIDTH="39" CONTENT="-"/>
					</TextLine>
					<TextLine ID="P69_TL00072" HPOS="2305" VPOS="1256" WIDTH="1654" HEIGHT="68">
						<String ID="P69_ST00463" HPOS="2305" VPOS="1259" WIDTH="164" HEIGHT="58" CONTENT="velle" SUBS_TYPE="HypPart2" SUBS_CONTENT="nouvelle" WC="0.99" CC="70030"/>
						<SP ID="P69_SP00392" HPOS="2469" VPOS="1317" WIDTH="41"/>
						<String ID="P69_ST00464" HPOS="2510" VPOS="1259" WIDTH="78" HEIGHT="55" CONTENT="de" WC="1.00" CC="00"/>
						<SP ID="P69_SP00393" HPOS="2588" VPOS="1317" WIDTH="39"/>
						<String ID="P69_ST00465" HPOS="2627" VPOS="1258" WIDTH="252" HEIGHT="66" CONTENT="Werth," WC="0.65" CC="205164"/>
						<SP ID="P69_SP00394" HPOS="2879" VPOS="1324" WIDTH="42"/>
						<String ID="P69_ST00466" HPOS="2921" VPOS="1256" WIDTH="263" HEIGHT="68" CONTENT="Racine," WC="0.99" CC="0004600"/>
						<SP ID="P69_SP00395" HPOS="3184" VPOS="1324" WIDTH="42"/>
						<String ID="P69_ST00467" HPOS="3226" VPOS="1256" WIDTH="87" HEIGHT="56" CONTENT="où" WC="0.70" CC="14"/>
						<SP ID="P69_SP00396" HPOS="3313" VPOS="1324" WIDTH="38"/>
						<String ID="P69_ST00468" HPOS="3351" VPOS="1275" WIDTH="67" HEIGHT="39" CONTENT="se" WC="0.88" CC="01"/>
						<SP ID="P69_SP00397" HPOS="3418" VPOS="1324" WIDTH="38"/>
						<String ID="P69_ST00469" HPOS="3456" VPOS="1263" WIDTH="312" HEIGHT="54" CONTENT="retrouve" WC="0.99" CC="03760500"/>
						<SP ID="P69_SP00398" HPOS="3768" VPOS="1324" WIDTH="41"/>
						<String ID="P69_ST00470" HPOS="3809" VPOS="1278" WIDTH="113" HEIGHT="42" CONTENT="con" SUBS_TYPE="HypPart1" SUBS_CONTENT="condensée" WC="0.99" CC="022"/>
						<HYP HPOS="3922" VPOS="1278" WIDTH="37" CONTENT="-"/>
					</TextLine>
					<TextLine ID="P69_TL00073" HPOS="2308" VPOS="1341" WIDTH="1653" HEIGHT="71">
						<String ID="P69_ST00471" HPOS="2308" VPOS="1341" WIDTH="231" HEIGHT="57" CONTENT="densée" SUBS_TYPE="HypPart2" SUBS_CONTENT="condensée" WC="0.98" CC="405024"/>
						<SP ID="P69_SP00399" HPOS="2539" VPOS="1398" WIDTH="44"/>
						<String ID="P69_ST00472" HPOS="2583" VPOS="1342" WIDTH="64" HEIGHT="53" CONTENT="la" WC="0.72" CC="50"/>
						<SP ID="P69_SP00400" HPOS="2647" VPOS="1398" WIDTH="44"/>
						<String ID="P69_ST00473" HPOS="2691" VPOS="1341" WIDTH="413" HEIGHT="71" CONTENT="philosophie" WC="0.99" CC="04046000540"/>
						<SP ID="P69_SP00401" HPOS="3104" VPOS="1412" WIDTH="48"/>
						<String ID="P69_ST00474" HPOS="3152" VPOS="1342" WIDTH="86" HEIGHT="53" CONTENT="du" WC="1.00" CC="00"/>
						<SP ID="P69_SP00402" HPOS="3238" VPOS="1412" WIDTH="49"/>
						<String ID="P69_ST00475" HPOS="3287" VPOS="1342" WIDTH="131" HEIGHT="55" CONTENT="bon" WC="0.97" CC="610"/>
						<SP ID="P69_SP00403" HPOS="3418" VPOS="1412" WIDTH="47"/>
						<String ID="P69_ST00476" HPOS="3465" VPOS="1359" WIDTH="147" HEIGHT="39" CONTENT="sens" WC="1.00" CC="0000"/>
						<SP ID="P69_SP00404" HPOS="3612" VPOS="1412" WIDTH="49"/>
						<String ID="P69_ST00477" HPOS="3661" VPOS="1347" WIDTH="66" HEIGHT="53" CONTENT="et" WC="1.00" CC="00"/>
						<SP ID="P69_SP00405" HPOS="3727" VPOS="1412" WIDTH="48"/>
						<String ID="P69_ST00478" HPOS="3775" VPOS="1347" WIDTH="78" HEIGHT="55" CONTENT="de" WC="1.00" CC="00"/>
						<SP ID="P69_SP00406" HPOS="3853" VPOS="1412" WIDTH="44"/>
						<String ID="P69_ST00479" HPOS="3897" VPOS="1349" WIDTH="64" HEIGHT="56" CONTENT="la" WC="0.76" CC="40"/>
					</TextLine>
					<TextLine ID="P69_TL00074" HPOS="2307" VPOS="1424" WIDTH="1654" HEIGHT="76">
						<String ID="P69_ST00480" HPOS="2307" VPOS="1424" WIDTH="299" HEIGHT="57" CONTENT="sincérité" WC="0.99" CC="003004250"/>
						<SP ID="P69_SP00407" HPOS="2606" VPOS="1481" WIDTH="29"/>
						<String ID="P69_ST00481" HPOS="2635" VPOS="1425" WIDTH="112" HEIGHT="70" CONTENT="qui" WC="0.98" CC="021"/>
						<SP ID="P69_SP00408" HPOS="2747" VPOS="1495" WIDTH="29"/>
						<String ID="P69_ST00482" HPOS="2776" VPOS="1427" WIDTH="93" HEIGHT="53" CONTENT="est" WC="1.00" CC="000"/>
						<SP ID="P69_SP00409" HPOS="2869" VPOS="1495" WIDTH="32"/>
						<String ID="P69_ST00483" HPOS="2901" VPOS="1424" WIDTH="242" HEIGHT="57" CONTENT="sienne." WC="0.99" CC="0235001"/>
						<SP ID="P69_SP00410" HPOS="3143" VPOS="1495" WIDTH="36"/>
						<String ID="P69_ST00484" HPOS="3179" VPOS="1425" WIDTH="128" HEIGHT="55" CONTENT="Des" WC="1.00" CC="000"/>
						<SP ID="P69_SP00411" HPOS="3307" VPOS="1495" WIDTH="29"/>
						<String ID="P69_ST00485" HPOS="3336" VPOS="1429" WIDTH="190" HEIGHT="52" CONTENT="notes" WC="0.99" CC="04000"/>
						<SP ID="P69_SP00412" HPOS="3526" VPOS="1495" WIDTH="30"/>
						<String ID="P69_ST00486" HPOS="3556" VPOS="1442" WIDTH="110" HEIGHT="39" CONTENT="sur" WC="0.96" CC="065"/>
						<SP ID="P69_SP00413" HPOS="3666" VPOS="1495" WIDTH="24"/>
						<String ID="P69_ST00487" HPOS="3690" VPOS="1429" WIDTH="64" HEIGHT="56" CONTENT="la" WC="0.18" CC="87"/>
						<SP ID="P69_SP00414" HPOS="3754" VPOS="1495" WIDTH="28"/>
						<String ID="P69_ST00488" HPOS="3782" VPOS="1430" WIDTH="144" HEIGHT="70" CONTENT="pein" SUBS_TYPE="HypPart1" SUBS_CONTENT="peinture," WC="1.00" CC="0000"/>
						<HYP HPOS="3926" VPOS="1430" WIDTH="35" CONTENT="-"/>
					</TextLine>
					<TextLine ID="P69_TL00075" HPOS="2303" VPOS="1507" WIDTH="1660" HEIGHT="74">
						<String ID="P69_ST00489" HPOS="2303" VPOS="1507" WIDTH="170" HEIGHT="71" CONTENT="ture," SUBS_TYPE="HypPart2" SUBS_CONTENT="peinture," WC="1.00" CC="00000"/>
						<SP ID="P69_SP00415" HPOS="2473" VPOS="1578" WIDTH="54"/>
						<String ID="P69_ST00490" HPOS="2527" VPOS="1512" WIDTH="79" HEIGHT="52" CONTENT="de" WC="1.00" CC="00"/>
						<SP ID="P69_SP00416" HPOS="2606" VPOS="1578" WIDTH="36"/>
						<String ID="P69_ST00491" HPOS="2642" VPOS="1508" WIDTH="369" HEIGHT="68" CONTENT="Vlaminck," WC="0.73" CC="640520004"/>
						<SP ID="P69_SP00417" HPOS="3011" VPOS="1578" WIDTH="53"/>
						<String ID="P69_ST00492" HPOS="3064" VPOS="1525" WIDTH="91" HEIGHT="39" CONTENT="un" WC="0.59" CC="80"/>
						<SP ID="P69_SP00418" HPOS="3155" VPOS="1578" WIDTH="56"/>
						<String ID="P69_ST00493" HPOS="3211" VPOS="1510" WIDTH="300" HEIGHT="71" CONTENT="chapitre" WC="0.99" CC="05170070"/>
						<SP ID="P69_SP00419" HPOS="3511" VPOS="1581" WIDTH="50"/>
						<String ID="P69_ST00494" HPOS="3561" VPOS="1510" WIDTH="134" HEIGHT="58" CONTENT="très" WC="0.98" CC="4500"/>
						<SP ID="P69_SP00420" HPOS="3695" VPOS="1581" WIDTH="56"/>
						<String ID="P69_ST00495" HPOS="3751" VPOS="1513" WIDTH="212" HEIGHT="58" CONTENT="coloré" WC="0.99" CC="061040"/>
					</TextLine>
					<TextLine ID="P69_TL00076" HPOS="2308" VPOS="1591" WIDTH="1651" HEIGHT="71">
						<String ID="P69_ST00496" HPOS="2308" VPOS="1595" WIDTH="156" HEIGHT="54" CONTENT="d'un" WC="0.97" CC="0363"/>
						<SP ID="P69_SP00421" HPOS="2464" VPOS="1649" WIDTH="51"/>
						<String ID="P69_ST00497" HPOS="2515" VPOS="1608" WIDTH="230" HEIGHT="39" CONTENT="roman" WC="0.99" CC="50000"/>
						<SP ID="P69_SP00422" HPOS="2745" VPOS="1649" WIDTH="54"/>
						<String ID="P69_ST00498" HPOS="2799" VPOS="1593" WIDTH="78" HEIGHT="54" CONTENT="de" WC="1.00" CC="00"/>
						<SP ID="P69_SP00423" HPOS="2877" VPOS="1649" WIDTH="51"/>
						<String ID="P69_ST00499" HPOS="2928" VPOS="1591" WIDTH="159" HEIGHT="56" CONTENT="Neel" WC="0.98" CC="0000"/>
						<SP ID="P69_SP00424" HPOS="3087" VPOS="1649" WIDTH="56"/>
						<String ID="P69_ST00500" HPOS="3143" VPOS="1591" WIDTH="176" HEIGHT="68" CONTENT="Doff," WC="0.80" CC="00223"/>
						<SP ID="P69_SP00425" HPOS="3319" VPOS="1659" WIDTH="58"/>
						<String ID="P69_ST00501" HPOS="3377" VPOS="1595" WIDTH="79" HEIGHT="54" CONTENT="de" WC="1.00" CC="00"/>
						<SP ID="P69_SP00426" HPOS="3456" VPOS="1659" WIDTH="50"/>
						<String ID="P69_ST00502" HPOS="3506" VPOS="1593" WIDTH="152" HEIGHT="69" CONTENT="jolis" WC="0.98" CC="40614"/>
						<SP ID="P69_SP00427" HPOS="3658" VPOS="1662" WIDTH="52"/>
						<String ID="P69_ST00503" HPOS="3710" VPOS="1596" WIDTH="249" HEIGHT="56" CONTENT="dessins" WC="1.00" CC="0000000"/>
					</TextLine>
					<TextLine ID="P69_TL00077" HPOS="2307" VPOS="1676" WIDTH="1649" HEIGHT="73">
						<String ID="P69_ST00504" HPOS="2307" VPOS="1678" WIDTH="389" HEIGHT="71" CONTENT="marginaux" WC="0.99" CC="206723050"/>
						<SP ID="P69_SP00428" HPOS="2696" VPOS="1749" WIDTH="80"/>
						<String ID="P69_ST00505" HPOS="2776" VPOS="1678" WIDTH="78" HEIGHT="54" CONTENT="de" WC="1.00" CC="00"/>
						<SP ID="P69_SP00429" HPOS="2854" VPOS="1749" WIDTH="81"/>
						<String ID="P69_ST00506" HPOS="2935" VPOS="1676" WIDTH="205" HEIGHT="68" CONTENT="Friez," WC="0.76" CC="060033"/>
						<SP ID="P69_SP00430" HPOS="3140" VPOS="1749" WIDTH="83"/>
						<String ID="P69_ST00507" HPOS="3223" VPOS="1678" WIDTH="388" HEIGHT="69" CONTENT="Marchand," WC="1.00" CC="002010504"/>
						<SP ID="P69_SP00431" HPOS="3611" VPOS="1749" WIDTH="81"/>
						<String ID="P69_ST00508" HPOS="3692" VPOS="1679" WIDTH="264" HEIGHT="60" CONTENT="Renoir." WC="0.98" CC="4405503"/>
					</TextLine>
					<TextLine ID="P69_TL00078" HPOS="2391" VPOS="1761" WIDTH="1568" HEIGHT="72">
						<String ID="P69_ST00509" HPOS="2391" VPOS="1762" WIDTH="115" HEIGHT="55" CONTENT="Les" WC="0.98" CC="040"/>
						<SP ID="P69_SP00432" HPOS="2506" VPOS="1817" WIDTH="67"/>
						<String ID="P69_ST00510" HPOS="2573" VPOS="1761" WIDTH="206" HEIGHT="54" CONTENT="Ecrits" WC="0.99" CC="000070"/>
						<SP ID="P69_SP00433" HPOS="2779" VPOS="1817" WIDTH="64"/>
						<String ID="P69_ST00511" HPOS="2843" VPOS="1761" WIDTH="356" HEIGHT="56" CONTENT="Nouveaux" WC="0.99" CC="04007700"/>
						<SP ID="P69_SP00434" HPOS="3199" VPOS="1817" WIDTH="64"/>
						<String ID="P69_ST00512" HPOS="3263" VPOS="1761" WIDTH="342" HEIGHT="57" CONTENT="abondent" WC="0.99" CC="07550204"/>
						<SP ID="P69_SP00435" HPOS="3605" VPOS="1818" WIDTH="65"/>
						<String ID="P69_ST00513" HPOS="3670" VPOS="1779" WIDTH="79" HEIGHT="41" CONTENT="en" WC="1.00" CC="00"/>
						<SP ID="P69_SP00436" HPOS="3749" VPOS="1820" WIDTH="65"/>
						<String ID="P69_ST00514" HPOS="3814" VPOS="1764" WIDTH="145" HEIGHT="69" CONTENT="jolis" WC="0.98" CC="40550"/>
					</TextLine>
					<TextLine ID="P69_TL00079" HPOS="2308" VPOS="1840" WIDTH="1653" HEIGHT="78">
						<String ID="P69_ST00515" HPOS="2308" VPOS="1844" WIDTH="195" HEIGHT="56" CONTENT="essais" WC="0.99" CC="510120"/>
						<SP ID="P69_SP00437" HPOS="2503" VPOS="1900" WIDTH="26"/>
						<String ID="P69_ST00516" HPOS="2529" VPOS="1844" WIDTH="77" HEIGHT="54" CONTENT="de" WC="1.00" CC="00"/>
						<SP ID="P69_SP00438" HPOS="2606" VPOS="1900" WIDTH="24"/>
						<String ID="P69_ST00517" HPOS="2630" VPOS="1840" WIDTH="254" HEIGHT="70" CONTENT="Suarès," WC="0.73" CC="0606203"/>
						<SP ID="P69_SP00439" HPOS="2884" VPOS="1910" WIDTH="22"/>
						<String ID="P69_ST00518" HPOS="2906" VPOS="1842" WIDTH="225" HEIGHT="56" CONTENT="André" WC="0.99" CC="02060"/>
						<SP ID="P69_SP00440" HPOS="3131" VPOS="1910" WIDTH="24"/>
						<String ID="P69_ST00519" HPOS="3155" VPOS="1842" WIDTH="537" HEIGHT="58" CONTENT="Germain.Deux" WC="1.00" CC="000002600080"/>
						<SP ID="P69_SP00441" HPOS="3692" VPOS="1910" WIDTH="20"/>
						<String ID="P69_ST00520" HPOS="3712" VPOS="1849" WIDTH="208" HEIGHT="69" CONTENT="magni" SUBS_TYPE="HypPart1" SUBS_CONTENT="magnifiques" WC="1.00" CC="00010"/>
						<HYP HPOS="3920" VPOS="1849" WIDTH="41" CONTENT="-"/>
					</TextLine>
					<TextLine ID="P69_TL00080" HPOS="2312" VPOS="1927" WIDTH="1649" HEIGHT="72">
						<String ID="P69_ST00521" HPOS="2312" VPOS="1928" WIDTH="205" HEIGHT="71" CONTENT="fiques" SUBS_TYPE="HypPart2" SUBS_CONTENT="magnifiques" WC="0.98" CC="660500"/>
						<SP ID="P69_SP00442" HPOS="2517" VPOS="1999" WIDTH="49"/>
						<String ID="P69_ST00522" HPOS="2566" VPOS="1928" WIDTH="357" HEIGHT="68" CONTENT="nouvelles," WC="0.99" CC="5006007003"/>
						<SP ID="P69_SP00443" HPOS="2923" VPOS="1999" WIDTH="53"/>
						<String ID="P69_ST00523" HPOS="2976" VPOS="1928" WIDTH="79" HEIGHT="54" CONTENT="de" WC="1.00" CC="00"/>
						<SP ID="P69_SP00444" HPOS="3055" VPOS="1999" WIDTH="48"/>
						<String ID="P69_ST00524" HPOS="3103" VPOS="1927" WIDTH="215" HEIGHT="57" CONTENT="Biaise" WC="1.00" CC="310000"/>
						<SP ID="P69_SP00445" HPOS="3318" VPOS="1999" WIDTH="52"/>
						<String ID="P69_ST00525" HPOS="3370" VPOS="1928" WIDTH="346" HEIGHT="71" CONTENT="Cendrars," WC="0.99" CC="400039604"/>
						<SP ID="P69_SP00446" HPOS="3716" VPOS="1999" WIDTH="52"/>
						<String ID="P69_ST00526" HPOS="3768" VPOS="1935" WIDTH="64" HEIGHT="51" CONTENT="et" WC="0.80" CC="04"/>
						<SP ID="P69_SP00447" HPOS="3832" VPOS="1999" WIDTH="51"/>
						<String ID="P69_ST00527" HPOS="3883" VPOS="1932" WIDTH="78" HEIGHT="56" CONTENT="de" WC="1.00" CC="00"/>
					</TextLine>
					<TextLine ID="P69_TL00081" HPOS="2308" VPOS="2011" WIDTH="1651" HEIGHT="75">
						<String ID="P69_ST00528" HPOS="2308" VPOS="2011" WIDTH="163" HEIGHT="54" CONTENT="Paul" WC="0.97" CC="6004"/>
						<SP ID="P69_SP00448" HPOS="2471" VPOS="2065" WIDTH="69"/>
						<String ID="P69_ST00529" HPOS="2540" VPOS="2011" WIDTH="298" HEIGHT="68" CONTENT="Morand," WC="0.99" CC="0013304"/>
						<SP ID="P69_SP00449" HPOS="2838" VPOS="2079" WIDTH="72"/>
						<String ID="P69_ST00530" HPOS="2910" VPOS="2015" WIDTH="333" HEIGHT="66" CONTENT="prouvent" WC="0.99" CC="04060423"/>
						<SP ID="P69_SP00450" HPOS="3243" VPOS="2081" WIDTH="71"/>
						<String ID="P69_ST00531" HPOS="3314" VPOS="2027" WIDTH="129" HEIGHT="55" CONTENT="que" WC="0.98" CC="040"/>
						<SP ID="P69_SP00451" HPOS="3443" VPOS="2082" WIDTH="68"/>
						<String ID="P69_ST00532" HPOS="3511" VPOS="2011" WIDTH="91" HEIGHT="56" CONTENT="les" WC="0.98" CC="500"/>
						<SP ID="P69_SP00452" HPOS="3602" VPOS="2082" WIDTH="71"/>
						<String ID="P69_ST00533" HPOS="3673" VPOS="2028" WIDTH="286" HEIGHT="58" CONTENT="voyages" WC="0.99" CC="5500000"/>
					</TextLine>
					<TextLine ID="P69_TL00082" HPOS="2310" VPOS="2094" WIDTH="1651" HEIGHT="76">
						<String ID="P69_ST00534" HPOS="2310" VPOS="2094" WIDTH="368" HEIGHT="56" CONTENT="déforment" WC="0.99" CC="004060003"/>
						<SP ID="P69_SP00453" HPOS="2678" VPOS="2150" WIDTH="30"/>
						<String ID="P69_ST00535" HPOS="2708" VPOS="2096" WIDTH="64" HEIGHT="54" CONTENT="la" WC="0.66" CC="60"/>
						<SP ID="P69_SP00454" HPOS="2772" VPOS="2150" WIDTH="31"/>
						<String ID="P69_ST00536" HPOS="2803" VPOS="2096" WIDTH="318" HEIGHT="68" CONTENT="jeunesse." WC="0.99" CC="726600000"/>
						<SP ID="P69_SP00455" HPOS="3121" VPOS="2164" WIDTH="56"/>
						<String ID="P69_ST00537" HPOS="3177" VPOS="2096" WIDTH="225" HEIGHT="68" CONTENT="Enfin," WC="0.99" CC="002204"/>
						<SP ID="P69_SP00456" HPOS="3402" VPOS="2164" WIDTH="32"/>
						<String ID="P69_ST00538" HPOS="3434" VPOS="2096" WIDTH="60" HEIGHT="54" CONTENT="le" WC="0.86" CC="20"/>
						<SP ID="P69_SP00457" HPOS="3494" VPOS="2164" WIDTH="34"/>
						<String ID="P69_ST00539" HPOS="3528" VPOS="2098" WIDTH="169" HEIGHT="54" CONTENT="beau" WC="0.98" CC="7003"/>
						<SP ID="P69_SP00458" HPOS="3697" VPOS="2164" WIDTH="34"/>
						<String ID="P69_ST00540" HPOS="3731" VPOS="2096" WIDTH="230" HEIGHT="74" CONTENT="poème" WC="1.00" CC="04000"/>
					</TextLine>
					<TextLine ID="P69_TL00083" HPOS="2310" VPOS="2177" WIDTH="1651" HEIGHT="70">
						<String ID="P69_ST00541" HPOS="2310" VPOS="2179" WIDTH="78" HEIGHT="54" CONTENT="de" WC="1.00" CC="00"/>
						<SP ID="P69_SP00459" HPOS="2388" VPOS="2233" WIDTH="44"/>
						<String ID="P69_ST00542" HPOS="2432" VPOS="2177" WIDTH="166" HEIGHT="58" CONTENT="Jean" WC="1.00" CC="0020"/>
						<SP ID="P69_SP00460" HPOS="2598" VPOS="2235" WIDTH="44"/>
						<String ID="P69_ST00543" HPOS="2642" VPOS="2179" WIDTH="308" HEIGHT="68" CONTENT="Cocteau," WC="0.99" CC="51150042"/>
						<SP ID="P69_SP00461" HPOS="2950" VPOS="2247" WIDTH="46"/>
						<String ID="P69_ST00544" HPOS="2996" VPOS="2179" WIDTH="203" HEIGHT="56" CONTENT="Hôtel" WC="0.98" CC="64300"/>
						<SP ID="P69_SP00462" HPOS="3199" VPOS="2247" WIDTH="46"/>
						<String ID="P69_ST00545" HPOS="3245" VPOS="2179" WIDTH="78" HEIGHT="56" CONTENT="de" WC="1.00" CC="00"/>
						<SP ID="P69_SP00463" HPOS="3323" VPOS="2247" WIDTH="49"/>
						<String ID="P69_ST00546" HPOS="3372" VPOS="2179" WIDTH="252" HEIGHT="56" CONTENT="France" WC="0.98" CC="059300"/>
						<SP ID="P69_SP00464" HPOS="3624" VPOS="2247" WIDTH="42"/>
						<String ID="P69_ST00547" HPOS="3666" VPOS="2184" WIDTH="68" HEIGHT="54" CONTENT="et" WC="1.00" CC="00"/>
						<SP ID="P69_SP00465" HPOS="3734" VPOS="2247" WIDTH="44"/>
						<String ID="P69_ST00548" HPOS="3778" VPOS="2182" WIDTH="78" HEIGHT="54" CONTENT="de" WC="1.00" CC="00"/>
						<SP ID="P69_SP00466" HPOS="3856" VPOS="2247" WIDTH="41"/>
						<String ID="P69_ST00549" HPOS="3897" VPOS="2182" WIDTH="64" HEIGHT="56" CONTENT="la" WC="0.61" CC="07"/>
					</TextLine>
					<TextLine ID="P69_TL00084" HPOS="2310" VPOS="2260" WIDTH="288" HEIGHT="58">
						<String ID="P69_ST00550" HPOS="2310" VPOS="2260" WIDTH="224" HEIGHT="58" CONTENT="Poésie" WC="0.99" CC="330000"/>
						<SP ID="P69_SP00467" HPOS="2534" VPOS="2318" WIDTH="50"/>
						<String ID="P69_ST00551" HPOS="2584" VPOS="2277" WIDTH="14" HEIGHT="41" CONTENT=":" WC="0.78" CC="2"/>
					</TextLine>
					<TextLine ID="P69_TL00085" HPOS="2310" VPOS="2345" WIDTH="852" HEIGHT="69">
						<String ID="P69_ST00552" HPOS="2310" VPOS="2347" WIDTH="222" HEIGHT="66" CONTENT="Arbre," WC="0.98" CC="360440"/>
						<SP ID="P69_SP00468" HPOS="2532" VPOS="2413" WIDTH="57"/>
						<String ID="P69_ST00553" HPOS="2589" VPOS="2347" WIDTH="171" HEIGHT="54" CONTENT="bocal" WC="0.98" CC="43004"/>
						<SP ID="P69_SP00469" HPOS="2760" VPOS="2413" WIDTH="50"/>
						<String ID="P69_ST00554" HPOS="2810" VPOS="2345" WIDTH="352" HEIGHT="69" CONTENT="d'oiseaux," WC="1.00" CC="0052006000"/>
					</TextLine>
					<TextLine ID="P69_TL00086" HPOS="2308" VPOS="2430" WIDTH="994" HEIGHT="71">
						<String ID="P69_ST00555" HPOS="2308" VPOS="2430" WIDTH="102" HEIGHT="69" CONTENT="feu" WC="0.94" CC="780"/>
						<SP ID="P69_SP00470" HPOS="2410" VPOS="2499" WIDTH="52"/>
						<String ID="P69_ST00556" HPOS="2462" VPOS="2430" WIDTH="70" HEIGHT="54" CONTENT="de" WC="0.72" CC="05"/>
						<SP ID="P69_SP00471" HPOS="2532" VPOS="2499" WIDTH="35"/>
						<String ID="P69_ST00557" HPOS="2567" VPOS="2431" WIDTH="256" HEIGHT="70" CONTENT="bengale" WC="0.95" CC="0000002"/>
						<SP ID="P69_SP00472" HPOS="2823" VPOS="2501" WIDTH="51"/>
						<String ID="P69_ST00558" HPOS="2874" VPOS="2433" WIDTH="166" HEIGHT="52" CONTENT="entre" WC="0.99" CC="00500"/>
						<SP ID="P69_SP00473" HPOS="3040" VPOS="2501" WIDTH="32"/>
						<String ID="P69_ST00559" HPOS="3072" VPOS="2431" WIDTH="83" HEIGHT="54" CONTENT="les" WC="1.00" CC="000"/>
						<SP ID="P69_SP00474" HPOS="3155" VPOS="2501" WIDTH="34"/>
						<String ID="P69_ST00560" HPOS="3189" VPOS="2431" WIDTH="113" HEIGHT="54" CONTENT="îles" WC="0.98" CC="0124"/>
					</TextLine>
					<TextLine ID="P69_TL00087" HPOS="2310" VPOS="2514" WIDTH="1651" HEIGHT="71">
						<String ID="P69_ST00561" HPOS="2310" VPOS="2514" WIDTH="83" HEIGHT="54" CONTENT="Le" WC="0.91" CC="01"/>
						<SP ID="P69_SP00475" HPOS="2393" VPOS="2568" WIDTH="31"/>
						<String ID="P69_ST00562" HPOS="2424" VPOS="2514" WIDTH="176" HEIGHT="54" CONTENT="soleil" WC="1.00" CC="000050"/>
						<SP ID="P69_SP00476" HPOS="2600" VPOS="2568" WIDTH="27"/>
						<String ID="P69_ST00563" HPOS="2627" VPOS="2514" WIDTH="122" HEIGHT="70" CONTENT="fait" WC="0.99" CC="0023"/>
						<SP ID="P69_SP00477" HPOS="2749" VPOS="2584" WIDTH="30"/>
						<String ID="P69_ST00564" HPOS="2779" VPOS="2514" WIDTH="254" HEIGHT="54" CONTENT="chanter" WC="0.98" CC="4008566"/>
						<SP ID="P69_SP00478" HPOS="3033" VPOS="2584" WIDTH="32"/>
						<String ID="P69_ST00565" HPOS="3065" VPOS="2516" WIDTH="83" HEIGHT="54" CONTENT="les" WC="1.00" CC="000"/>
						<SP ID="P69_SP00479" HPOS="3148" VPOS="2584" WIDTH="34"/>
						<String ID="P69_ST00566" HPOS="3182" VPOS="2518" WIDTH="337" HEIGHT="67" CONTENT="tramways" WC="0.99" CC="51004060"/>
						<SP ID="P69_SP00480" HPOS="3519" VPOS="2585" WIDTH="22"/>
						<String ID="P69_ST00567" HPOS="3541" VPOS="2516" WIDTH="161" HEIGHT="54" CONTENT="dans" WC="1.00" CC="0000"/>
						<SP ID="P69_SP00481" HPOS="3702" VPOS="2585" WIDTH="25"/>
						<String ID="P69_ST00568" HPOS="3727" VPOS="2516" WIDTH="61" HEIGHT="56" CONTENT="la" WC="1.00" CC="00"/>
						<SP ID="P69_SP00482" HPOS="3788" VPOS="2585" WIDTH="33"/>
						<String ID="P69_ST00569" HPOS="3821" VPOS="2516" WIDTH="140" HEIGHT="56" CONTENT="ville" WC="0.99" CC="44000"/>
					</TextLine>
					<TextLine ID="P69_TL00088" HPOS="2308" VPOS="2597" WIDTH="1535" HEIGHT="58">
						<String ID="P69_ST00570" HPOS="2308" VPOS="2597" WIDTH="87" HEIGHT="54" CONTENT="Le" WC="1.00" CC="00"/>
						<SP ID="P69_SP00483" HPOS="2395" VPOS="2651" WIDTH="35"/>
						<String ID="P69_ST00571" HPOS="2430" VPOS="2597" WIDTH="115" HEIGHT="54" CONTENT="ciel" WC="0.99" CC="1200"/>
						<SP ID="P69_SP00484" HPOS="2545" VPOS="2651" WIDTH="36"/>
						<String ID="P69_ST00572" HPOS="2581" VPOS="2599" WIDTH="88" HEIGHT="52" CONTENT="est" WC="0.96" CC="407"/>
						<SP ID="P69_SP00485" HPOS="2669" VPOS="2651" WIDTH="36"/>
						<String ID="P69_ST00573" HPOS="2705" VPOS="2614" WIDTH="88" HEIGHT="37" CONTENT="un" WC="1.00" CC="00"/>
						<SP ID="P69_SP00486" HPOS="2793" VPOS="2651" WIDTH="37"/>
						<String ID="P69_ST00574" HPOS="2830" VPOS="2597" WIDTH="212" HEIGHT="56" CONTENT="marin" WC="0.99" CC="00007"/>
						<SP ID="P69_SP00487" HPOS="3042" VPOS="2653" WIDTH="39"/>
						<String ID="P69_ST00575" HPOS="3081" VPOS="2599" WIDTH="165" HEIGHT="54" CONTENT="assis" WC="1.00" CC="00000"/>
						<SP ID="P69_SP00488" HPOS="3246" VPOS="2653" WIDTH="38"/>
						<String ID="P69_ST00576" HPOS="3284" VPOS="2616" WIDTH="113" HEIGHT="37" CONTENT="sur" WC="0.98" CC="004"/>
						<SP ID="P69_SP00489" HPOS="3397" VPOS="2653" WIDTH="37"/>
						<String ID="P69_ST00577" HPOS="3434" VPOS="2601" WIDTH="85" HEIGHT="54" CONTENT="les" WC="0.99" CC="030"/>
						<SP ID="P69_SP00490" HPOS="3519" VPOS="2655" WIDTH="37"/>
						<String ID="P69_ST00578" HPOS="3556" VPOS="2601" WIDTH="287" HEIGHT="54" CONTENT="maisons" WC="0.99" CC="0020060"/>
					</TextLine>
					<TextLine ID="P69_TL00089" HPOS="2313" VPOS="2678" WIDTH="1650" HEIGHT="72">
						<String ID="P69_ST00579" HPOS="2313" VPOS="2678" WIDTH="246" HEIGHT="70" CONTENT="Irai-je," WC="0.85" CC="05020300"/>
						<SP ID="P69_SP00491" HPOS="2559" VPOS="2748" WIDTH="44"/>
						<String ID="P69_ST00580" HPOS="2603" VPOS="2695" WIDTH="73" HEIGHT="39" CONTENT="en" WC="1.00" CC="00"/>
						<SP ID="P69_SP00492" HPOS="2676" VPOS="2748" WIDTH="46"/>
						<String ID="P69_ST00581" HPOS="2722" VPOS="2697" WIDTH="88" HEIGHT="37" CONTENT="un" WC="1.00" CC="00"/>
						<SP ID="P69_SP00493" HPOS="2810" VPOS="2748" WIDTH="40"/>
						<String ID="P69_ST00582" HPOS="2850" VPOS="2680" WIDTH="225" HEIGHT="56" CONTENT="miroir" WC="1.00" CC="001004"/>
						<SP ID="P69_SP00494" HPOS="3075" VPOS="2748" WIDTH="38"/>
						<String ID="P69_ST00583" HPOS="3113" VPOS="2678" WIDTH="81" HEIGHT="58" CONTENT="où" WC="0.97" CC="00"/>
						<SP ID="P69_SP00495" HPOS="3194" VPOS="2748" WIDTH="42"/>
						<String ID="P69_ST00584" HPOS="3236" VPOS="2699" WIDTH="163" HEIGHT="37" CONTENT="nous" WC="0.98" CC="6500"/>
						<SP ID="P69_SP00496" HPOS="3399" VPOS="2748" WIDTH="42"/>
						<String ID="P69_ST00585" HPOS="3441" VPOS="2697" WIDTH="522" HEIGHT="53" CONTENT="recommençons," WC="1.00" CC="0000000406002"/>
					</TextLine>
					<TextLine ID="P69_TL00090" HPOS="2310" VPOS="2763" WIDTH="1538" HEIGHT="73">
						<String ID="P69_ST00586" HPOS="2310" VPOS="2763" WIDTH="310" HEIGHT="70" CONTENT="engloutir" WC="0.98" CC="608550735"/>
						<SP ID="P69_SP00497" HPOS="2620" VPOS="2833" WIDTH="44"/>
						<String ID="P69_ST00587" HPOS="2664" VPOS="2763" WIDTH="51" HEIGHT="54" CONTENT="le" WC="0.66" CC="06"/>
						<SP ID="P69_SP00498" HPOS="2715" VPOS="2833" WIDTH="40"/>
						<String ID="P69_ST00588" HPOS="2755" VPOS="2765" WIDTH="265" HEIGHT="69" CONTENT="poitrail" WC="0.99" CC="02060004"/>
						<SP ID="P69_SP00499" HPOS="3020" VPOS="2834" WIDTH="40"/>
						<String ID="P69_ST00589" HPOS="3060" VPOS="2765" WIDTH="308" HEIGHT="69" CONTENT="fabuleux" WC="0.99" CC="30000554"/>
						<SP ID="P69_SP00500" HPOS="3368" VPOS="2834" WIDTH="43"/>
						<String ID="P69_ST00590" HPOS="3411" VPOS="2766" WIDTH="84" HEIGHT="55" CONTENT="du" WC="0.59" CC="08"/>
						<SP ID="P69_SP00501" HPOS="3495" VPOS="2834" WIDTH="48"/>
						<String ID="P69_ST00591" HPOS="3543" VPOS="2766" WIDTH="305" HEIGHT="70" CONTENT="quadrige" WC="0.99" CC="27104400"/>
					</TextLine>
					<TextLine ID="P69_TL00091" HPOS="2310" VPOS="2846" WIDTH="1653" HEIGHT="76">
						<String ID="P69_ST00592" HPOS="2310" VPOS="2846" WIDTH="71" HEIGHT="56" CONTENT="de" WC="0.65" CC="06"/>
						<SP ID="P69_SP00502" HPOS="2381" VPOS="2902" WIDTH="65"/>
						<String ID="P69_ST00593" HPOS="2446" VPOS="2848" WIDTH="369" HEIGHT="56" CONTENT="cuirassiers" WC="0.99" CC="07440004070"/>
						<SP ID="P69_SP00503" HPOS="2815" VPOS="2904" WIDTH="64"/>
						<String ID="P69_ST00594" HPOS="2879" VPOS="2851" WIDTH="296" HEIGHT="54" CONTENT="mourant" WC="0.99" CC="0006054"/>
						<SP ID="P69_SP00504" HPOS="3175" VPOS="2905" WIDTH="63"/>
						<String ID="P69_ST00595" HPOS="3238" VPOS="2851" WIDTH="215" HEIGHT="71" CONTENT="parmi" WC="0.98" CC="00804"/>
						<SP ID="P69_SP00505" HPOS="3453" VPOS="2922" WIDTH="68"/>
						<String ID="P69_ST00596" HPOS="3521" VPOS="2851" WIDTH="84" HEIGHT="54" CONTENT="les" WC="1.00" CC="000"/>
						<SP ID="P69_SP00506" HPOS="3605" VPOS="2922" WIDTH="65"/>
						<String ID="P69_ST00597" HPOS="3670" VPOS="2851" WIDTH="293" HEIGHT="56" CONTENT="écussons" WC="0.85" CC="00500060"/>
					</TextLine>
					<TextLine ID="P69_TL00092" HPOS="2315" VPOS="2983" WIDTH="1649" HEIGHT="75">
						<String ID="P69_ST00598" HPOS="2315" VPOS="2983" WIDTH="58" HEIGHT="56" CONTENT="Il" WC="1.00" CC="00"/>
						<SP ID="P69_SP00507" HPOS="2373" VPOS="3039" WIDTH="34"/>
						<String ID="P69_ST00599" HPOS="2407" VPOS="2987" WIDTH="88" HEIGHT="52" CONTENT="est" WC="0.98" CC="006"/>
						<SP ID="P69_SP00508" HPOS="2495" VPOS="3039" WIDTH="30"/>
						<String ID="P69_ST00600" HPOS="2525" VPOS="2985" WIDTH="103" HEIGHT="54" CONTENT="des" WC="0.98" CC="050"/>
						<SP ID="P69_SP00509" HPOS="2628" VPOS="3039" WIDTH="34"/>
						<String ID="P69_ST00601" HPOS="2662" VPOS="2985" WIDTH="197" HEIGHT="71" CONTENT="jours," WC="0.99" CC="600000"/>
						<SP ID="P69_SP00510" HPOS="2859" VPOS="3056" WIDTH="40"/>
						<String ID="P69_ST00602" HPOS="2899" VPOS="2987" WIDTH="60" HEIGHT="54" CONTENT="la" WC="0.77" CC="40"/>
						<SP ID="P69_SP00511" HPOS="2959" VPOS="3056" WIDTH="37"/>
						<String ID="P69_ST00603" HPOS="2996" VPOS="3004" WIDTH="130" HEIGHT="39" CONTENT="mer" WC="1.00" CC="000"/>
						<SP ID="P69_SP00512" HPOS="3126" VPOS="3056" WIDTH="32"/>
						<String ID="P69_ST00604" HPOS="3158" VPOS="3004" WIDTH="165" HEIGHT="54" CONTENT="pour" WC="1.00" CC="0002"/>
						<SP ID="P69_SP00513" HPOS="3323" VPOS="3058" WIDTH="34"/>
						<String ID="P69_ST00605" HPOS="3357" VPOS="2988" WIDTH="237" HEIGHT="70" CONTENT="enjôler" WC="0.99" CC="2000260"/>
						<SP ID="P69_SP00514" HPOS="3594" VPOS="3058" WIDTH="37"/>
						<String ID="P69_ST00606" HPOS="3631" VPOS="2988" WIDTH="52" HEIGHT="56" CONTENT="le" WC="1.00" CC="00"/>
						<SP ID="P69_SP00515" HPOS="3683" VPOS="3058" WIDTH="34"/>
						<String ID="P69_ST00607" HPOS="3717" VPOS="3004" WIDTH="247" HEIGHT="40" CONTENT="mousse" WC="0.99" CC="020006"/>
					</TextLine>
					<TextLine ID="P69_TL00093" HPOS="2312" VPOS="3070" WIDTH="1337" HEIGHT="72">
						<String ID="P69_ST00608" HPOS="2312" VPOS="3070" WIDTH="93" HEIGHT="54" CONTENT="lui" WC="1.00" CC="000"/>
						<SP ID="P69_SP00516" HPOS="2405" VPOS="3124" WIDTH="37"/>
						<String ID="P69_ST00609" HPOS="2442" VPOS="3070" WIDTH="291" HEIGHT="55" CONTENT="découvre" WC="0.99" CC="03010406"/>
						<SP ID="P69_SP00517" HPOS="2733" VPOS="3125" WIDTH="38"/>
						<String ID="P69_ST00610" HPOS="2771" VPOS="3088" WIDTH="94" HEIGHT="37" CONTENT="ses" WC="0.99" CC="020"/>
						<SP ID="P69_SP00518" HPOS="2865" VPOS="3125" WIDTH="43"/>
						<String ID="P69_ST00611" HPOS="2908" VPOS="3071" WIDTH="101" HEIGHT="56" CONTENT="lits" WC="0.99" CC="0030"/>
						<SP ID="P69_SP00519" HPOS="3009" VPOS="3127" WIDTH="41"/>
						<String ID="P69_ST00612" HPOS="3050" VPOS="3073" WIDTH="166" HEIGHT="69" CONTENT="agite" WC="0.98" CC="00226"/>
						<SP ID="P69_SP00520" HPOS="3216" VPOS="3142" WIDTH="39"/>
						<String ID="P69_ST00613" HPOS="3255" VPOS="3090" WIDTH="96" HEIGHT="37" CONTENT="ses" WC="0.98" CC="050"/>
						<SP ID="P69_SP00521" HPOS="3351" VPOS="3142" WIDTH="41"/>
						<String ID="P69_ST00614" HPOS="3392" VPOS="3075" WIDTH="257" HEIGHT="54" CONTENT="dessous" WC="0.99" CC="0600050"/>
					</TextLine>
					<TextLine ID="P69_TL00094" HPOS="2310" VPOS="3153" WIDTH="1654" HEIGHT="76">
						<String ID="P69_ST00615" HPOS="2310" VPOS="3153" WIDTH="303" HEIGHT="55" CONTENT="débouche" WC="0.99" CC="05020013"/>
						<SP ID="P69_SP00522" HPOS="2613" VPOS="3208" WIDTH="92"/>
						<String ID="P69_ST00616" HPOS="2705" VPOS="3154" WIDTH="435" HEIGHT="71" CONTENT="bruyamment" WC="0.99" CC="5404000604"/>
						<SP ID="P69_SP00523" HPOS="3140" VPOS="3225" WIDTH="86"/>
						<String ID="P69_ST00617" HPOS="3226" VPOS="3173" WIDTH="88" HEIGHT="39" CONTENT="un" WC="0.67" CC="06"/>
						<SP ID="P69_SP00524" HPOS="3314" VPOS="3225" WIDTH="73"/>
						<String ID="P69_ST00618" HPOS="3387" VPOS="3158" WIDTH="396" HEIGHT="71" CONTENT="Champagne" WC="1.00" CC="100000600"/>
						<SP ID="P69_SP00525" HPOS="3783" VPOS="3229" WIDTH="71"/>
						<String ID="P69_ST00619" HPOS="3854" VPOS="3156" WIDTH="110" HEIGHT="71" CONTENT="qui" WC="1.00" CC="000"/>
					</TextLine>
					<TextLine ID="P69_TL00095" HPOS="2308" VPOS="3251" WIDTH="248" HEIGHT="40">
						<String ID="P69_ST00620" HPOS="2308" VPOS="3251" WIDTH="248" HEIGHT="40" CONTENT="mousse" WC="0.98" CC="043503"/>
					</TextLine>
					<TextLine ID="P69_TL00096" HPOS="2310" VPOS="3320" WIDTH="1500" HEIGHT="75">
						<String ID="P69_ST00621" HPOS="2310" VPOS="3320" WIDTH="288" HEIGHT="54" CONTENT="mauvais" WC="0.99" CC="0172050"/>
						<SP ID="P69_SP00526" HPOS="2598" VPOS="3374" WIDTH="41"/>
						<String ID="P69_ST00622" HPOS="2639" VPOS="3320" WIDTH="150" HEIGHT="56" CONTENT="livre" WC="0.98" CC="05041"/>
						<SP ID="P69_SP00527" HPOS="2789" VPOS="3376" WIDTH="36"/>
						<String ID="P69_ST00623" HPOS="2825" VPOS="3322" WIDTH="71" HEIGHT="56" CONTENT="de" WC="0.51" CC="36"/>
						<SP ID="P69_SP00528" HPOS="2896" VPOS="3378" WIDTH="37"/>
						<String ID="P69_ST00624" HPOS="2933" VPOS="3324" WIDTH="192" HEIGHT="69" CONTENT="poche" WC="1.00" CC="01002"/>
						<SP ID="P69_SP00529" HPOS="3125" VPOS="3393" WIDTH="39"/>
						<String ID="P69_ST00625" HPOS="3164" VPOS="3324" WIDTH="208" HEIGHT="57" CONTENT="acheté" WC="0.98" CC="010446"/>
						<SP ID="P69_SP00530" HPOS="3372" VPOS="3393" WIDTH="39"/>
						<String ID="P69_ST00626" HPOS="3411" VPOS="3327" WIDTH="215" HEIGHT="68" CONTENT="quatre" WC="0.98" CC="000736"/>
						<SP ID="P69_SP00531" HPOS="3626" VPOS="3395" WIDTH="37"/>
						<String ID="P69_ST00627" HPOS="3663" VPOS="3341" WIDTH="147" HEIGHT="38" CONTENT="sous" WC="1.00" CC="0000"/>
					</TextLine>
					<TextLine ID="P69_TL00097" HPOS="2322" VPOS="3401" WIDTH="1637" HEIGHT="77">
						<String ID="P69_ST00628" HPOS="2322" VPOS="3401" WIDTH="142" HEIGHT="70" CONTENT="(Ses" WC="1.00" CC="0000"/>
						<SP ID="P69_SP00532" HPOS="2464" VPOS="3471" WIDTH="48"/>
						<String ID="P69_ST00629" HPOS="2512" VPOS="3418" WIDTH="160" HEIGHT="55" CONTENT="yeux" WC="0.99" CC="0500"/>
						<SP ID="P69_SP00533" HPOS="2672" VPOS="3473" WIDTH="46"/>
						<String ID="P69_ST00630" HPOS="2718" VPOS="3405" WIDTH="254" HEIGHT="57" CONTENT="demain" WC="1.00" CC="000010"/>
						<SP ID="P69_SP00534" HPOS="2972" VPOS="3473" WIDTH="48"/>
						<String ID="P69_ST00631" HPOS="3020" VPOS="3407" WIDTH="204" HEIGHT="71" CONTENT="feront" WC="0.98" CC="253005"/>
						<SP ID="P69_SP00535" HPOS="3224" VPOS="3478" WIDTH="46"/>
						<String ID="P69_ST00632" HPOS="3270" VPOS="3408" WIDTH="246" HEIGHT="54" CONTENT="sourire" WC="0.99" CC="0004441"/>
						<SP ID="P69_SP00536" HPOS="3516" VPOS="3478" WIDTH="51"/>
						<String ID="P69_ST00633" HPOS="3567" VPOS="3405" WIDTH="392" HEIGHT="73" CONTENT="l'équipage)" WC="0.99" CC="20426000130"/>
					</TextLine>
					<TextLine ID="P69_TL00098" HPOS="2308" VPOS="3540" WIDTH="1651" HEIGHT="80">
						<String ID="P69_ST00634" HPOS="2308" VPOS="3540" WIDTH="231" HEIGHT="56" CONTENT="Ballon" WC="0.99" CC="810000"/>
						<SP ID="P69_SP00537" HPOS="2539" VPOS="3596" WIDTH="74"/>
						<String ID="P69_ST00635" HPOS="2613" VPOS="3544" WIDTH="170" HEIGHT="56" CONTENT="bocal" WC="0.99" CC="20060"/>
						<SP ID="P69_SP00538" HPOS="2783" VPOS="3600" WIDTH="55"/>
						<String ID="P69_ST00636" HPOS="2838" VPOS="3544" WIDTH="331" HEIGHT="57" CONTENT="d'oiseaux" WC="0.99" CC="009216000"/>
						<SP ID="P69_SP00539" HPOS="3169" VPOS="3601" WIDTH="45"/>
						<String ID="P69_ST00637" HPOS="3214" VPOS="3547" WIDTH="195" HEIGHT="70" CONTENT="légers" WC="0.99" CC="051500"/>
						<SP ID="P69_SP00540" HPOS="3409" VPOS="3617" WIDTH="63"/>
						<String ID="P69_ST00638" HPOS="3472" VPOS="3547" WIDTH="142" HEIGHT="73" CONTENT="pris" WC="0.98" CC="0430"/>
						<SP ID="P69_SP00541" HPOS="3614" VPOS="3620" WIDTH="61"/>
						<String ID="P69_ST00639" HPOS="3675" VPOS="3562" WIDTH="85" HEIGHT="39" CONTENT="au" WC="1.00" CC="00"/>
						<SP ID="P69_SP00542" HPOS="3760" VPOS="3620" WIDTH="45"/>
						<String ID="P69_ST00640" HPOS="3805" VPOS="3545" WIDTH="154" HEIGHT="72" CONTENT="filet." WC="0.98" CC="300551"/>
					</TextLine>
					<TextLine ID="P69_TL00099" HPOS="2391" VPOS="3644" WIDTH="1573" HEIGHT="76">
						<String ID="P69_ST00641" HPOS="2391" VPOS="3644" WIDTH="93" HEIGHT="52" CONTENT="La" WC="1.00" CC="00"/>
						<SP ID="P69_SP00543" HPOS="2484" VPOS="3696" WIDTH="22"/>
						<String ID="P69_ST00642" HPOS="2506" VPOS="3644" WIDTH="300" HEIGHT="57" CONTENT="Nouvelle" WC="0.99" CC="00600005"/>
						<SP ID="P69_SP00544" HPOS="2806" VPOS="3701" WIDTH="19"/>
						<String ID="P69_ST00643" HPOS="2825" VPOS="3662" WIDTH="183" HEIGHT="41" CONTENT="revue" WC="1.00" CC="20000"/>
						<SP ID="P69_SP00545" HPOS="3008" VPOS="3703" WIDTH="17"/>
						<String ID="P69_ST00644" HPOS="3025" VPOS="3649" WIDTH="340" HEIGHT="69" CONTENT="française." WC="1.00" CC="0000001000"/>
						<SP ID="P69_SP00546" HPOS="3365" VPOS="3718" WIDTH="27"/>
						<String ID="P69_ST00645" HPOS="3392" VPOS="3650" WIDTH="188" HEIGHT="56" CONTENT="Cette" WC="0.99" CC="40000"/>
						<SP ID="P69_SP00547" HPOS="3580" VPOS="3718" WIDTH="20"/>
						<String ID="P69_ST00646" HPOS="3600" VPOS="3669" WIDTH="24" HEIGHT="32" CONTENT="«" WC="1.00" CC="0"/>
						<SP ID="P69_SP00548" HPOS="3624" VPOS="3718" WIDTH="32"/>
						<String ID="P69_ST00647" HPOS="3656" VPOS="3649" WIDTH="308" HEIGHT="71" CONTENT="opinion»" WC="0.99" CC="00130451"/>
					</TextLine>
					<TextLine ID="P69_TL00100" HPOS="2310" VPOS="3727" WIDTH="1341" HEIGHT="64">
						<String ID="P69_ST00648" HPOS="2310" VPOS="3727" WIDTH="291" HEIGHT="57" CONTENT="d'André" WC="0.98" CC="8306060"/>
						<SP ID="P69_SP00549" HPOS="2601" VPOS="3784" WIDTH="65"/>
						<String ID="P69_ST00649" HPOS="2666" VPOS="3730" WIDTH="161" HEIGHT="56" CONTENT="Gide" WC="0.98" CC="3003"/>
						<SP ID="P69_SP00550" HPOS="2827" VPOS="3786" WIDTH="60"/>
						<String ID="P69_ST00650" HPOS="2887" VPOS="3747" WIDTH="112" HEIGHT="44" CONTENT="sur" WC="0.95" CC="076"/>
						<SP ID="P69_SP00551" HPOS="2999" VPOS="3791" WIDTH="56"/>
						<String ID="P69_ST00651" HPOS="3055" VPOS="3733" WIDTH="59" HEIGHT="55" CONTENT="le" WC="0.71" CC="50"/>
						<SP ID="P69_SP00552" HPOS="3114" VPOS="3791" WIDTH="63"/>
						<String ID="P69_ST00652" HPOS="3177" VPOS="3733" WIDTH="396" HEIGHT="56" CONTENT="classicisme" WC="1.00" CC="06000004000"/>
						<SP ID="P69_SP00553" HPOS="3573" VPOS="3791" WIDTH="65"/>
						<String ID="P69_ST00653" HPOS="3638" VPOS="3749" WIDTH="13" HEIGHT="40" CONTENT=":" WC="1.00" CC="0"/>
					</TextLine>
					<TextLine ID="P69_TL00101" HPOS="2391" VPOS="3810" WIDTH="1572" HEIGHT="72">
						<String ID="P69_ST00654" HPOS="2391" VPOS="3810" WIDTH="132" HEIGHT="55" CONTENT="«Le" WC="1.00" CC="000"/>
						<SP ID="P69_SP00554" HPOS="2523" VPOS="3865" WIDTH="29"/>
						<String ID="P69_ST00655" HPOS="2552" VPOS="3811" WIDTH="330" HEIGHT="71" CONTENT="triomphe" WC="0.99" CC="24250060"/>
						<SP ID="P69_SP00555" HPOS="2882" VPOS="3882" WIDTH="73"/>
						<String ID="P69_ST00656" HPOS="2955" VPOS="3816" WIDTH="80" HEIGHT="55" CONTENT="de" WC="1.00" CC="00"/>
						<SP ID="P69_SP00556" HPOS="3035" VPOS="3882" WIDTH="71"/>
						<String ID="P69_ST00657" HPOS="3106" VPOS="3816" WIDTH="589" HEIGHT="58" CONTENT="l'individualisme" WC="1.00" CC="1200005082030300"/>
						<SP ID="P69_SP00557" HPOS="3695" VPOS="3882" WIDTH="73"/>
						<String ID="P69_ST00658" HPOS="3768" VPOS="3818" WIDTH="68" HEIGHT="53" CONTENT="et" WC="0.64" CC="07"/>
						<SP ID="P69_SP00558" HPOS="3836" VPOS="3882" WIDTH="69"/>
						<String ID="P69_ST00659" HPOS="3905" VPOS="3813" WIDTH="58" HEIGHT="56" CONTENT="le" WC="0.64" CC="70"/>
					</TextLine>
					<TextLine ID="P69_TL00102" HPOS="2305" VPOS="3893" WIDTH="1656" HEIGHT="72">
						<String ID="P69_ST00660" HPOS="2305" VPOS="3893" WIDTH="328" HEIGHT="71" CONTENT="triomphe" WC="0.99" CC="15630060"/>
						<SP ID="P69_SP00559" HPOS="2633" VPOS="3964" WIDTH="50"/>
						<String ID="P69_ST00661" HPOS="2683" VPOS="3896" WIDTH="84" HEIGHT="56" CONTENT="du" WC="0.77" CC="04"/>
						<SP ID="P69_SP00560" HPOS="2767" VPOS="3964" WIDTH="49"/>
						<String ID="P69_ST00662" HPOS="2816" VPOS="3899" WIDTH="395" HEIGHT="58" CONTENT="classicisme" WC="1.00" CC="01100000000"/>
						<SP ID="P69_SP00561" HPOS="3211" VPOS="3964" WIDTH="46"/>
						<String ID="P69_ST00663" HPOS="3257" VPOS="3916" WIDTH="66" HEIGHT="39" CONTENT="se" WC="1.00" CC="00"/>
						<SP ID="P69_SP00562" HPOS="3323" VPOS="3964" WIDTH="49"/>
						<String ID="P69_ST00664" HPOS="3372" VPOS="3901" WIDTH="428" HEIGHT="56" CONTENT="confondent." WC="0.99" CC="00630500600"/>
						<SP ID="P69_SP00563" HPOS="3800" VPOS="3964" WIDTH="53"/>
						<String ID="P69_ST00665" HPOS="3853" VPOS="3898" WIDTH="108" HEIGHT="67" CONTENT="Or," WC="0.95" CC="634"/>
					</TextLine>
					<TextLine ID="P69_TL00103" HPOS="2307" VPOS="3976" WIDTH="1656" HEIGHT="72">
						<String ID="P69_ST00666" HPOS="2307" VPOS="3976" WIDTH="57" HEIGHT="55" CONTENT="le" WC="0.84" CC="30"/>
						<SP ID="P69_SP00564" HPOS="2364" VPOS="4031" WIDTH="44"/>
						<String ID="P69_ST00667" HPOS="2408" VPOS="3977" WIDTH="329" HEIGHT="71" CONTENT="triomphe" WC="0.99" CC="05204070"/>
						<SP ID="P69_SP00565" HPOS="2737" VPOS="4048" WIDTH="47"/>
						<String ID="P69_ST00668" HPOS="2784" VPOS="3982" WIDTH="80" HEIGHT="54" CONTENT="de" WC="1.00" CC="00"/>
						<SP ID="P69_SP00566" HPOS="2864" VPOS="4048" WIDTH="44"/>
						<String ID="P69_ST00669" HPOS="2908" VPOS="3982" WIDTH="589" HEIGHT="58" CONTENT="l'individualisme" WC="1.00" CC="4402006000040000"/>
						<SP ID="P69_SP00567" HPOS="3497" VPOS="4048" WIDTH="49"/>
						<String ID="P69_ST00670" HPOS="3546" VPOS="3987" WIDTH="100" HEIGHT="53" CONTENT="est" WC="1.00" CC="000"/>
						<SP ID="P69_SP00568" HPOS="3646" VPOS="4048" WIDTH="51"/>
						<String ID="P69_ST00671" HPOS="3697" VPOS="3984" WIDTH="162" HEIGHT="54" CONTENT="dans" WC="1.00" CC="0000"/>
						<SP ID="P69_SP00569" HPOS="3859" VPOS="4048" WIDTH="44"/>
						<String ID="P69_ST00672" HPOS="3903" VPOS="3981" WIDTH="60" HEIGHT="54" CONTENT="le" WC="1.00" CC="00"/>
					</TextLine>
					<TextLine ID="P69_TL00104" HPOS="2307" VPOS="4065" WIDTH="1656" HEIGHT="71">
						<String ID="P69_ST00673" HPOS="2307" VPOS="4067" WIDTH="462" HEIGHT="52" CONTENT="renoncement" WC="1.00" CC="50650000000"/>
						<SP ID="P69_SP00570" HPOS="2769" VPOS="4119" WIDTH="56"/>
						<String ID="P69_ST00674" HPOS="2825" VPOS="4065" WIDTH="35" HEIGHT="56" CONTENT="à" WC="1.00" CC="0"/>
						<SP ID="P69_SP00571" HPOS="2860" VPOS="4121" WIDTH="53"/>
						<String ID="P69_ST00675" HPOS="2913" VPOS="4067" WIDTH="537" HEIGHT="58" CONTENT="l'individualité." WC="0.99" CC="7303765202040702"/>
						<SP ID="P69_SP00572" HPOS="3450" VPOS="4125" WIDTH="66"/>
						<String ID="P69_ST00676" HPOS="3516" VPOS="4069" WIDTH="49" HEIGHT="54" CONTENT="Il" WC="1.00" CC="00"/>
						<SP ID="P69_SP00573" HPOS="3565" VPOS="4125" WIDTH="54"/>
						<String ID="P69_ST00677" HPOS="3619" VPOS="4069" WIDTH="173" HEIGHT="56" CONTENT="n'est" WC="0.97" CC="63224"/>
						<SP ID="P69_SP00574" HPOS="3792" VPOS="4125" WIDTH="52"/>
						<String ID="P69_ST00678" HPOS="3844" VPOS="4079" WIDTH="119" HEIGHT="57" CONTENT="pas" WC="1.00" CC="000"/>
					</TextLine>
					<TextLine ID="P69_TL00105" HPOS="2307" VPOS="4145" WIDTH="1656" HEIGHT="78">
						<String ID="P69_ST00679" HPOS="2307" VPOS="4158" WIDTH="127" HEIGHT="41" CONTENT="une" WC="0.95" CC="740"/>
						<SP ID="P69_SP00575" HPOS="2434" VPOS="4199" WIDTH="50"/>
						<String ID="P69_ST00680" HPOS="2484" VPOS="4145" WIDTH="111" HEIGHT="56" CONTENT="des" WC="0.98" CC="005"/>
						<SP ID="P69_SP00576" HPOS="2595" VPOS="4201" WIDTH="50"/>
						<String ID="P69_ST00681" HPOS="2645" VPOS="4147" WIDTH="281" HEIGHT="69" CONTENT="qualités" WC="0.99" CC="05056110"/>
						<SP ID="P69_SP00577" HPOS="2926" VPOS="4216" WIDTH="55"/>
						<String ID="P69_ST00682" HPOS="2981" VPOS="4152" WIDTH="88" HEIGHT="54" CONTENT="du" WC="0.72" CC="05"/>
						<SP ID="P69_SP00578" HPOS="3069" VPOS="4216" WIDTH="50"/>
						<String ID="P69_ST00683" HPOS="3119" VPOS="4152" WIDTH="172" HEIGHT="71" CONTENT="style" WC="0.99" CC="04002"/>
						<SP ID="P69_SP00579" HPOS="3291" VPOS="4223" WIDTH="52"/>
						<String ID="P69_ST00684" HPOS="3343" VPOS="4152" WIDTH="327" HEIGHT="71" CONTENT="classique" WC="0.99" CC="059004061"/>
						<SP ID="P69_SP00580" HPOS="3670" VPOS="4223" WIDTH="51"/>
						<String ID="P69_ST00685" HPOS="3721" VPOS="4148" WIDTH="111" HEIGHT="73" CONTENT="qui" WC="0.95" CC="074"/>
						<SP ID="P69_SP00581" HPOS="3832" VPOS="4223" WIDTH="51"/>
						<String ID="P69_ST00686" HPOS="3883" VPOS="4162" WIDTH="80" HEIGHT="42" CONTENT="ne" WC="0.74" CC="13"/>
					</TextLine>
					<TextLine ID="P69_TL00106" HPOS="2307" VPOS="4228" WIDTH="1654" HEIGHT="78">
						<String ID="P69_ST00687" HPOS="2307" VPOS="4228" WIDTH="284" HEIGHT="57" CONTENT="s'achète" WC="0.99" CC="30007030"/>
						<SP ID="P69_SP00582" HPOS="2591" VPOS="4285" WIDTH="39"/>
						<String ID="P69_ST00688" HPOS="2630" VPOS="4246" WIDTH="119" HEIGHT="55" CONTENT="par" WC="1.00" CC="000"/>
						<SP ID="P69_SP00583" HPOS="2749" VPOS="4301" WIDTH="37"/>
						<String ID="P69_ST00689" HPOS="2786" VPOS="4233" WIDTH="57" HEIGHT="54" CONTENT="le" WC="0.67" CC="60"/>
						<SP ID="P69_SP00584" HPOS="2843" VPOS="4301" WIDTH="41"/>
						<String ID="P69_ST00690" HPOS="2884" VPOS="4235" WIDTH="293" HEIGHT="55" CONTENT="sacrifice" WC="0.99" CC="100504404"/>
						<SP ID="P69_SP00585" HPOS="3177" VPOS="4301" WIDTH="41"/>
						<String ID="P69_ST00691" HPOS="3218" VPOS="4236" WIDTH="200" HEIGHT="56" CONTENT="d'une" WC="0.99" CC="01331"/>
						<SP ID="P69_SP00586" HPOS="3418" VPOS="4301" WIDTH="40"/>
						<String ID="P69_ST00692" HPOS="3458" VPOS="4235" WIDTH="503" HEIGHT="71" CONTENT="complaisance." WC="1.00" CC="0200400002000"/>
					</TextLine>
					<TextLine ID="P69_TL00107" HPOS="2308" VPOS="4306" WIDTH="1655" HEIGHT="84">
						<String ID="P69_ST00693" HPOS="2308" VPOS="4309" WIDTH="121" HEIGHT="56" CONTENT="Les" WC="1.00" CC="000"/>
						<SP ID="P69_SP00587" HPOS="2429" VPOS="4365" WIDTH="62"/>
						<String ID="P69_ST00694" HPOS="2491" VPOS="4306" WIDTH="286" HEIGHT="76" CONTENT="peintres" WC="0.99" CC="00867000"/>
						<SP ID="P69_SP00588" HPOS="2777" VPOS="4382" WIDTH="66"/>
						<String ID="P69_ST00695" HPOS="2843" VPOS="4321" WIDTH="65" HEIGHT="51" CONTENT="et" WC="0.99" CC="00"/>
						<SP ID="P69_SP00589" HPOS="2908" VPOS="4382" WIDTH="64"/>
						<String ID="P69_ST00696" HPOS="2972" VPOS="4318" WIDTH="92" HEIGHT="55" CONTENT="les" WC="0.98" CC="600"/>
						<SP ID="P69_SP00590" HPOS="3064" VPOS="4382" WIDTH="62"/>
						<String ID="P69_ST00697" HPOS="3126" VPOS="4318" WIDTH="413" HEIGHT="59" CONTENT="littérateurs" WC="0.99" CC="206104000470"/>
						<SP ID="P69_SP00591" HPOS="3539" VPOS="4382" WIDTH="68"/>
						<String ID="P69_ST00698" HPOS="3607" VPOS="4335" WIDTH="127" HEIGHT="55" CONTENT="que" WC="0.98" CC="050"/>
						<SP ID="P69_SP00592" HPOS="3734" VPOS="4390" WIDTH="65"/>
						<String ID="P69_ST00699" HPOS="3799" VPOS="4331" WIDTH="164" HEIGHT="42" CONTENT="nous" WC="0.96" CC="5055"/>
					</TextLine>
					<TextLine ID="P69_TL00108" HPOS="2307" VPOS="4394" WIDTH="1657" HEIGHT="79">
						<String ID="P69_ST00700" HPOS="2307" VPOS="4394" WIDTH="399" HEIGHT="74" CONTENT="louangeons" WC="0.68" CC="6020660241"/>
						<SP ID="P69_SP00593" HPOS="2706" VPOS="4468" WIDTH="75"/>
						<String ID="P69_ST00701" HPOS="2781" VPOS="4399" WIDTH="59" HEIGHT="56" CONTENT="le" WC="0.63" CC="70"/>
						<SP ID="P69_SP00594" HPOS="2840" VPOS="4468" WIDTH="75"/>
						<String ID="P69_ST00702" HPOS="2915" VPOS="4402" WIDTH="145" HEIGHT="70" CONTENT="plus" WC="0.98" CC="0350"/>
						<SP ID="P69_SP00595" HPOS="3060" VPOS="4472" WIDTH="80"/>
						<String ID="P69_ST00703" HPOS="3140" VPOS="4402" WIDTH="428" HEIGHT="71" CONTENT="aujourd'hui" WC="0.99" CC="05442503660"/>
						<SP ID="P69_SP00596" HPOS="3568" VPOS="4473" WIDTH="76"/>
						<String ID="P69_ST00704" HPOS="3644" VPOS="4404" WIDTH="119" HEIGHT="54" CONTENT="ont" WC="1.00" CC="000"/>
						<SP ID="P69_SP00597" HPOS="3763" VPOS="4473" WIDTH="74"/>
						<String ID="P69_ST00705" HPOS="3837" VPOS="4414" WIDTH="127" HEIGHT="41" CONTENT="une" WC="0.96" CC="641"/>
					</TextLine>
					<TextLine ID="P69_TL00109" HPOS="2307" VPOS="4477" WIDTH="1659" HEIGHT="81">
						<String ID="P69_ST00706" HPOS="2307" VPOS="4477" WIDTH="306" HEIGHT="69" CONTENT="manière;" WC="0.99" CC="02405106"/>
						<SP ID="P69_SP00598" HPOS="2613" VPOS="4546" WIDTH="20"/>
						<String ID="P69_ST00707" HPOS="2633" VPOS="4482" WIDTH="58" HEIGHT="54" CONTENT="le" WC="0.96" CC="00"/>
						<SP ID="P69_SP00599" HPOS="2691" VPOS="4546" WIDTH="36"/>
						<String ID="P69_ST00708" HPOS="2727" VPOS="4485" WIDTH="205" HEIGHT="68" CONTENT="grand" WC="0.99" CC="02060"/>
						<SP ID="P69_SP00600" HPOS="2932" VPOS="4553" WIDTH="35"/>
						<String ID="P69_ST00709" HPOS="2967" VPOS="4485" WIDTH="232" HEIGHT="58" CONTENT="artiste" WC="0.99" CC="0100061"/>
						<SP ID="P69_SP00601" HPOS="3199" VPOS="4553" WIDTH="34"/>
						<String ID="P69_ST00710" HPOS="3233" VPOS="4489" WIDTH="323" HEIGHT="69" CONTENT="classique" WC="1.00" CC="050000050"/>
						<SP ID="P69_SP00602" HPOS="3556" VPOS="4558" WIDTH="33"/>
						<String ID="P69_ST00711" HPOS="3589" VPOS="4485" WIDTH="306" HEIGHT="58" CONTENT="travaille" WC="0.98" CC="550490551"/>
						<SP ID="P69_SP00603" HPOS="3895" VPOS="4558" WIDTH="34"/>
						<String ID="P69_ST00712" HPOS="3929" VPOS="4482" WIDTH="37" HEIGHT="56" CONTENT="à" WC="0.90" CC="0"/>
					</TextLine>
					<TextLine ID="P69_TL00110" HPOS="2308" VPOS="4561" WIDTH="1656" HEIGHT="77">
						<String ID="P69_ST00713" HPOS="2308" VPOS="4561" WIDTH="254" HEIGHT="58" CONTENT="n'avoir" WC="0.99" CC="0306046"/>
						<SP ID="P69_SP00604" HPOS="2562" VPOS="4619" WIDTH="41"/>
						<String ID="P69_ST00714" HPOS="2603" VPOS="4578" WIDTH="117" HEIGHT="58" CONTENT="pas" WC="0.98" CC="004"/>
						<SP ID="P69_SP00605" HPOS="2720" VPOS="4636" WIDTH="46"/>
						<String ID="P69_ST00715" HPOS="2766" VPOS="4567" WIDTH="79" HEIGHT="55" CONTENT="de" WC="0.61" CC="70"/>
						<SP ID="P69_SP00606" HPOS="2845" VPOS="4636" WIDTH="42"/>
						<String ID="P69_ST00716" HPOS="2887" VPOS="4568" WIDTH="290" HEIGHT="58" CONTENT="manière" WC="1.00" CC="0000040"/>
						<SP ID="P69_SP00607" HPOS="3177" VPOS="4636" WIDTH="31"/>
						<String ID="P69_ST00717" HPOS="3208" VPOS="4587" WIDTH="15" HEIGHT="51" CONTENT=";" WC="0.48" CC="5"/>
						<SP ID="P69_SP00608" HPOS="3223" VPOS="4638" WIDTH="45"/>
						<String ID="P69_ST00718" HPOS="3268" VPOS="4572" WIDTH="45" HEIGHT="54" CONTENT="il" WC="0.57" CC="25"/>
						<SP ID="P69_SP00609" HPOS="3313" VPOS="4638" WIDTH="42"/>
						<String ID="P69_ST00719" HPOS="3355" VPOS="4572" WIDTH="296" HEIGHT="54" CONTENT="s'efforce" WC="0.99" CC="040330400"/>
						<SP ID="P69_SP00610" HPOS="3651" VPOS="4638" WIDTH="59"/>
						<String ID="P69_ST00720" HPOS="3710" VPOS="4583" WIDTH="148" HEIGHT="43" CONTENT="vers" WC="0.99" CC="0005"/>
						<SP ID="P69_SP00611" HPOS="3858" VPOS="4638" WIDTH="40"/>
						<String ID="P69_ST00721" HPOS="3898" VPOS="4567" WIDTH="66" HEIGHT="54" CONTENT="la" WC="0.74" CC="50"/>
					</TextLine>
					<TextLine ID="P69_TL00111" HPOS="2308" VPOS="4641" WIDTH="1655" HEIGHT="78">
						<String ID="P69_ST00722" HPOS="2308" VPOS="4641" WIDTH="309" HEIGHT="61" CONTENT="banalité." WC="0.99" CC="407001100"/>
						<SP ID="P69_SP00612" HPOS="2617" VPOS="4702" WIDTH="49"/>
						<String ID="P69_ST00723" HPOS="2666" VPOS="4646" WIDTH="108" HEIGHT="56" CONTENT="S'il" WC="0.98" CC="0306"/>
						<SP ID="P69_SP00613" HPOS="2774" VPOS="4702" WIDTH="46"/>
						<String ID="P69_ST00724" HPOS="2820" VPOS="4651" WIDTH="310" HEIGHT="68" CONTENT="parvient" WC="0.99" CC="00000065"/>
						<SP ID="P69_SP00614" HPOS="3130" VPOS="4719" WIDTH="42"/>
						<String ID="P69_ST00725" HPOS="3172" VPOS="4653" WIDTH="39" HEIGHT="56" CONTENT="à" WC="0.87" CC="1"/>
						<SP ID="P69_SP00615" HPOS="3211" VPOS="4719" WIDTH="44"/>
						<String ID="P69_ST00726" HPOS="3255" VPOS="4658" WIDTH="174" HEIGHT="52" CONTENT="cette" WC="0.99" CC="01520"/>
						<SP ID="P69_SP00616" HPOS="3429" VPOS="4719" WIDTH="46"/>
						<String ID="P69_ST00727" HPOS="3475" VPOS="4649" WIDTH="296" HEIGHT="63" CONTENT="banalité" WC="0.99" CC="70504422"/>
						<SP ID="P69_SP00617" HPOS="3771" VPOS="4719" WIDTH="43"/>
						<String ID="P69_ST00728" HPOS="3814" VPOS="4663" WIDTH="149" HEIGHT="42" CONTENT="sans" WC="0.98" CC="0070"/>
					</TextLine>
					<TextLine ID="P69_TL00112" HPOS="2308" VPOS="4727" WIDTH="1655" HEIGHT="82">
						<String ID="P69_ST00729" HPOS="2308" VPOS="4727" WIDTH="212" HEIGHT="68" CONTENT="effort," WC="0.99" CC="0440003"/>
						<SP ID="P69_SP00618" HPOS="2520" VPOS="4795" WIDTH="42"/>
						<String ID="P69_ST00730" HPOS="2562" VPOS="4731" WIDTH="160" HEIGHT="54" CONTENT="c'est" WC="0.98" CC="04016"/>
						<SP ID="P69_SP00619" HPOS="2722" VPOS="4795" WIDTH="40"/>
						<String ID="P69_ST00731" HPOS="2762" VPOS="4734" WIDTH="159" HEIGHT="68" CONTENT="qu'il" WC="0.99" CC="05002"/>
						<SP ID="P69_SP00620" HPOS="2921" VPOS="4802" WIDTH="39"/>
						<String ID="P69_ST00732" HPOS="2960" VPOS="4736" WIDTH="173" HEIGHT="54" CONTENT="n'est" WC="1.00" CC="00002"/>
						<SP ID="P69_SP00621" HPOS="3133" VPOS="4802" WIDTH="37"/>
						<String ID="P69_ST00733" HPOS="3170" VPOS="4751" WIDTH="119" HEIGHT="56" CONTENT="pas" WC="0.98" CC="022"/>
						<SP ID="P69_SP00622" HPOS="3289" VPOS="4807" WIDTH="39"/>
						<String ID="P69_ST00734" HPOS="3328" VPOS="4754" WIDTH="91" HEIGHT="39" CONTENT="un" WC="0.55" CC="62"/>
						<SP ID="P69_SP00623" HPOS="3419" VPOS="4807" WIDTH="41"/>
						<String ID="P69_ST00735" HPOS="3460" VPOS="4738" WIDTH="210" HEIGHT="71" CONTENT="grand" WC="0.99" CC="90000"/>
						<SP ID="P69_SP00624" HPOS="3670" VPOS="4809" WIDTH="40"/>
						<String ID="P69_ST00736" HPOS="3710" VPOS="4734" WIDTH="253" HEIGHT="64" CONTENT="artiste," WC="0.99" CC="02451004"/>
					</TextLine>
					<TextLine ID="P69_TL00113" HPOS="2307" VPOS="4812" WIDTH="1661" HEIGHT="80">
						<String ID="P69_ST00737" HPOS="2307" VPOS="4812" WIDTH="291" HEIGHT="68" CONTENT="parbleu!" WC="0.99" CC="05150030"/>
						<SP ID="P69_SP00625" HPOS="2598" VPOS="4880" WIDTH="51"/>
						<String ID="P69_ST00738" HPOS="2649" VPOS="4814" WIDTH="303" HEIGHT="59" CONTENT="L'œuvre" WC="0.99" CC="0402360"/>
						<SP ID="P69_SP00626" HPOS="2952" VPOS="4880" WIDTH="47"/>
						<String ID="P69_ST00739" HPOS="2999" VPOS="4821" WIDTH="322" HEIGHT="71" CONTENT="classique" WC="1.00" CC="050010040"/>
						<SP ID="P69_SP00627" HPOS="3321" VPOS="4892" WIDTH="46"/>
						<String ID="P69_ST00740" HPOS="3367" VPOS="4839" WIDTH="81" HEIGHT="39" CONTENT="ne" WC="0.71" CC="50"/>
						<SP ID="P69_SP00628" HPOS="3448" VPOS="4892" WIDTH="46"/>
						<String ID="P69_ST00741" HPOS="3494" VPOS="4837" WIDTH="145" HEIGHT="41" CONTENT="sera" WC="0.98" CC="0046"/>
						<SP ID="P69_SP00629" HPOS="3639" VPOS="4892" WIDTH="44"/>
						<String ID="P69_ST00742" HPOS="3683" VPOS="4821" WIDTH="171" HEIGHT="54" CONTENT="forte" WC="0.98" CC="35400"/>
						<SP ID="P69_SP00630" HPOS="3854" VPOS="4892" WIDTH="48"/>
						<String ID="P69_ST00743" HPOS="3902" VPOS="4817" WIDTH="66" HEIGHT="54" CONTENT="et" WC="0.65" CC="07"/>
					</TextLine>
					<TextLine ID="P69_TL00114" HPOS="2308" VPOS="4893" WIDTH="1653" HEIGHT="78">
						<String ID="P69_ST00744" HPOS="2308" VPOS="4893" WIDTH="163" HEIGHT="56" CONTENT="belle" WC="0.98" CC="60500"/>
						<SP ID="P69_SP00631" HPOS="2471" VPOS="4949" WIDTH="27"/>
						<String ID="P69_ST00745" HPOS="2498" VPOS="4897" WIDTH="195" HEIGHT="67" CONTENT="qu'en" WC="0.99" CC="05000"/>
						<SP ID="P69_SP00632" HPOS="2693" VPOS="4964" WIDTH="25"/>
						<String ID="P69_ST00746" HPOS="2718" VPOS="4898" WIDTH="217" HEIGHT="58" CONTENT="raison" WC="0.99" CC="501030"/>
						<SP ID="P69_SP00633" HPOS="2935" VPOS="4964" WIDTH="27"/>
						<String ID="P69_ST00747" HPOS="2962" VPOS="4903" WIDTH="80" HEIGHT="55" CONTENT="de" WC="0.97" CC="00"/>
						<SP ID="P69_SP00634" HPOS="3042" VPOS="4964" WIDTH="25"/>
						<String ID="P69_ST00748" HPOS="3067" VPOS="4919" WIDTH="117" HEIGHT="40" CONTENT="son" WC="0.97" CC="042"/>
						<SP ID="P69_SP00635" HPOS="3184" VPOS="4964" WIDTH="25"/>
						<String ID="P69_ST00749" HPOS="3209" VPOS="4905" WIDTH="434" HEIGHT="54" CONTENT="romantisme" WC="0.99" CC="6605320200"/>
						<SP ID="P69_SP00636" HPOS="3643" VPOS="4964" WIDTH="27"/>
						<String ID="P69_ST00750" HPOS="3670" VPOS="4897" WIDTH="291" HEIGHT="74" CONTENT="dompté." WC="0.99" CC="0209300"/>
					</TextLine>
					<TextLine ID="P69_TL00115" HPOS="2310" VPOS="4976" WIDTH="1658" HEIGHT="83">
						<String ID="P69_ST00751" HPOS="2310" VPOS="4976" WIDTH="103" HEIGHT="58" CONTENT="Un" WC="0.75" CC="04"/>
						<SP ID="P69_SP00637" HPOS="2413" VPOS="5034" WIDTH="71"/>
						<String ID="P69_ST00752" HPOS="2484" VPOS="4983" WIDTH="205" HEIGHT="68" CONTENT="grand" WC="0.99" CC="06040"/>
						<SP ID="P69_SP00638" HPOS="2689" VPOS="5051" WIDTH="39"/>
						<String ID="P69_ST00753" HPOS="2728" VPOS="4983" WIDTH="231" HEIGHT="56" CONTENT="artiste" WC="0.99" CC="0060030"/>
						<SP ID="P69_SP00639" HPOS="2959" VPOS="5051" WIDTH="52"/>
						<String ID="P69_ST00754" HPOS="3011" VPOS="4986" WIDTH="110" HEIGHT="58" CONTENT="n'a" WC="1.00" CC="010"/>
						<SP ID="P69_SP00640" HPOS="3121" VPOS="5051" WIDTH="56"/>
						<String ID="P69_ST00755" HPOS="3177" VPOS="4990" WIDTH="205" HEIGHT="69" CONTENT="qu'un" WC="0.98" CC="05054"/>
						<SP ID="P69_SP00641" HPOS="3382" VPOS="5059" WIDTH="39"/>
						<String ID="P69_ST00756" HPOS="3421" VPOS="4988" WIDTH="181" HEIGHT="56" CONTENT="souci" WC="1.00" CC="00400"/>
						<SP ID="P69_SP00642" HPOS="3602" VPOS="5059" WIDTH="41"/>
						<String ID="P69_ST00757" HPOS="3643" VPOS="5005" WIDTH="13" HEIGHT="39" CONTENT=":" WC="1.00" CC="0"/>
						<SP ID="P69_SP00643" HPOS="3656" VPOS="5059" WIDTH="43"/>
						<String ID="P69_ST00758" HPOS="3699" VPOS="4983" WIDTH="269" HEIGHT="59" CONTENT="devenir" WC="0.99" CC="0030737"/>
					</TextLine>
					<TextLine ID="P69_TL00116" HPOS="2307" VPOS="5058" WIDTH="1656" HEIGHT="81">
						<String ID="P69_ST00759" HPOS="2307" VPOS="5058" WIDTH="59" HEIGHT="55" CONTENT="le" WC="0.54" CC="44"/>
						<SP ID="P69_SP00644" HPOS="2366" VPOS="5113" WIDTH="44"/>
						<String ID="P69_ST00760" HPOS="2410" VPOS="5061" WIDTH="146" HEIGHT="69" CONTENT="plus" WC="0.97" CC="0850"/>
						<SP ID="P69_SP00645" HPOS="2556" VPOS="5130" WIDTH="45"/>
						<String ID="P69_ST00761" HPOS="2601" VPOS="5063" WIDTH="273" HEIGHT="59" CONTENT="humain" WC="0.99" CC="740002"/>
						<SP ID="P69_SP00646" HPOS="2874" VPOS="5130" WIDTH="46"/>
						<String ID="P69_ST00762" HPOS="2920" VPOS="5069" WIDTH="308" HEIGHT="70" CONTENT="possible," WC="0.99" CC="030016400"/>
						<SP ID="P69_SP00647" HPOS="3228" VPOS="5139" WIDTH="44"/>
						<String ID="P69_ST00763" HPOS="3272" VPOS="5103" WIDTH="88" HEIGHT="9" CONTENT="—" WC="0.20" CC="8"/>
						<SP ID="P69_SP00648" HPOS="3360" VPOS="5139" WIDTH="46"/>
						<String ID="P69_ST00764" HPOS="3406" VPOS="5071" WIDTH="220" HEIGHT="56" CONTENT="disons" WC="1.00" CC="000040"/>
						<SP ID="P69_SP00649" HPOS="3626" VPOS="5139" WIDTH="49"/>
						<String ID="P69_ST00765" HPOS="3675" VPOS="5069" WIDTH="225" HEIGHT="56" CONTENT="mieux" WC="0.99" CC="05040"/>
						<SP ID="P69_SP00650" HPOS="3900" VPOS="5139" WIDTH="48"/>
						<String ID="P69_ST00766" HPOS="3948" VPOS="5080" WIDTH="15" HEIGHT="40" CONTENT=":" WC="1.00" CC="0"/>
					</TextLine>
					<TextLine ID="P69_TL00117" HPOS="2312" VPOS="5144" WIDTH="1649" HEIGHT="81">
						<String ID="P69_ST00767" HPOS="2312" VPOS="5144" WIDTH="267" HEIGHT="56" CONTENT="devenir" WC="0.99" CC="0061651"/>
						<SP ID="P69_SP00651" HPOS="2579" VPOS="5200" WIDTH="36"/>
						<String ID="P69_ST00768" HPOS="2615" VPOS="5147" WIDTH="210" HEIGHT="70" CONTENT="banal," WC="1.00" CC="000000"/>
						<SP ID="P69_SP00652" HPOS="2825" VPOS="5217" WIDTH="30"/>
						<String ID="P69_ST00769" HPOS="2855" VPOS="5183" WIDTH="85" HEIGHT="8" CONTENT="—" WC="0.20" CC="8"/>
						<SP ID="P69_SP00653" HPOS="2940" VPOS="5217" WIDTH="32"/>
						<String ID="P69_ST00770" HPOS="2972" VPOS="5151" WIDTH="369" HEIGHT="74" CONTENT="écrivais-je" WC="0.73" CC="00345405040"/>
						<SP ID="P69_SP00654" HPOS="3341" VPOS="5225" WIDTH="32"/>
						<String ID="P69_ST00771" HPOS="3373" VPOS="5156" WIDTH="45" HEIGHT="54" CONTENT="il" WC="1.00" CC="00"/>
						<SP ID="P69_SP00655" HPOS="3418" VPOS="5225" WIDTH="32"/>
						<String ID="P69_ST00772" HPOS="3450" VPOS="5171" WIDTH="45" HEIGHT="54" CONTENT="y" WC="1.00" CC="0"/>
						<SP ID="P69_SP00656" HPOS="3495" VPOS="5225" WIDTH="33"/>
						<String ID="P69_ST00773" HPOS="3528" VPOS="5173" WIDTH="37" HEIGHT="39" CONTENT="a" WC="1.00" CC="0"/>
						<SP ID="P69_SP00657" HPOS="3565" VPOS="5225" WIDTH="32"/>
						<String ID="P69_ST00774" HPOS="3597" VPOS="5154" WIDTH="191" HEIGHT="71" CONTENT="vingt" WC="0.97" CC="60690"/>
						<SP ID="P69_SP00658" HPOS="3788" VPOS="5225" WIDTH="36"/>
						<String ID="P69_ST00775" HPOS="3824" VPOS="5164" WIDTH="137" HEIGHT="43" CONTENT="ans." WC="0.97" CC="5024"/>
					</TextLine>
					<TextLine ID="P69_TL00118" HPOS="2312" VPOS="5224" WIDTH="1654" HEIGHT="88">
						<String ID="P69_ST00776" HPOS="2312" VPOS="5224" WIDTH="88" HEIGHT="59" CONTENT="Et" WC="1.00" CC="00"/>
						<SP ID="P69_SP00659" HPOS="2400" VPOS="5283" WIDTH="37"/>
						<String ID="P69_ST00777" HPOS="2437" VPOS="5229" WIDTH="190" HEIGHT="57" CONTENT="chose" WC="0.98" CC="07006"/>
						<SP ID="P69_SP00660" HPOS="2627" VPOS="5286" WIDTH="37"/>
						<String ID="P69_ST00778" HPOS="2664" VPOS="5232" WIDTH="383" HEIGHT="74" CONTENT="admirable," WC="0.98" CC="8991687504"/>
						<SP ID="P69_SP00661" HPOS="3047" VPOS="5306" WIDTH="40"/>
						<String ID="P69_ST00779" HPOS="3087" VPOS="5237" WIDTH="161" HEIGHT="58" CONTENT="c'est" WC="0.99" CC="04020"/>
						<SP ID="P69_SP00662" HPOS="3248" VPOS="5306" WIDTH="41"/>
						<String ID="P69_ST00780" HPOS="3289" VPOS="5239" WIDTH="167" HEIGHT="61" CONTENT="ainsi" WC="0.97" CC="80752"/>
						<SP ID="P69_SP00663" HPOS="3456" VPOS="5306" WIDTH="38"/>
						<String ID="P69_ST00781" HPOS="3494" VPOS="5239" WIDTH="161" HEIGHT="73" CONTENT="qu'il" WC="0.96" CC="45457"/>
						<SP ID="P69_SP00664" HPOS="3655" VPOS="5312" WIDTH="39"/>
						<String ID="P69_ST00782" HPOS="3694" VPOS="5234" WIDTH="272" HEIGHT="61" CONTENT="devient" WC="0.98" CC="8000658"/>
					</TextLine>
				</TextBlock>
			</PrintSpace>
		</Page>
	</Layout>
</alto>
