4239 5501
355 209 188 61 mène
584 223 87 47 Un
714 215 265 56 combat
1021 216 152 71 âpre
1217 222 64 52 et
1325 215 405 60 douloureux
1772 224 224 52 contre

355 288 152 53 tout
552 304 67 38 ce
665 290 109 67 qui
822 293 98 51 est
968 313 21 27 «
1032 293 301 69 fabriqué
1380 315 42 45 »,
1473 315 21 28 «
1536 293 370 56 littérature
1952 316 42 46 »,

360 380 22 28 «
418 360 316 71 classique
775 384 21 27 »
835 367 65 51 et
936 380 167 55 pour
1138 382 89 39 un
1267 370 102 51 art
1405 370 162 64 vrai,
1607 369 173 54 neuf.
1835 370 160 53 Mais

359 433 35 53 à
438 433 142 55 côté
623 436 85 53 du
765 439 276 68 critique
1105 455 82 39 on
1254 442 263 55 connaît
1579 446 148 66 trop
1773 458 123 54 peu
1941 443 55 54 le

357 505 294 57 créateur
695 509 78 54 de
817 513 330 54 nouvelles
1187 515 254 54 valeurs
1470 515 89 54 tel
1599 516 156 60 qu'il
1803 532 63 38 se
1905 516 91 54 ré-

355 577 141 59 vêle
537 581 159 57 dans
736 599 97 41 ses
857 584 210 70 pièces
1093 588 76 53 de
1193 587 275 58 théâtre.

1516 588 209 56 IVAN
1752 588 242 58 GOLL.

433 835 122 56 Die
607 838 259 57 Freude.
898 872 84 10 —
1031 842 346 56 Wilhelm
1429 845 226 57 Uhde.
1701 845 142 56 Une
1881 861 78 55 pu-

358 918 314 58 blication
756 923 111 68 qui
941 940 271 54 prouve,
1291 944 127 38 une
1491 928 121 55 fois
1689 930 77 54 de
1828 929 166 70 plus,

354 1016 126 54 que
559 1005 243 70 malgré
873 1006 90 55 les
1025 1012 408 53 tourmentes
1497 1012 77 54 de
1633 1012 63 55 la
1759 1012 238 55 Guerre

353 1088 66 50 et
456 1086 78 53 de
567 1086 62 55 la
665 1086 424 71 Révolution,
1127 1093 63 54 la
1225 1094 230 55 nation
1493 1096 362 54 allemande
1889 1095 108 55 n'a

353 1166 174 55 cessé
573 1170 66 53 ni
686 1171 330 68 d'exister,
1066 1176 67 53 ni
1181 1176 77 53 de
1304 1177 324 69 produire.
1679 1178 87 53 Le
1813 1177 181 71 génie

353 1249 327 58 allemand
717 1253 293 57 résidant
1046 1274 130 39 non
1214 1275 116 53 pas
1370 1260 36 54 à
1441 1259 239 68 Berlin,
1719 1262 162 53 mais
1920 1277 76 38 en

353 1331 379 72 Franconie,
771 1353 77 38 en
888 1338 362 69 Souabe,en
1286 1342 271 55 Bavière
1594 1347 64 50 et
1694 1360 78 38 en
1810 1344 185 66 Saxe,

354 1430 38 39 a
463 1432 89 38 un
616 1417 427 59 éclecticisme
1119 1425 289 55 curieux.
1514 1425 337 71 L'Europe
1933 1430 64 51 et

350 1496 417 61 l'Humanité
829 1503 268 70 entière,
1162 1507 361 58 subiraient
1587 1511 85 52 du
1734 1510 122 54 fait
1919 1511 78 53 de

351 1579 609 63 l'anéantissement
993 1590 78 52 de
1104 1605 67 39 ce
1204 1589 182 72 génie
1419 1595 63 52 et
1514 1592 76 54 de
1623 1608 69 39 sa
1722 1594 236 68 produc-

350 1663 141 56 tion
541 1682 127 40 une
715 1673 185 64 perte
947 1673 190 53 toute
1186 1674 172 54 aussi
1406 1673 414 71 irréparable,
1872 1691 122 54 que

350 1761 120 55 par
505 1748 63 55 la
605 1754 184 64 perte
828 1753 87 53 du
955 1753 181 69 génie
1199 1756 257 70 lyrique
1526 1758 302 70 français,
1911 1774 83 39 ou

353 1829 87 54 du
498 1829 181 71 génie
738 1834 277 70 critique
1073 1839 449 69 anglo-saxon.

437 1913 98 54 On
561 1918 311 54 trouvera
900 1920 159 54 dans
1088 1920 228 55 Action
1339 1922 62 55 la
1425 1923 377 57 traduction
1838 1924 155 55 d'un

352 1995 225 56 article
608 2000 244 54 extrait
898 2002 77 54 de
1011 2003 63 54 la
1110 2019 197 41 revue
1346 2006 77 54 de
1472 2005 189 56 Uhde.

404 2104 153 56 Deh
581 2107 205 56 Neue
811 2110 328 58 Merkur.
1179 2114 122 55 Pas
1356 2116 208 54 moins
1590 2117 359 70 symptôma-

350 2187 185 69 tique
577 2206 167 52 pour
783 2192 250 72 l'esprit
1075 2198 334 66 productif
1452 2200 76 53 de
1568 2200 425 70 l'Allemagne

351 2273 302 55 nouvelle
691 2290 124 53 que
850 2276 62 55 la
948 2293 197 41 revue
1199 2279 410 69 précédente,
1677 2283 58 55 le
1788 2283 206 54 Neuer

355 2352 268 56 Merkur
682 2358 346 56 manifeste
1109 2364 366 68 cependant
1554 2380 126 39 une
1743 2381 249 40 nuance

353 2435 467 60 différente.La
836 2441 390 69 précédente
1245 2447 745 73 publicationtémoigne

356 2518 79 54 de
499 2535 69 39 ce
633 2543 22 27 «
700 2523 223 55 Sturm
985 2528 139 51 und
1181 2528 228 71 Drang
1456 2551 42 44 »,
1546 2532 109 66 qui
1706 2531 252 56 caracté-

353 2601 204 56 risent
600 2604 62 54 la
705 2606 298 67 jeunesse
1049 2613 64 50 et
1170 2610 63 55 la
1292 2613 392 67 production
1732 2615 192 67 jeune
1976 2631 14 38 :

366 2682 206 57 Gœthe
623 2693 205 50 avant
878 2689 58 55 le
971 2706 254 57 voyage
1266 2710 77 38 en
1391 2695 205 56 Italie.
1642 2696 115 54 Le«
1777 2697 216 55 Neuer

354 2765 264 57 Merkur
659 2790 21 27 »
735 2776 189 64 porte
966 2774 220 68 plutôt
1226 2777 58 53 le
1338 2793 189 39 sceau
1568 2780 77 53 de
1680 2780 62 54 la
1780 2785 171 50 matu-

349 2848 145 65 rité,
517 2850 396 71 légèrement
936 2856 351 58 classiciste
1607 2863 78 53 de
1711 2863 283 56 Weimar

353 2931 110 54 d'il
492 2948 43 52 y
563 2949 37 39 a
626 2950 88 40 un
744 2934 208 58 siècle.

437 3015 212 55 Franz
712 3019 371 56 Ferdinand
1146 3023 429 70 Bamngarten
1666 3042 44 54 y
1783 3029 210 55 donne

349 3110 128 42 une
603 3102 277 68 critique
948 3104 77 54 de
1134 3106 162 53 Max
1397 3108 364 57 Reinhardt.
1837 3111 48 54 Il
1952 3128 43 53 y

351 3178 123 56 fait
528 3185 300 53 ressortir
895 3202 97 39 ses
1063 3188 278 69 qualités
1412 3195 64 51 et
1544 3208 96 39 ses
1689 3192 257 57 défauts
1978 3212 14 49 ;

351 3266 264 53 surtout
714 3282 69 39 ce
882 3269 111 68 qui
1105 3286 142 41 sera
1328 3289 284 41 reconnu
1744 3292 250 40 comme

354 3342 187 58 étant
585 3348 58 53 le
687 3350 141 54 vrai
875 3351 327 57 caractère
1248 3356 86 52 du
1378 3355 259 57 théâtre
1684 3360 77 53 de
1809 3360 149 54 Rein-

354 3426 181 56 hardt
578 3445 12 39 :
637 3446 116 39 son
798 3435 245 69 origine
1088 3437 161 53 dans
1292 3438 57 54 le
1394 3440 218 55 milieu
1659 3442 76 53 de
1777 3442 186 56 l'Alle-

350 3524 235 58 magne
638 3514 360 69 Impériale.
1050 3518 224 55 Julius
1314 3522 232 54 Meier-
1563 3523 216 69 Graefe
1806 3529 191 52 conte

353 3607 160 40 avec
566 3611 87 39 un
729 3599 159 54 fond
972 3601 78 53 de
1111 3603 542 58 documentation
1697 3605 296 70 sérieuse,

352 3674 318 59 l'histoire
723 3682 303 69 tragique
1082 3685 78 53 de
1214 3685 62 54 la
1336 3687 88 54 fin
1481 3689 77 54 de
1617 3705 121 38 van
1805 3690 188 70 Goghl

353 3756 88 56 Le
488 3762 230 54 conflit
766 3762 233 57 émotif
1041 3771 183 50 entre
1268 3768 57 55 le
1371 3771 259 55 malade
1678 3771 208 72 génial
1932 3778 64 52 et

350 3839 59 57 le
445 3841 313 60 médecin.
800 3846 152 57 Puis
987 3849 58 55 le
1082 3850 224 57 drame
1342 3856 66 51 et
1441 3853 58 56 le
1536 3853 456 58 dénouement.

1449 3963 367 58 KHARIS.

480 4187 146 85 La
685 4196 457 101 musique
1203 4197 475 83 nouvelle
1747 4224 120 58 en

877 4329 586 108 Allemagne

442 4469 232 57 Guslav
702 4473 253 55 Mahler
978 4476 103 56 fut
1106 4476 58 55 le
1190 4478 279 69 premier
1496 4481 110 53 des
1627 4482 367 70 musiciens,

347 4555 67 52 et
444 4569 97 38 ses
574 4555 111 54 dix
717 4559 442 68 symphonies,
1191 4561 89 54 les
1311 4561 347 70 premières
1691 4566 266 56 manifes-

345 4636 250 55 tations
629 4638 157 55 d'un
818 4643 238 52 nouvel
1090 4644 224 67 esprit,
1348 4643 268 73 éthique
1646 4651 65 51 et
1741 4647 217 58 révolu-

345 4718 348 69 tionnaire,
748 4722 153 55 base
957 4726 109 52 des
1121 4724 375 58 réalisation
1552 4731 329 56 actuelles.
1943 4734 49 55 Il

347 4802 357 56 combattit
768 4805 64 54 la
902 4827 21 28 «
989 4808 300 69 musique
1358 4809 35 56 à
1462 4826 413 56 programme
1943 4836 44 48 »,

344 4881 307 72 régénéra
677 4887 62 54 la
769 4888 299 69 musique
1097 4892 504 71 symphonique,
1633 4897 156 67 qu'il
1818 4898 174 56 situa

345 4981 110 38 sur
516 4968 58 52 le
637 4970 159 54 fond
861 4971 196 54 d'une
1121 4976 374 67 expression
1558 4979 431 68 uniquement

344 5048 311 57 humaine
689 5056 65 51 et
787 5058 347 63 purement
1167 5057 378 69 spirituelle.
1588 5061 48 53 Il
1669 5066 170 52 reste
1876 5085 22 29 «
1930 5065 59 56 le

346 5133 236 54 maître
618 5135 77 54 de
730 5135 64 56 la
829 5137 280 58 tonalité
1147 5158 44 49 »,
1231 5139 300 72 épuiseur
1567 5144 110 55 des
1713 5147 242 70 possibi-

342 5213 149 58 lités
553 5215 487 74 harmoniques.

2276 385 589 136 Editions
2936 412 163 109 de
3166 412 159 109 la
3393 412 532 116 galerie

2516 599 1179 244 SIMON

2514 937 115 82 29
2645 937 17 43 b
2697 998 22 36 ,
2746 936 254 86 RUE
3032 937 649 85 D'ASTORG

2509 1069 608 109 PARIS
3263 1071 362 107 VIII
3642 1086 37 41 s

2511 1224 261 72 (PRES
2853 1225 301 63 SAINT-
3168 1225 510 76 AUGUSTIN)

2270 1469 312 58 Viennent
2618 1472 71 55 de
2731 1471 327 73 paraitre:

2653 1610 193 66 Trois
2895 1610 503 86 lithographies
3447 1610 80 67 de

2648 1747 616 84 MAURICE
3349 1747 180 84 DE

2648 1865 881 115 YLAMINCK

2270 2062 183 56 Tirees
2518 2062 34 56 &
2618 2063 101 56 100
2784 2065 369 68 exemplaires
3217 2069 329 55 nunierotes
3610 2070 52 54 et
3723 2070 192 73 signes

2887 2163 100 56 par
3027 2150 258 57 I'Artiste

2272 2304 54 54 1.
2364 2304 240 54 VerviHe
3209 2311 138 52 Prix
3388 2311 70 54 de
3502 2311 132 54 l'ex.
3725 2312 73 55 60
3839 2314 72 54 fr.

2270 2389 56 52 2.
2377 2389 120 54 Rue
2538 2404 32 39 a
2621 2390 322 54 Herouville
3014 2436 13 12 .
3088 2436 14 12 .
3270 2412 25 38 »
3408 2414 28 37 »
3547 2414 26 37 »
3723 2399 70 52 60
3835 2399 76 52 fr.

2274 2472 56 52 3.
2379 2473 74 53 La
2501 2473 184 54 Route
2728 2475 64 52 de
2831 2477 190 55 Nesles
3090 2521 12 13 .
3273 2495 27 39 »
3410 2497 27 39 »
3547 2499 27 37 »
3723 2482 71 54 60
3837 2482 76 52 fr.

2279 3258 113 58 152
2450 3257 242 62 WEST
2751 3258 578 70 THIRTEENTH
3398 3265 335 64 STREET
3803 3268 113 58 152

2316 3384 44 67 $
2402 3387 34 56 5
2707 3382 198 63 NEW
2953 3385 249 63 YORK
3257 3389 207 61 CITY
3603 3399 78 56 50
3730 3401 183 52 cents

2665 3729 780 68 COLLABORATEURS
3488 3751 23 44 :

2368 3902 280 100 Julien
2722 3903 315 109 Benda,
3117 3910 213 100 Jean
3405 3912 404 103 Cocteau,

2457 4044 314 103 Joseph
2817 4047 371 105 Conrad,
3230 4047 93 85 T.
3366 4051 81 81 S.
3488 4052 237 102 Eliot,

2272 4183 462 101 Wyndham
2809 4186 286 105 Lewis,
3171 4190 339 105 George
3589 4190 320 103 Moore,

2460 4320 482 107 Newinson,
2993 4327 198 81 Paul
3237 4329 490 103 Rosenfeld,

2690 4461 192 83 Ezra
2946 4464 330 107 Pound,
3340 4488 153 62 etc.

2274 4852 491 95 REVUE
2887 4855 435 98 D'ART
3428 4859 182 94 ET
3723 4862 188 93 DE

2272 4999 879 102 LITTERATURE
3196 5009 713 98 MODERNES
