4239 5501
933 4701 82 63 28

834 509 232 73 Solide
1112 528 122 47 sur
1278 511 93 63 les
1415 502 266 90 jambes
1728 502 72 63 la
1847 494 174 69 crées
2069 492 78 70 de
2194 489 273 73 l'inédit

828 614 140 66 Des
1007 607 517 72 combinaisons
1562 604 78 66 de
1678 597 320 70 homards
2035 596 305 86 nageant
2377 590 178 68 dans
2595 589 68 66 la
2705 582 346 71 béatitude

831 716 234 66 D'une
1107 729 205 51 sauce
1351 707 122 90 qui
1518 706 171 88 défie
1732 699 648 73 l'assaisonnement
2424 690 315 88 vulgaire
2785 689 115 66 des
2946 704 169 71 gens
3161 682 96 69 du
3300 679 245 71 métier

834 812 518 90 L'inspiration
1405 807 279 70 conduit
1732 809 110 61 ton
1893 800 115 68 œil
2055 797 297 88 vigilant
2401 795 67 68 là
2517 795 89 66 où
2658 794 58 66 le
2765 789 542 89 garde-manger

838 917 245 68 Abrite
1151 917 93 66 les
1312 916 203 64 restes
1586 907 373 68 tristement
2026 900 348 90 affaissés.

843 1063 181 69 C'est
1049 1063 178 66 alors
1253 1078 125 70 que
1400 1056 152 90 pris
1579 1054 175 68 dans
1779 1054 68 66 la
1871 1051 211 66 même
2108 1051 228 63 transe
2360 1065 127 69 que
2506 1041 189 69 Dieu
2724 1061 93 48 au
2843 1039 303 68 moment
3171 1036 80 69 de
3278 1037 69 68 la
3373 1031 307 73 création

853 1166 105 66 Tu
1002 1164 301 68 inventes
1341 1180 181 69 pour
1557 1161 58 66 le
1656 1156 301 68 bonheur
1993 1153 77 67 de
2109 1156 94 63 les
2243 1149 181 68 amis
2465 1149 93 66 les
2597 1146 307 66 hommes

844 1266 205 70 Mais
1117 1264 249 68 silence
1402 1263 25 67 !

858 1410 151 68 Une
1066 1408 253 68 trombe
1376 1405 78 68 de
1508 1405 188 66 sable
1750 1400 270 69 marche
2077 1398 41 68 à
2174 1417 117 47 ma
2346 1398 365 65 rencontre

846 1510 183 68 Pins
1082 1510 318 88 parasols
1461 1508 325 85 balayant
1838 1507 58 64 le
1952 1501 124 68 ciel
2131 1500 78 68 de
2265 1501 186 67 leurs
2509 1498 156 64 têtes
2722 1491 427 71 démesurées

851 1612 491 69 Inconcevable
1390 1606 452 92 composition
1893 1605 76 66 de
2023 1601 327 70 branches
2401 1598 311 69 tournées
2763 1596 178 68 dans
2993 1595 93 67 du
3137 1593 215 69 sable.

856 1713 512 86 Trouverais-je
1425 1732 95 47 un
1576 1710 152 67 abri

850 1816 514 66 Passera-t-elle
1417 1833 164 48 sans
1639 1811 215 70 briser
1903 1828 122 51 sur
2074 1808 140 68 moi
2269 1827 105 47 ses
2431 1805 723 69 illusions-rameaux.

850 1962 233 67 Adieu
1120 1962 26 66 !

2513 2041 483 82 LÉONARD
3067 2048 344 71 PIEUX.
