4239 5501
424 193 171 59 Dial.
632 183 391 64 New-York.
1062 186 88 56 Le
1188 185 286 57 Mercure
1492 181 70 56 de
1584 181 239 56 France
1858 180 110 55 des

346 274 78 58 U.
449 276 60 56 S.
532 278 100 66 A.,
675 273 83 57 où
775 273 132 57 l'on
929 285 367 40 commence
1318 268 120 55 àse
1459 269 289 51 montrer
1780 263 188 57 avide

344 362 80 53 de
465 359 211 54 bonne
710 354 395 66 littérature,
1144 368 125 54 que
1306 366 70 39 ce
1413 347 333 73 magazine
1784 345 149 56 s'em-

343 444 169 69 ploie
587 442 35 56 à
693 440 161 56 faire
927 437 352 56 connaître.
1359 434 128 55 Des
1559 432 409 56 traductions

346 527 324 54 d'œuvres
714 525 77 54 de
834 523 78 54 R.
959 522 78 55 de
1083 520 384 64 Gourmont,
1508 515 249 68 Benda,
1797 515 132 54 Van-

346 608 257 69 derpilt,
632 606 110 56 des
769 608 212 52 textes
1010 603 340 69 originaux
1389 599 302 68 d'Eliott,
1718 596 252 68 Pound,

351 691 242 68 Moore,
642 694 122 53 etc.

429 794 185 54 Little
654 791 258 56 Review.
959 789 95 56 De
1093 787 306 73 parution
1443 786 170 57 aussi
1652 782 286 63 intermit-

343 881 189 52 tente
570 874 343 73 qu'Action
949 874 230 66 même,
1218 872 159 54 c'est
1410 870 62 55 là
1509 886 124 54 que
1669 886 64 39 se
1768 869 205 54 forme

344 975 127 39 une
509 958 191 70 jeune
739 960 66 53 et
844 957 267 56 ardente
1152 952 373 74 génération
1567 950 403 59 d'écrivains.

348 1041 173 56 C'est
588 1041 60 55 là
720 1057 124 54 que
913 1038 224 69 Joyce,
1220 1036 220 71 publie
1518 1052 96 39 ses
1689 1050 283 51 romans,

348 1128 162 54 dont
559 1126 63 54 la
671 1123 380 57 traduction
1105 1138 76 39 en
1228 1121 276 69 français
1567 1121 322 68 s'impose.

441 1226 130 56 Vell
602 1226 35 54 I
663 1226 166 54 Nou.
859 1224 369 55 Barcelone.
1262 1223 95 54 De
1382 1219 129 58 très
1540 1221 191 56 belles
1760 1234 178 56 repro-

346 1309 302 54 ductions
703 1307 322 56 d'œuvres
1079 1306 329 54 catalanes
1460 1307 65 53 et
1577 1304 395 71 espagnoles,

343 1392 240 56 trésors
641 1394 108 52 des
807 1390 242 71 églises,
1110 1389 137 55 bois
1303 1385 305 71 sculptés,
1662 1389 312 54 tableaux

344 1475 317 54 inconnus
702 1475 78 56 de
817 1473 266 54 maîtres
1122 1472 398 55 d'autrefois.
1564 1470 125 54 Des
1728 1485 245 41 erreurs

346 1558 193 56 aussi.
612 1556 330 71 Pourquoi
1010 1570 311 54 supposer
1389 1570 124 54 que
1581 1555 83 54 M.
1736 1553 234 57 Marcel

346 1638 234 59 Lenoir
609 1641 127 52 soit
766 1654 86 39 un
883 1639 274 70 peintre,
1191 1638 166 54 alors
1389 1636 154 69 qu'il
1575 1653 65 39 se
1670 1639 303 54 contente

346 1724 78 54 de
454 1724 63 54 la
549 1720 193 72 gloire
775 1722 204 54 d'être
1012 1736 88 40 un
1133 1720 134 55 bon
1301 1724 461 68 commerçant.

1650 1830 232 60 FELS.

429 2039 88 56 Le
548 2037 338 58 deuxième
915 2039 159 54 livre
1106 2039 78 52 de
1215 2037 206 70 Major
1452 2037 62 56 C.
1550 2037 83 56 H.
1669 2037 304 71 Douglas,

349 2135 22 29 «
421 2113 221 56 Crédit
693 2115 222 53 Power
966 2113 129 53 and
1145 2112 398 69 Democracy
1596 2132 20 29 »
1665 2113 181 53 vient
1899 2113 76 55 de

344 2188 307 68 paraître.
695 2186 98 56 On
835 2186 148 54 n'en
1023 2188 307 51 trouvera
1369 2200 113 54 pas
1521 2184 88 55 les
1648 2184 327 56 nouvelles

346 2261 161 54 dans
554 2261 88 54 les
690 2261 327 67 journaux
1062 2257 515 71 métallurgistes.
1626 2259 93 54 La
1763 2274 212 54 presse

346 2333 447 70 d'Angleterre
842 2335 97 51 est
984 2330 63 56 la
1091 2345 212 56 presse
1350 2332 60 54 la
1455 2332 142 69 plus
1647 2332 328 69 discipliné

344 2408 88 52 du
478 2408 258 52 monde.
785 2406 242 53 Toutes
1073 2405 86 54 les
1206 2405 363 55 conditions
1616 2422 122 52 que
1784 2406 191 56 Steed

346 2482 125 53 cite
509 2481 159 54 dans
703 2496 97 39 ses
835 2493 254 40 œuvres
1125 2494 108 39 sur
1266 2479 375 66 l'Autriche,
1679 2479 259 58 d'avant-

346 2567 224 56 guerre
625 2555 449 53 commencent
1130 2552 36 54 à
1220 2567 64 39 se
1337 2555 286 51 montrer
1674 2554 100 55 ici.
1833 2554 107 55 L'a-

346 2628 178 54 rôme
602 2628 156 53 d'un
834 2626 240 68 empire
1150 2642 77 39 en
1303 2625 355 56 décadence
1731 2631 241 53 monte.

427 2699 287 71 Douglas
768 2703 98 50 est
917 2714 89 38 un
1057 2699 261 54 homme
1371 2701 108 68 qui
1533 2716 36 39 a
1621 2714 210 41 connu
1885 2701 88 54 les

344 2774 273 52 affaires.
668 2774 49 54 Il
756 2787 37 39 a
834 2770 159 56 écrit
1030 2787 109 38 sur
1179 2772 87 54 les
1306 2772 288 69 banques
1633 2775 64 53 et
1735 2774 84 54 les
1858 2775 88 55 ini-

344 2845 212 71 quités
597 2848 86 53 du
722 2845 284 71 système
1044 2847 211 54 actuel
1294 2847 77 54 de
1408 2845 217 57 Crédit
1660 2863 125 39 une
1823 2863 113 41 ana-

343 2919 135 70 lyse
515 2919 237 56 subtile
790 2923 67 52 et
895 2918 208 56 claire.
1149 2919 49 55 Il
1237 2923 96 51 est
1369 2935 86 40 un
1494 2919 109 56 des
1636 2918 131 57 très
1804 2936 168 44 rares

341 2994 295 54 hommes
698 2994 110 69 qui
871 2992 247 56 luttent
1181 2997 220 51 contre
1462 2994 86 54 les
1613 2996 359 55 conditions

343 3065 455 71 économiques
861 3067 110 69 qui
1032 3067 383 54 conduisent
1476 3067 35 56 à
1569 3067 62 56 la
1687 3070 290 54 nécessité

343 3139 423 72 économique
807 3139 194 55 d'une
1039 3139 347 70 prochaine
1425 3155 239 56 guerre.

427 3234 22 29 «
495 3212 354 56 Economie
917 3212 401 71 Democracy
1386 3234 22 27 »
1474 3214 35 54 5
1530 3214 69 68 /-,
1670 3236 22 29 «
1758 3216 215 56 Crédit

343 3285 223 56 Power
612 3287 129 52 and
786 3285 402 70 Democracy
1233 3305 22 29 »
1316 3285 141 68 716,
1501 3287 340 69 published
1885 3290 88 70 by

343 3360 167 54 Cecil
578 3360 274 66 Palmer,
924 3360 247 71 Oakley
1235 3360 244 67 House,
1542 3361 431 73 Bloomsbury

343 3432 93 55 St.
483 3432 275 55 London
800 3431 100 56 W.
946 3432 66 55 C.
1059 3432 54 55 1.

426 3527 22 29 «
497 3507 135 56 The
685 3507 235 54 Sacred
971 3507 208 54 Wood
1232 3526 44 47 »,
1328 3509 192 54 essais
1572 3509 76 54 de
1699 3510 274 70 critique

339 3576 317 58 littéraire
692 3593 118 54 par
844 3578 142 56 T.S.
1027 3580 196 64 Eliot,
1260 3581 324 55 tentative
1619 3580 127 57 très
1784 3585 189 54 noble

339 3653 80 54 de
466 3668 220 54 percer
732 3653 58 54 le
837 3668 146 39 mur
1030 3653 78 55 de
1157 3653 219 66 Chine,
1426 3654 77 54 de
1550 3654 61 58 la
1658 3656 315 69 stupidité

341 3727 303 71 anglaise.
688 3725 278 72 Déguisé
1005 3742 78 39 en
1122 3727 851 71 professeur-gentilhomme

341 3800 85 54 M.
468 3800 178 54 Eliot
685 3800 239 54 aborde
961 3798 90 56 les
1089 3800 202 68 sujets
1328 3803 451 56 traditionnels
1818 3820 155 43 avec

341 3873 110 54 des
507 3871 317 58 manières
878 3873 537 57 traditionnelles.

421 3947 174 54 Tout
642 3947 78 53 de
768 3946 208 54 même
1022 3962 125 39 une
1193 3949 325 54 tentative
1565 3964 403 58 courageuse.

339 4018 295 56 Malheur
695 4035 81 38 au
839 4035 162 53 pays
1064 4018 83 56 où
1208 4035 164 54 pour
1430 4022 157 54 faire
1645 4023 330 70 imprimer

338 4093 311 68 quelques
695 4093 447 54 dissociations
1186 4093 239 56 lucides
1469 4093 237 57 d'idées
1746 4098 45 52 il
1831 4098 142 56 faut

338 4181 66 41 se
460 4166 260 54 couvrir
775 4167 108 53 des
940 4166 197 69 styles
1193 4167 86 53 du
1338 4188 22 30 «
1413 4167 212 56 Times
1680 4169 293 75 Literary

338 4238 428 70 Supplément
813 4259 44 46 »,
907 4242 64 51 et
1017 4240 110 53 des
1172 4255 268 55 pompes
1487 4242 319 57 funèbres.

424 4333 22 29 «
492 4311 411 56 Otherworld
951 4333 44 44 »,
1044 4313 321 56 Cadences
1413 4315 88 69 by
1548 4316 70 55 F.
1667 4316 61 56 S.
1779 4318 191 56 Flint.

336 4386 388 56 Commence
785 4401 118 54 par
962 4403 127 39 une
1150 4386 258 71 préface
1467 4387 130 58 très
1662 4389 311 73 élogieuse

336 4460 80 53 de
478 4459 317 71 plusieurs
861 4464 264 50 auteurs
1189 4462 300 69 français,
1555 4465 64 53 et
1679 4465 296 70 présente

334 4530 90 56 les
466 4530 261 71 poèmes
769 4531 78 58 de
890 4533 176 54 Flint
1108 4548 75 43 en
1225 4548 142 41 vers
1410 4535 211 56 livres.

417 4608 136 52 The
610 4606 234 56 Sacred
902 4608 231 66 Wood,
1193 4608 88 69 by
1335 4609 71 54 T.
1467 4609 61 56 S.
1589 4611 196 68 Eliot,
1845 4613 35 54 6
1901 4613 72 69 /-,

334 4679 164 56 Pub.
534 4680 90 65 by
656 4680 310 55 Methuen
1000 4680 425 65 Otherworld,
1459 4684 88 61 by
1577 4684 70 56 F.
1682 4686 59 55 S.
1777 4687 196 58 Flint,

333 4752 240 71 Poetry
620 4752 185 59 Book
857 4753 194 70 Sliop.

1284 4756 230 58 EZRA
1567 4758 323 61 POUND.

394 4963 267 69 Ludwig
704 4963 303 67 Rubincr,
1048 4979 245 58 groupa
1357 4983 127 40 une
1532 4968 147 57 élite
1725 4969 214 60 révolu-

331 5037 327 54 tionnaire
685 5039 159 52 dans
871 5039 170 54 deux
1085 5040 189 56 livres
1320 5042 308 56 collectifs
1655 5045 78 55 de
1774 5045 200 58 haute

330 5112 198 52 tenue
555 5108 206 56 idéale
787 5113 64 51 et
876 5113 395 70 artistique:»
1290 5113 120 56 Die
1461 5117 450 72 Gemeinsehaft
1952 5142 22 29 »

331 5186 66 53 et
463 5205 22 30 «
524 5183 417 57 Kamcnaden
997 5186 106 56 der
1161 5188 391 59 Mcnschheit
1593 5211 47 49 »,
1698 5193 162 59 dont
1915 5195 59 64 le

2925 668 125 170 L
3081 662 159 172 A

2505 1234 1134 173 GALERIE

2695 1810 772 206 PAUL

2976 3086 171 105 est

2696 3542 742 103 transferee

2339 4055 220 156 59,
2654 4048 288 136 Rue
3043 4048 187 136 La
3331 4052 464 135 Boetie

2806 4593 535 139 PARIS
