4239 5501
909 4705 87 78 26

1681 524 439 75 LETTRES
2179 519 137 69 DU
2374 504 392 79 DÉSERT

2199 725 30 67 I

998 904 498 87 Respectueuse
1541 896 244 66 devant
1829 892 59 66 le
1934 886 220 67 destin
2207 881 279 84 aveugle

1015 1004 257 70 Garder
1326 1004 93 63 cet
1474 997 235 66 oiseau
1766 987 327 92 empaillé
2142 982 432 70 savamment

1001 1109 92 66 Et
1138 1124 165 48 sans
1352 1099 186 68 rire!
1585 1099 163 86 plus
1797 1091 242 89 rapide
2085 1089 218 88 qu'un
2357 1084 205 86 aigle,
2611 1079 168 89 plus
2828 1075 256 68 violent

999 1209 99 66 Le
1138 1207 187 66 sable
1365 1201 280 89 furieux
1687 1196 283 67 viendra
2014 1211 167 47 vous
2222 1185 224 92 punir

1006 1356 66 66 Il
1121 1356 93 65 est
1264 1350 225 67 arrivé
1533 1348 147 66 chez
1728 1343 138 68 moi
1914 1361 134 70 par
2095 1343 59 64 le
2197 1338 243 66 Désert
2490 1333 38 67 à
2574 1331 171 91 pied

1008 1456 184 76 Seul,
1240 1451 230 68 oublié
1507 1451 77 65 de
1626 1468 78 46 sa
1748 1446 181 66 tribu
1975 1444 267 66 volante

1010 1558 138 68 Son
1198 1558 111 64 bec
1350 1571 207 68 rouge
1599 1551 76 66 de
1717 1549 136 85 soif
1893 1566 122 48 son
2063 1561 276 49 cerveau
2385 1538 267 67 troublé

1013 1659 345 67 Traînant
1409 1675 103 45 ses
1567 1653 167 66 ailes
1790 1649 247 68 brisées
2090 1666 122 48 sur
2263 1648 67 64 la
2379 1643 244 89 plaine
2679 1639 278 68 ardente

999 1807 100 66 Je
1142 1803 125 68 l'ai
1313 1800 303 68 recueilli
1660 1798 322 88 précieux
2026 1793 323 68 souvenir
2393 1792 78 66 de
2517 1812 78 46 sa
2640 1788 141 90 joie

1008 1905 164 66 Etre
1235 1903 232 77 déchu,
1534 1900 131 88 fini
1726 1919 166 47 sans
1958 1895 284 69 illusion
2307 1893 78 68 ni
2451 1895 118 64 but

1010 2007 267 66 Fixant
1323 2007 57 64 le
1433 2005 169 64 beau
1651 2000 193 68 soleil
1893 2000 170 64 d'un
2405 1995 244 86 jaloux

1006 2108 95 65 Et
1152 2110 93 64 les
1297 2125 265 66 nuages
1611 2101 120 90 qui
1787 2100 296 67 volaient
2136 2098 364 66 au-dessus
2556 2096 77 66 de
2686 2115 181 47 nous

1015 2254 348 68 Serviable
1409 2250 65 87 je
1521 2249 102 67 lui
1673 2247 339 68 construis
2065 2267 93 46 un
2210 2245 368 88 aéroplane

1011 2354 402 84 L'ajustant
1455 2352 152 66 bien
1650 2350 39 66 à
1729 2371 78 45 sa
1849 2350 275 65 couleur
2161 2347 39 68 à
2241 2369 78 44 sa
2361 2347 186 68 taille

1008 2455 425 68 J'attachais
1494 2474 66 46 ce
1616 2454 211 86 pilote
1887 2452 178 86 léger
2122 2471 254 45 comme
2439 2471 134 45 une
2628 2449 221 88 paille

1011 2555 290 68 Evitant
1350 2574 103 46 ses
1507 2574 177 66 yeux
1734 2552 209 66 ronds
1995 2552 403 86 suppliants
2452 2555 60 63 et
2562 2552 185 66 doux

1008 2704 96 66 Je
1157 2703 232 83 lançai
1445 2701 371 88 l'appareil
1870 2701 357 66 déroulant
2280 2703 67 66 la
2401 2701 243 86 ficelle,

1011 2804 334 66 Heureux
1380 2804 329 87 peut-être
1753 2802 259 87 inquiet
2051 2802 78 65 de
2169 2806 156 63 cette
2363 2804 267 87 maigre
2671 2802 189 89 galté

1011 2906 339 64 Retenant
1396 2924 159 44 mon
1604 2902 269 68 haleine
1919 2923 179 66 pour
2146 2902 235 68 mieux
2430 2906 60 66 le
2540 2904 149 66 voir

1011 3004 684 86 L'appareil-oiseau
1751 3004 175 66 dans
1980 3024 79 46 sa
2112 3004 256 86 félicité

1016 3153 68 66 Il
1120 3153 218 64 revint
1374 3172 144 45 vers
1555 3155 68 62 la
1661 3156 165 61 terre
1863 3172 78 45 en
1983 3153 305 66 tombant
2325 3153 39 68 à
2400 3177 142 45 mes
2578 3156 203 88 pieds

1006 3251 307 68 Détaché
1350 3253 78 64 de
1470 3272 122 47 son
1639 3253 183 86 siège
1861 3273 134 66 par
2039 3273 95 46 un
2181 3255 198 86 effort
2420 3260 320 84 suprême

1018 3355 185 66 Sans
1248 3358 220 83 pattes
1516 3375 166 44 sans
1733 3355 167 66 ailes
1951 3356 273 85 affreux
2273 3360 245 66 mutilé

1011 3456 369 86 Préférant
1418 3458 67 64 la
1521 3459 174 61 mort
1734 3454 39 68 à
1814 3476 66 46 ce
1924 3458 301 66 bonheur
2264 3463 283 64 extrême

1021 3600 180 68 C'est
1242 3622 93 44 un
1375 3602 190 84 fakir
1601 3605 245 63 savant
1880 3602 120 88 qui
2041 3605 57 64 le
2136 3607 277 86 remplit
2452 3610 402 90 d'herbages

1015 3703 128 65 Me
1182 3703 285 85 parlant
1506 3703 206 65 d'une
1753 3703 152 66 voix
1949 3705 165 66 dure
2158 3727 89 46 au
2288 3710 180 85 sujet
2508 3712 78 66 de
2627 3715 69 65 la
2737 3719 178 61 mort

1016 3803 92 65 Et
1159 3805 57 63 le
1265 3803 305 85 joaillier
1619 3803 92 66 du
1766 3805 204 66 Caire
2020 3807 200 67 vieux
2273 3813 57 61 et
2376 3834 290 67 presque
2718 3818 283 87 aveugle

1021 3903 288 87 Sculpta
1363 3923 80 46 sa
1496 3905 464 68 merveilleuse
2014 3929 78 45 si
2147 3910 305 69 dernière
2508 3915 334 69 demeure.

2214 4139 68 68 II

3389 4266 42 44 a
3485 4245 82 65 F.

1018 4315 93 66 Le
1155 4313 297 88 portrait
1496 4315 204 86 qu'on
1751 4337 105 45 me
1907 4321 181 80 traça
2137 4321 77 66 cle
2264 4325 90 66 toi

1016 4416 307 87 Aveugle
1384 4415 301 66 incident
1741 4425 298 79 coupant
2093 4423 227 69 l'aube
2374 4450 408 73 mauresque

1018 4518 391 85 Quelqu'un
1460 4536 288 67 presque
1799 4523 337 66 semblant
2192 4547 132 47 une
2376 4531 379 72 caricature
