2674 4206
1096 509 80 42 LA
1208 509 381 50 CHRONIQUE
1622 509 322 42 MUSICALE

640 519 62 46 74

640 656 230 40 souverain,
897 658 296 49 peuvent-elles
1227 671 190 37 marquer
1449 670 94 26 avec
1577 658 90 51 plus
1700 658 143 38 d'éclat
1870 658 59 38 les
1957 658 291 41 acclamations
2276 662 104 49 géné-

642 717 103 37 rales
766 731 78 36 que
867 731 70 38 par
961 732 65 25 ces
1048 721 151 36 mêmes
1220 721 144 37 danses
1386 720 84 50 qui,
1495 720 97 37 chez
1613 721 177 36 d'autres
1813 720 183 51 peuples,
2020 729 73 30 ont
2116 722 61 38 été
2199 723 70 37 des
2292 724 88 37 céré-

641 779 157 38 monies
817 781 48 37 de
887 781 197 49 religion?
1104 783 46 36 Je
1172 794 50 25 ne
1244 782 60 37 dis
1327 782 86 37 rien
1436 782 47 37 de
1505 782 38 37 la
1561 782 78 37 fête
1658 783 54 36 du
1734 783 229 48 quatrième
1981 790 109 40 acte;
2111 783 76 38 elle
2209 792 59 30 est
2289 797 85 25 com-

639 841 122 48 posée
775 842 47 36 de
841 842 163 49 bergers
1016 850 39 29 et
1067 842 49 37 de
1132 844 201 48 bergères,
1345 842 70 51 qui
1426 844 196 37 viennent
1638 844 145 37 rendre
1798 844 219 51 hommage
2032 848 21 34 à
2071 845 89 37 leur
2175 846 204 49 princesse
2392 858 7 26 :

639 903 97 48 quoi
757 903 48 37 de
824 903 90 49 plus
933 905 158 36 naturel
1112 917 78 35 que
1209 905 110 37 leurs
1340 905 143 37 danses
1501 906 246 48 pastorales?
1768 907 65 36 Au
1854 915 120 39 reste,
1992 919 54 25 on
2062 919 21 24 a
2098 908 84 48 pris
2201 909 91 36 soin
2311 909 92 38 d'en

639 964 148 37 bannir
809 964 244 39 l'indécence
1068 977 8 37 ;
1101 974 39 29 et
1157 966 38 51 je
1213 979 50 25 ne
1279 968 105 36 crois
1403 979 71 37 pas
1489 980 79 36 que
1585 968 58 37 les
1658 969 94 47 plus
1768 969 160 39 sévères
1944 982 193 26 censeurs
2152 982 51 25 en
2220 971 184 49 puissent

638 1024 221 38 demander
885 1026 236 48 davantage.

691 1099 15 21 «
738 1086 54 37 Ce
814 1086 71 49 qui
906 1098 63 25 me
996 1095 105 28 reste
1130 1090 22 34 à
1176 1087 172 48 justifier
1369 1088 101 37 dans
1496 1102 65 24 ma
1581 1090 128 49 pièce,
1731 1091 96 37 c'est
1852 1091 36 38 le
1916 1091 104 51 parti
2049 1104 80 38 que
2157 1091 67 52 j'ai
2246 1092 84 50 pris
2352 1093 49 37 de

638 1156 142 26 sauver
794 1145 38 37 la
848 1145 82 37 fille
947 1146 47 36 de
1009 1147 145 47 Jephté
1174 1156 8 26 :
1204 1147 115 48 mais,
1338 1147 191 38 combien
1545 1148 294 52 d'interprètes,
1858 1159 90 30 tant
1968 1151 95 50 juifs
2083 1164 80 37 que
2180 1152 221 47 chrétiens,

637 1217 51 24 ne
710 1204 166 38 sont-ils
899 1219 69 36 pas
989 1206 55 37 du
1071 1206 220 38 sentiment
1313 1220 79 37 que
1415 1208 64 49 j'ai
1502 1210 160 49 adopté,
1687 1223 160 27 comme
1876 1213 36 37 le
1937 1213 90 50 plus
2053 1213 205 38 favorable
2286 1217 117 35 àma

635 1265 194 49 tragédie.
849 1266 227 48 D'ailleurs,
1095 1266 275 51 l'inspiration
1386 1281 80 37 que
1485 1269 37 51 je
1540 1270 135 38 donne
1695 1276 21 33 à
1737 1273 155 38 Phinée
1912 1287 51 24 ne
1985 1275 205 38 suffit-elle
2209 1288 70 38 pas
2297 1288 107 36 pour

637 1327 200 37 absoudre
860 1339 43 25 ce
924 1327 267 39 malheureux
1209 1332 94 46 père
1321 1331 94 36 d'un
1435 1340 180 29 serment
1629 1333 100 48 qu'il
1749 1335 63 36 n'a
1833 1335 70 37 fait
1920 1348 79 36 que
2018 1349 72 36 par
2108 1345 93 41 trop
2222 1338 49 36 de
2290 1337 110 38 zèle?

637 1387 109 38 C'est
767 1388 105 37 Dieu
892 1390 131 37 même
1042 1391 70 48 qui
1131 1391 35 38 le
1188 1391 131 49 quitte
1340 1393 48 37 de
1411 1405 75 25 son
1500 1406 111 37 vœu,
1629 1406 50 26 en
1698 1395 139 39 faveur
1853 1397 54 36 du
1929 1397 179 49 repentir
2121 1399 49 37 de
2193 1411 42 25 sa
2255 1399 99 38 fille.
2380 1413 16 21 »

698 1512 35 42 Il
754 1526 29 41 y
805 1526 23 27 a
849 1513 91 41 loin
956 1514 51 41 de
1023 1528 66 27 ces
1110 1514 291 43 minutieuses
1422 1524 41 34 et
1481 1517 213 42 modestes
1716 1518 282 56 explications
2020 1534 56 27 au
2096 1534 100 28 sans
2217 1521 108 56 gêne
2345 1523 53 41 de

636 1587 198 40 mauvais
856 1590 110 51 goût
987 1601 100 28 avec
1108 1589 142 55 lequel
1273 1591 65 40 M.
1368 1591 146 41 Scribe
1535 1606 24 26 a
1580 1594 181 52 arrangé
1783 1607 58 28 ou
1863 1594 145 55 plutôt
2030 1595 185 55 dérangé
2236 1596 39 41 le
2304 1598 60 41 Po-

635 1661 179 52 lyeucte
846 1661 51 40 de
931 1662 236 52 Corneille,
1201 1678 101 26 sous
1335 1664 39 41 le
1409 1665 101 42 titre
1540 1666 73 41 des
1643 1667 220 54 Martyrs
1893 1667 72 52 (de
1998 1667 397 59 Chateaubriand).

634 1733 194 54 Croyant
858 1735 121 40 avoir
1006 1737 155 53 rempli
1195 1737 338 55 héroïquement
1565 1753 78 27 son
1672 1740 150 41 devoir
1853 1741 50 41 de
1937 1742 149 54 galant
2117 1743 197 53 homme,
2343 1758 55 27 en

635 1807 184 41 voulant
853 1808 98 40 bien
988 1822 162 28 avouer
1180 1811 111 53 qu'il
1326 1811 150 42 n'était
1507 1825 129 42 pas...
1666 1813 233 54 Corneille,
1939 1815 65 42 M.
2036 1815 147 42 Scribe
2218 1817 70 41 n'a
2323 1831 76 41 pas

636 1882 156 51 poussé
823 1881 40 40 la
887 1883 209 41 modestie
1122 1884 174 54 jusqu'à
1319 1898 43 27 se
1383 1885 106 41 taire
1511 1899 53 27 en
1585 1888 206 54 présence
1818 1889 59 39 du
1907 1890 106 40 toile
2041 1889 219 42 universel
2283 1891 53 40 de
2356 1890 42 41 la

635 1954 205 53 critique,
868 1955 79 55 qui
977 1955 62 41 lui
1068 1958 248 54 reprochait
1347 1958 38 41 le
1415 1961 371 42 travestissement
1814 1961 185 43 ridicule
2023 1963 107 41 d'un
2157 1963 74 41 des
2258 1964 115 41 chefs-

632 2027 192 41 d'œuvre
854 2029 51 40 de
934 2030 40 40 la
1004 2034 124 37 scène
1159 2031 222 54 française.
1418 2033 120 41 Dans
1567 2048 86 28 une
1682 2035 166 55 préface
1876 2037 77 55 qui
1982 2037 142 56 aspire
2145 2041 23 37 à
2188 2039 88 40 être
2298 2039 64 40 mé-

631 2102 157 40 chante
811 2111 41 33 et
871 2104 78 54 qui
973 2104 108 42 n'est
1105 2119 84 41 que
1222 2107 231 52 médiocre,
1477 2108 31 41 il
1531 2109 127 42 laissa
1679 2112 175 39 tomber
1875 2111 51 41 de
1948 2125 44 27 sa
2013 2112 152 54 plume
2188 2125 68 28 ces
2279 2123 112 31 mots

631 2174 273 56 incroyables
924 2177 50 41 de
995 2178 150 41 fatuité
1166 2179 50 41 de
1234 2181 306 41 vaudevilliste
1565 2196 10 29 :

680 2304 14 21 «
727 2292 77 36 Ces
827 2293 215 37 messieurs
1063 2302 99 28 vont
1181 2307 62 25 me
1263 2296 218 48 reprocher
1499 2298 151 37 d'avoir
1672 2299 115 37 refait
1808 2299 232 48 Corneille*,
2060 2300 320 40 heureusement

633 2349 36 51 je
693 2352 81 37 suis
794 2365 109 24 assez
931 2354 110 37 riche
1064 2367 102 36 pour
1188 2368 63 24 me
1274 2368 172 37 moquer
1474 2358 48 36 de
1547 2371 42 25 ce
1621 2372 79 36 que
1735 2361 132 36 disent
1905 2361 59 37 les
1997 2361 234 48 messieurs,
2272 2371 40 29 et
2352 2364 33 37 si

625 2412 132 48 j'avais
778 2426 56 24 un
857 2415 79 35 bon
957 2422 191 41 estomac,
1169 2415 247 51 j'attendrais
1437 2418 296 41 l'immortalité
1752 2434 97 26 avec
1875 2422 95 38 bien
1992 2424 49 36 de
2069 2423 36 37 la
2126 2424 200 49 patience.
2360 2438 15 22 »

680 2537 62 41 M.
767 2538 141 41 Scribe
931 2541 73 39 eût
1030 2539 145 55 risqué
1196 2540 287 45 d'attendre...
1516 2544 196 55 toujours

676 2610 240 42 'Revenons
940 2617 22 36 à
982 2613 170 56 Jephté.

675 2749 16 17 a
718 2734 55 36 La
795 2735 232 37 nouveauté
1049 2737 54 35 du
1128 2749 123 37 genre
1271 2749 50 25 en
1355 2739 107 37 avait
1496 2741 131 36 rendu
1654 2740 37 39 le
1726 2744 141 36 succès
1899 2743 33 37 si
1962 2743 183 39 douteux
2176 2746 126 48 qu'on
2338 2760 52 26 ne

625 2794 154 50 croyait
800 2808 68 37 pas
898 2808 78 35 que
1008 2798 146 49 Jephté
1182 2800 73 48 pût
1290 2800 84 37 être
1408 2801 95 49 joué
1526 2802 106 37 deux
1666 2802 105 50 fois;
1806 2812 104 29 cette
1940 2806 242 48 prévention
2214 2819 175 37 presque

622 2857 187 46 générale
850 2870 25 23 n
892 2870 22 24 a
950 2871 70 35 pas
1057 2868 97 27 tenu
1186 2869 142 29 contre
1364 2862 57 36 les
1456 2864 163 36 beautés
1649 2864 55 37 du
1742 2868 147 46 poème
1910 2873 39 29 et
1970 2867 49 36 de
2053 2867 38 37 la
2114 2869 204 48 musique,
2346 2878 39 30 et

625 2917 59 36 M.
713 2917 129 37 l'abbé
867 2918 205 50 Pellegrin
1095 2929 38 28 et
1157 2922 56 35 M.
1237 2923 48 35 de
1310 2923 246 38 Monteclair
1578 2925 70 48 qui
1670 2937 49 25 en
1743 2934 94 28 sont
1857 2927 58 36 les
1937 2935 182 40 auteurs,
2140 2939 181 39 peuvent
2346 2944 41 25 se

620 2986 143 29 vanter
785 2979 97 47 qu'il
904 2993 25 35 y
944 2993 21 24 a
988 2984 79 33 très
1088 2994 78 37 peu
1188 2983 183 48 d'opéras
1394 2996 78 37 que
1493 2985 35 36 le
1548 2986 138 47 public
1710 2986 55 37 ait
1784 2986 180 38 honorés
1992 2989 48 36 de
2062 2989 92 49 plus
2175 2991 187 50 d'applau-

623 3038 260 41 dissements.
910 3054 15 21 »

679 3137 101 41 Tels
804 3139 146 42 furent
971 3140 290 55 l'impression
1286 3145 196 52 générale
1503 3154 40 32 et
1565 3146 38 40 le
1620 3146 228 54 jugement
1869 3148 73 40 des
1971 3150 324 55 connaisseurs,
2320 3166 48 27 re-

628 3211 169 40 cueillis
820 3226 75 40 par
918 3227 60 26 un
1001 3215 187 55 critique
1222 3219 344 54 contemporain,,
1604 3221 161 53 auquel
1789 3235 112 27 nous
1930 3222 186 42 laissons
2149 3225 38 41 le
2218 3226 96 41 soin
2337 3226 52 42 de

631 3284 187 55 signaler
838 3286 59 40 les
918 3287 174 42 beautés
1114 3303 161 27 neuves
1297 3291 59 41 du
1379 3292 319 42 chef-d'œuvre
1719 3294 52 41 de
1794 3295 155 42 l'abbé.

676 3415 15 20 «
715 3402 63 36 Au
801 3403 212 49 prologue,
1032 3403 35 38 le
1086 3405 155 38 théâtre
1257 3409 232 47 représente
1508 3422 56 24 un
1584 3410 82 37 lieu
1688 3412 99 36 orné
1809 3424 105 37 pour
1930 3413 68 37 des
2022 3416 235 48 spectacles,
2272 3417 95 38 c'est-

627 3462 133 37 à-dire
780 3462 36 37 le
832 3462 154 40 théâtre
1009 3467 130 37 même
1161 3469 48 36 de
1233 3468 259 48 l'Académie,
1517 3472 98 36 dont
1653 3480 94 30 tous
1788 3474 58 37 les
1865 3475 122 38 dieux
2009 3475 194 41 fabuleux
2225 3491 42 25 se
2288 3489 94 29 sont

627 3525 194 47 emparés,
844 3537 160 26 comme
1025 3527 54 36 du
1101 3530 87 35 seul
1212 3530 150 49 temple
1384 3531 69 48 qui
1482 3532 89 37 leur
1593 3542 104 29 reste
1730 3536 144 48 depuis
1900 3536 256 40 l'extinction
2184 3539 54 38 du
2260 3553 97 37 paga-
