2674 4206
845 453 86 42 UN
963 440 161 54 ABBÉ
1157 455 38 39 A
1234 452 262 42 L'OPERA

1993 466 57 45 79

1000 612 129 32 IPHISE,
1152 601 20 33 à
1191 600 145 45 Jephté.

812 673 112 33 Votre
943 671 176 44 présence
1137 670 100 33 m'est
1256 669 34 33 si
1310 667 127 44 chère;

806 727 191 44 Pourquoi
1017 726 307 44 détournez-vous
1345 724 50 34 les
1408 722 146 46 yeux?

1103 800 146 33 JEPHTÉ.

632 871 47 35 Je
699 870 147 36 devrais
869 870 51 34 les
943 870 135 34 fermer
1098 868 22 34 à
1139 868 37 33 la
1197 867 117 34 clarté
1333 867 64 34 des
1417 866 124 34 deux.

1110 954 132 24 IPHISE.

640 1016 33 33 O
693 1025 81 24 mon
787 1014 102 45 père,
913 1023 127 24 envers
1059 1023 87 24 vous
1167 1013 44 33 de
1227 1012 84 44 quoi
1331 1009 132 45 suis-je
1484 1009 197 44 coupable!

722 1070 111 44 Ai-je
854 1070 22 32 à
900 1079 62 24 vos
973 1079 115 35 yeux
1110 1067 141 35 montré
1272 1072 80 39 trop
1364 1077 73 33 peu
1455 1064 196 35 d'amour?

807 1126 63 32 Au
894 1124 97 33 bruit
1012 1125 44 33 de
1076 1128 100 31 votre
1199 1123 163 34 heureux
1383 1126 126 29 retour

636 1181 78 35 J'ai
734 1180 80 36 volé
835 1181 35 33 la
885 1180 198 45 première.

1105 1242 146 33 JEPHTÉ.

1093 1310 81 33 Eh!
1195 1311 86 32 c'est
1302 1319 40 24 ce
1363 1308 62 44 qui
1444 1307 199 34 m'accable
1651 1317 14 33 ;

813 1366 53 35 Et
886 1377 83 24 mon
992 1366 163 35 malheur
1174 1370 54 29 est
1249 1364 190 44 confirmé.

1114 1449 129 24 IPHISE.

649 1510 113 34 Votre
785 1508 188 34 malheur!
990 1508 155 43 parler;
1164 1505 115 45 quelle
1301 1504 152 34 douleur
1472 1513 87 24 vous
1570 1500 156 47 presse?

816 1564 68 33 Aie
905 1562 306 44 reprochez-vous
1232 1570 59 23 ma
1314 1557 214 36 tendresse?

1107 1635 144 34 JEPHTÉ.

821 1706 98 34 Vous
940 1715 43 25 ne
1007 1705 137 44 m'avez
1165 1714 66 35 que
1253 1709 80 39 trop
1355 1701 108 36 aimé.

1123 1789 130 23 IPHISE.

647 1837 145 34 Hélas!

1112 1890 146 33 JEPHTÉ.

804 1959 113 34 Votre
934 1959 176 44 présence
1129 1961 197 40 augmente
1342 1966 83 24 mon
1443 1955 182 45 supplice;

733 2015 309 46 Eloignez-vous.

992 2098 167 30 ALMASIE,
1188 2086 19 34 à
1227 2085 145 45 Jephté.

1058 2155 125 41 Qiielle
1204 2158 54 29 est
1278 2157 103 30 votre
1404 2150 197 45 injustice?

1112 2228 146 33 JEPHTÉ.

647 2298 190 46 Otez~moi
855 2302 56 30 cet
931 2298 116 45 objet;
1066 2297 27 33 il
1113 2307 54 23 me
1187 2304 107 36 perce
1315 2294 33 34 le
1366 2303 100 25 cœur

356 2408 21 23 «
407 2394 56 37 La
484 2395 119 36 scène
625 2398 114 31 entre
760 2390 147 49 Jephté
926 2397 39 30 et
983 2386 180 39 Almasie
1192 2388 102 35 n'est
1311 2387 123 48 guère
1463 2382 134 38 moins
1620 2381 281 37 intéressante.
1924 2377 150 52 Jephté

306 2456 59 38 lui
385 2455 182 52 apprend
586 2465 76 27 son
684 2460 181 31 serment
879 2463 8 36 ;
913 2450 77 38 elle
1009 2449 59 38 lui
1092 2448 157 50 répond
1271 2458 97 26 avec
1389 2452 207 41 transport
1618 2458 9 26 :

647 2540 101 40 Non,
767 2538 95 35 Dieu
887 2541 183 39 n'accepte
1085 2545 72 33 pas
1178 2545 46 23 un
1245 2544 79 24 vœu
1341 2532 33 34 si
1395 2530 208 36 téméraire.

650 2595 104 34 Mais
767 2603 258 36 pensez-vous,
1051 2591 113 42 cruel,
1186 2600 66 34 que
1273 2599 65 24 nos
1359 2588 138 34 saintes
1523 2585 147 42 Tribus,

844 2648 160 44 Malgré
1023 2657 63 24 vos
1102 2646 131 33 ordres
1253 2644 157 42 absolus,

651 2706 61 34 Ne
728 2708 261 31 conserveront
1004 2712 71 34 pas
1097 2711 67 24 une
1181 2700 79 43 fille
1281 2700 22 32 à
1322 2709 43 23 sa
1387 2698 97 34 rnère
1495 2697 22 34 ?

741 2761 99 33 Tout
859 2759 120 34 Israël
997 2758 52 33 lui
1063 2756 146 36 servira
1229 2756 46 33 de
1288 2754 104 45 père,

824 2813 248 45 PuisqiCenftîi
1096 2822 88 25 vous
1205 2822 43 23 ne
1268 2810 98 34 Vêtes
1383 2809 87 44 plus

361 2916 15 22 «
408 2901 57 38 Ce
486 2898 210 40 troisième
719 2905 87 31 acte
828 2897 92 38 finit
942 2908 72 39 par
1038 2902 104 32 cette
1164 2895 134 52 leçon,
1317 2903 79 39 que
1418 2888 155 39 Phinée
1591 2886 71 39 fait
1682 2889 21 35 à
1725 2885 160 52 Jephté,
1906 2888 114 45 après
2043 2883 36 38 la

311 2964 79 37 fête
412 2963 54 38 du
489 2967 329 34 couronnement
843 2974 8 23 :

1122 3023 148 36 PHINÉE.

824 3093 141 47 Jephté,
988 3094 34 33 si
1042 3098 37 28 tu
1099 3102 98 24 veux
1218 3090 104 45 qu'on
1345 3093 34 30 te
1399 3088 169 44 craigne,

647 3153 56 35 La
722 3152 142 36 crainte
884 3152 48 33 du
950 3151 187 43 Seigneur
1159 3147 80 34 doit
1256 3144 126 46 régler
1404 3149 52 28 tes
1472 3144 156 44 projets.

825 3208 50 34 Ce
896 3208 90 33 n'est
997 3215 73 35 pas
1092 3204 72 44 toi;
1187 3203 86 33 c'est
1292 3201 94 33 Dieu
1409 3199 61 44 qui
1487 3198 135 44 règne;

825 3264 87 35 Sois
933 3263 33 33 le
985 3261 161 42 premier
1169 3259 44 33 de
1232 3268 58 24 ses
1311 3256 126 41 sujets.

658 3323 122 33 Grave
799 3332 47 22 au
867 3320 92 42 fond
980 3318 45 33 de
1045 3321 62 30 ton
1129 3325 101 24 cœur
1249 3323 42 24 sa
1310 3311 132 45 parole
1462 3308 193 44 éternelle;

661 3379 113 33 Tiens
793 3387 85 24 sans
895 3384 99 25 cesse
1014 3378 54 28 tes
1089 3380 106 36 yeux
1215 3368 165 35 attachés
1397 3377 64 23 sur
1481 3375 41 24 sa
1544 3364 70 44 loi;

830 3434 103 32 Dans
950 3441 57 23 ses
1027 3431 175 33 serments
1226 3426 27 33 il
1273 3429 55 30 est
1337 3422 138 45 fidèle;

827 3489 60 34 Ne
909 3487 51 34 lui
981 3494 153 33 manque
1153 3481 138 46 jamais
1312 3480 44 34 de
1368 3478 75 45 foi.
