2674 4206
589 451 66 85 86

1057 497 77 42 LA
1167 497 385 51 CHRONIQUE
1587 498 316 42 MUSICALE

649 644 228 55 Quelques
896 646 219 41 médecins
1137 654 78 34 ont
1235 649 141 39 même
1398 647 204 42 conseillé
1622 647 72 41 des
1722 646 286 55 inspirations
2030 656 39 31 et
2090 646 71 41 des
2184 647 144 55 expira-

592 717 117 41 tions
731 718 158 41 forcées
912 733 112 41 pour
1046 722 241 40 combattre
1309 721 39 41 la
1371 721 334 55 prédisposition
1729 724 22 36 à
1772 720 41 41 la
1834 719 209 56 phthisie.

649 792 312 41 Steinbrenner
990 795 227 54 supposait
1244 809 84 40 que
1359 795 242 42 l'habitude
1635 795 132 41 d'une
1801 793 257 56 respiration
2089 793 263 56 incomplète

594 874 62 32 est
677 866 40 41 la
740 866 238 56 principale
1000 881 128 27 cause
1145 868 132 42 d'une
1298 870 381 52 tuberculisation,
1702 878 40 32 et
1762 868 222 56 proposait
2004 881 171 27 comme
2193 882 158 41 moyen

594 941 361 56 prophylactique
987 943 41 40 la
1062 943 259 55 respiration
1354 943 154 49 forcée,
1536 957 157 41 moyen
1722 943 93 54 déjà
1845 941 205 43 conseillé
2076 956 78 41 par
2173 944 147 38 Auten-

592 1013 130 54 rieth,
740 1014 224 54 Crichton,
982 1015 224 54 Carswell,
1227 1016 148 53 Clark,
1399 1017 238 53 Ramadge,
1655 1031 109 41 pour
1785 1016 201 56 prévenir
2003 1015 40 41 la
2064 1014 205 56 phthisie.
2292 1014 60 42 La

593 1087 258 55 respiration
887 1102 42 27 se
955 1089 143 40 faisait
1127 1103 100 27 avec
1257 1103 61 27 un
1345 1090 191 55 appareil
1567 1091 294 54 fumigatoire,
1883 1091 108 40 dans
2018 1089 143 56 lequel
2184 1087 93 42 l'air
2298 1101 55 27 ne

594 1160 183 55 pouvait
797 1163 198 52 pénétrer
1016 1176 84 40 que
1119 1176 77 41 par
1218 1176 86 27 une
1326 1172 232 32 ouverture
1579 1165 115 53 large
1714 1165 51 40 de
1790 1165 20 40 3
1836 1169 22 36 à
1879 1178 30 40 4
1929 1164 288 42 millimètres.

650 1234 124 41 Cette
812 1235 165 41 théorie
1018 1249 55 27 ne
1112 1249 150 42 repose
1300 1250 75 41 pas
1410 1250 75 27 sur
1519 1237 73 40 des
1624 1239 191 40 données
1853 1238 228 55 positives.
2114 1237 36 40 Il
2172 1235 182 42 n'existe

594 1322 151 28 aucun
768 1310 122 53 signe
912 1308 276 55 scientifique
1206 1310 76 54 qui
1298 1318 207 47 permette
1523 1310 233 42 d'affirmer
1777 1325 101 27 avec
1900 1311 211 42 certitude
2131 1310 40 41 la
2189 1309 142 57 prédis-

598 1383 196 56 position
808 1386 22 37 à
846 1383 40 41 la
905 1383 216 56 phthisie;
1141 1383 30 42 il
1188 1386 73 53 n'y
1282 1398 23 27 a
1324 1398 86 41 que
1431 1384 73 41 des
1523 1385 319 55 présomptions
1867 1385 126 41 tirées
2011 1384 51 41 de
2078 1384 40 40 la
2139 1383 192 41 constitu-

595 1457 95 43 tion
707 1458 215 52 générale,
941 1457 72 41 des
1034 1457 132 41 forces
1187 1457 52 41 de
1256 1458 252 52 l'individu,
1530 1468 98 42 etc.,
1648 1458 108 41 mais
1773 1458 78 55 qui
1875 1458 123 40 n'ont
2017 1470 172 28 aucune
2205 1456 149 41 valeur

597 1531 199 56 positive.
823 1531 146 41 Même
988 1532 39 40 la
1048 1531 374 56 prédispositition
1457 1545 76 42 par
1554 1533 191 40 hérédité
1777 1540 62 33 est
1861 1532 92 41 loin
1984 1532 132 41 d'être
2137 1531 188 41 certaine
2343 1545 9 38 ;

597 1606 146 52 sinon,
767 1619 169 27 comme
959 1606 108 40 dans
1093 1615 122 31 toute
1235 1606 162 40 famille
1417 1620 58 26 on
1496 1616 105 45 peut
1621 1614 177 33 trouver
1831 1620 57 27 au
1924 1606 145 41 moins
2091 1620 61 26 un
2177 1607 95 52 père
2295 1618 58 26 ou

597 1691 87 28 une
707 1682 114 37 mère
844 1687 137 33 morts
1002 1679 52 40 de
1075 1679 207 54 phthisie,
1305 1687 95 33 tout
1422 1679 39 41 le
1483 1681 159 39 monde
1664 1680 128 40 serait
1815 1681 177 39 menacé
2014 1680 51 39 de
2089 1686 106 34 cette
2215 1677 111 42 mala-

596 1752 83 40 die.
709 1752 74 40 Un
806 1752 92 40 seul
920 1752 127 54 point
1067 1760 63 33 est
1149 1753 179 52 certain,
1364 1753 100 41 c'est
1491 1767 87 40 que
1611 1754 216 40 l'exercice
1862 1754 153 41 fortifie
2043 1754 58 40 les
2134 1766 220 42 poumons

597 1835 40 31 et
656 1826 176 41 devient
852 1825 114 41 ainsi
1007 1839 61 27 un
1103 1839 160 41 moyen
1297 1827 360 55 prophylactique
1685 1836 147 32 contre
1852 1827 59 41 les
1932 1827 226 40 affections
2180 1827 150 40 inflam-

598 1900 220 42 matoires.

653 1975 160 39 Disons
834 1978 24 36 à
881 1981 108 34 cette
1009 1974 216 52 occasion,
1251 1974 193 55 quoique
1465 1974 38 41 le
1525 1974 111 55 sujet
1658 1988 52 27 ne
1733 1974 83 41 soit
1836 1988 78 41 pas
1945 1988 53 26 en
2019 1984 175 46 rapport
2214 1975 138 41 direct

598 2061 101 29 avec
738 2048 218 40 l'exercice
994 2048 50 40 de
1077 2048 40 40 la
1157 2050 115 52 voix,
1297 2061 85 41 que
1415 2048 38 40 le
1489 2048 70 53 jeu
1593 2048 73 41 des
1698 2048 287 41 instruments
2013 2053 25 36 à
2059 2056 104 33 vent
2199 2048 156 41 fortifie

598 2122 241 53 également
859 2122 57 40 les
940 2135 234 41 poumons.
1201 2122 64 42 M.
1283 2121 99 54 Sax,
1404 2121 175 40 l'habile
1600 2121 163 41 facteur
1784 2122 335 41 d'instruments
2141 2123 51 39 de
2215 2122 112 40 musi-

598 2209 85 40 que
703 2209 54 26 en
778 2195 164 49 cuivre,
966 2194 168 41 affirme
1154 2195 141 39 même
1309 2208 85 41 que
1415 2202 99 32 tous
1533 2194 57 41 les
1608 2195 198 40 hommes
1825 2195 77 54 qui
1917 2204 79 31 ont
2013 2209 110 41 pour
2137 2196 218 55 spécialité

599 2270 212 53 d'essayer
834 2282 66 27 ces
922 2268 304 54 instruments,
1242 2268 213 54 jouissent
1475 2277 116 44 tous,
1614 2282 74 40 par
1708 2278 175 46 rapport
1900 2274 23 36 à
1940 2269 40 41 la
2002 2270 201 55 phthisie,
2223 2270 132 40 d'une

596 2342 238 42 immunité
854 2342 231 55 complète.

653 2490 68 41 En
762 2499 239 45 supposant
1031 2488 39 41 le
1105 2489 262 40 mécanisme
1404 2488 52 41 de
1489 2488 42 41 la
1566 2487 260 56 production
1861 2489 51 41 de
1949 2490 42 41 la
2025 2490 103 41 voix
2173 2493 181 40 exécuté

595 2565 167 53 d'après
782 2564 60 40 les
863 2563 134 53 règles
1019 2562 305 54 hygiéniques,
1347 2562 214 41 l'exercice
1583 2575 89 27 non
1697 2564 240 40 seulement
1960 2577 53 26 ne
2034 2577 92 27 sera
2149 2578 75 40 pas
2245 2564 77 40 nui-

595 2639 106 41 sible
721 2652 85 27 aux
828 2650 196 41 organes
1048 2637 54 40 de
1124 2637 45 40 la
1196 2637 120 51 voix,
1343 2636 108 41 mais
1473 2636 30 41 il
1524 2636 93 41 leur
1639 2650 94 27 sera
1756 2639 141 39 même
1924 2637 240 55 profitable.

651 2713 81 41 Les
752 2712 185 41 muscles
957 2711 290 55 intrinsèques
1267 2711 61 39 du
1350 2712 157 53 larynx
1529 2711 220 41 subissent
1767 2714 58 38 les
1847 2713 161 39 mêmes
2031 2712 81 40 lois
2133 2713 197 55 physiolo-

591 2787 156 55 giques
770 2801 84 41 que
873 2786 60 41 les
955 2792 141 35 autres
1118 2785 185 41 muscles
1325 2785 261 40 volontaires
1604 2801 10 35 ;
1652 2785 217 41 l'exercice
1909 2787 228 54 approprié
2172 2792 24 36 à
2236 2787 117 40 leurs

593 2862 131 40 forces
748 2871 40 31 et
809 2864 24 36 à
851 2860 95 41 leur
965 2859 266 41 destination
1251 2859 58 39 les
1343 2858 105 41 rend
1489 2858 96 55 plus
1621 2858 262 54 vigoureux,
1909 2861 98 52 plus
2033 2860 189 55 souples,
2245 2874 81 40 aug-

593 2942 145 32 mente
759 2935 92 39 leur
871 2933 192 49 tonicité,
1088 2931 182 41 favorise
1291 2945 52 27 en
1368 2944 61 27 un
1457 2938 90 34 mot
1587 2940 99 33 tout
1716 2932 94 39 leur
1839 2933 380 54 développement.
2272 2934 81 41 Les

592 3008 156 53 larynx
769 3007 132 40 d'une
922 3014 168 34 texture
1117 3006 128 40 faible
1267 3006 289 40 deviendront
1579 3019 77 41 par
1678 3008 273 52 conséquent
1985 3008 99 54 plus
2119 3008 120 50 forts,
2266 3010 87 39 àla

590 3080 226 41 condition
838 3093 85 41 que
945 3079 40 41 la
1007 3080 194 41 faiblesse
1222 3093 55 28 ne
1297 3080 83 40 soit
1402 3093 74 41 pas
1498 3079 40 41 la
1560 3081 300 53 conséquence
1881 3081 108 40 d'un
2023 3082 88 39 état
2152 3081 176 55 patholo-

591 3154 146 54 gique.
760 3152 81 41 Les
861 3154 201 41 résultats
1086 3168 54 26 ne
1156 3161 97 34 sont
1277 3168 73 40 pas
1372 3152 144 42 moins
1540 3153 197 40 heureux
1771 3166 111 41 pour
1915 3154 61 40 les
2008 3168 221 40 poumons
2255 3168 9 27 :
2290 3155 60 41 les

588 3240 236 43 personnes
845 3226 77 55 qui
943 3236 78 31 ont
1042 3227 39 41 la
1102 3227 255 55 respiration
1380 3236 162 42 courte,
1566 3226 260 54 irrégulière,
1857 3227 79 54 qui
1972 3237 99 32 sont
2104 3227 248 42 essoufflées

590 3302 83 40 àla
697 3300 195 42 moindre
912 3300 180 54 fatigue,
1115 3303 148 39 voient
1284 3302 255 54 disparaître
1562 3314 66 27 ces
1650 3301 335 41 incommodités
2004 3316 10 40 ;
2057 3302 41 40 la
2138 3302 188 41 circonfé-

588 3389 126 28 rence
733 3375 52 40 de
804 3375 40 40 la
866 3375 188 55 poitrine
1074 3376 177 42 devient
1272 3377 97 54 plus
1399 3375 292 41 considérable
1713 3384 40 33 et
1775 3385 235 44 augmente
2045 3377 52 40 de
2130 3377 220 54 plusieurs

588 3450 289 42 centimètres.
901 3448 121 42 Cette
1042 3450 189 54 vigueur
1251 3451 169 41 donnée
1443 3464 85 27 aux
1549 3464 219 40 poumons
1789 3450 59 40 les
1870 3451 107 39 rend
2001 3451 146 40 moins
2167 3451 159 54 impres-

588 3523 271 47 sionnables;
884 3523 57 41 les
964 3525 292 52 congestions,
1276 3525 58 40 les
1352 3523 251 42 bronchites
1620 3532 40 33 et
1675 3523 58 41 les
1750 3525 293 52 pneumonies
2064 3523 278 54 chroniques,
