2674 4206
901 487 88 42 UN
1023 477 161 54 ABBÉ
1215 493 39 39 A
1289 483 262 51 L'OPÉRA

2046 502 62 55 73

347 633 137 51 public
505 634 48 38 de
577 635 219 40 confirmer
818 645 104 30 cette
945 639 214 49 espérance
1182 652 53 24 ou
1257 640 48 37 de
1333 639 34 37 la
1392 652 223 27 renverser.
1639 644 45 36 Je
1710 645 257 49 n'appellerai
1989 649 119 48 point

345 696 49 36 de
416 708 42 25 sa
480 696 206 49 décision;
712 698 116 48 mais,
851 698 37 50 je
908 698 106 38 crois
1036 712 79 36 que
1139 713 85 24 mes
1251 701 110 50 juges
1382 703 208 36 voudront
1613 703 92 38 bien
1728 717 63 25 me
1814 716 220 38 permettre
2057 710 48 37 de

345 757 90 38 leur
450 769 170 38 exposer
639 771 65 25 ma
724 771 133 37 cause,
877 772 93 26 sans
990 760 197 38 toutefois
1204 762 235 50 m'imputer
1455 776 159 26 aucune
1631 765 180 39 défiance
1832 779 68 26 sur
1918 767 36 39 la
1975 769 134 39 sûreté

345 818 48 38 de
414 819 110 38 leurs
547 820 208 39 lumières.

397 894 15 22 «
442 882 47 37 Je
521 894 50 25 ne
600 882 101 37 dirai
734 882 88 37 rien
851 883 55 37 du
935 883 219 50 prologue;
1183 884 56 38 les
1268 886 194 50 suffrages
1490 888 139 38 réunis
1650 890 48 37 de
1721 901 100 26 ceux
1842 891 22 38 à
1884 892 70 50 qui
1974 891 76 52 j'en
2071 894 39 39 ai

345 945 293 47 communiqué
668 943 37 37 le
731 943 95 50 plan
855 956 64 25 me
947 945 236 50 dispensent
1209 947 49 37 de
1286 947 230 50 l'apologie.

396 1020 18 16 «
446 1005 75 36 Les
541 1004 164 38 libertés
721 1016 79 37 que
821 1002 65 52 j'ai
906 1006 128 49 prises
1055 1007 99 37 dans
1173 1008 36 37 la
1225 1010 178 48 tragédie
1425 1011 249 39 demandent
1694 1014 90 48 plus
1804 1014 304 52 d'indulgence;

343 1065 192 48 l'épisode
559 1065 221 38 d'Ammon
802 1075 120 40 parut
948 1068 152 39 exciter
1128 1069 176 50 quelque
1327 1073 322 48 contradiction;
1675 1075 100 38 mais
1797 1077 35 50 je
1853 1077 78 37 n'ai
1952 1091 69 36 pas
2041 1079 70 36 osé

344 1126 148 37 bannir
519 1134 91 30 tout
636 1130 22 34 à
685 1126 73 38 fait
785 1127 174 39 l'amour
986 1131 168 48 profane
1183 1132 97 37 d'un
1309 1133 157 38 théâtre
1491 1135 71 49 qui
1591 1137 154 37 semble
1773 1138 125 38 n'être
1925 1138 73 39 fait
2031 1152 80 38 que

343 1201 104 38 pour
468 1197 105 30 cette
595 1190 163 48 passion
778 1190 158 40 frivole.
964 1194 54 36 Le
1046 1196 128 47 grand
1206 1196 208 38 Corneille
1437 1210 51 25 ne
1520 1197 61 39 fut
1603 1212 69 36 pas
1693 1199 136 40 moins
1860 1202 143 38 timide
2029 1214 82 37 que

343 1251 99 47 moi,
463 1252 138 48 quand
624 1251 27 37 il
672 1264 152 38 exposa
846 1266 104 37 pour
977 1254 36 39 la
1034 1257 200 48 première
1261 1259 75 37 fois
1359 1271 80 25 une
1464 1261 179 48 tragédie
1671 1262 128 38 sainte
1821 1275 79 25 aux
1918 1275 107 39 yeux
2047 1265 55 36 du

341 1312 141 50 public
515 1314 171 48 étonné;
716 1322 40 30 et
785 1315 146 39 Sévère
962 1329 227 26 amoureux
1218 1327 69 30 eut
1318 1328 143 29 autant
1487 1322 49 37 de
1564 1322 200 49 partisans
1785 1336 79 37 que
1889 1325 222 49 Polyeucte

342 1382 172 43 martyr.

395 1449 14 21 «
442 1436 194 38 L'amour
663 1450 79 37 que
771 1438 37 50 je
835 1439 136 38 donne
999 1439 21 38 à
1047 1441 38 37 la
1114 1441 80 38 fille
1223 1442 48 37 de
1293 1442 146 49 Jephté
1468 1455 103 38 pour
1599 1456 57 25 un
1684 1444 140 49 prince
1852 1445 170 39 idolâtre
2051 1455 61 29 est

344 1496 220 52 justement
588 1500 103 49 puni
719 1513 73 36 par
818 1500 39 38 le
888 1501 102 49 péril
1019 1502 101 37 dont
1150 1503 77 37 elle
1256 1512 60 28 est
1343 1505 205 47 menacée,
1578 1514 40 29 et
1649 1517 44 26 ce
1721 1507 101 37 n'est
1849 1508 185 49 qu'après
2060 1521 51 25 en

341 1560 114 37 avoir
477 1559 204 52 triomphé
703 1561 146 50 qu'elle
871 1569 145 31 trouve
1037 1564 117 49 grâce
1176 1564 148 37 devant
1345 1565 35 37 le
1404 1566 213 49 Seigneur.

394 1633 16 22 «
439 1621 199 47 J'établis,
661 1623 70 36 dès
754 1623 36 37 la
811 1623 175 37 seconde
1009 1627 120 34 scène
1149 1625 55 36 du
1226 1626 177 48 premier
1424 1635 102 40 acte,
1550 1641 80 36 que
1651 1629 145 50 Jephté
1818 1630 63 38 n'a
1902 1643 53 25 vu
1977 1632 135 49 Iphise

342 1693 80 39 que
440 1684 100 35 dans
559 1681 98 52 l'âge
680 1684 36 37 le
739 1684 91 50 plus
851 1686 157 47 tendre,
1026 1699 104 36 pour
1149 1699 65 25 me
1235 1688 193 50 ménager
1445 1702 80 25 une
1549 1694 119 34 scène
1690 1691 49 37 de
1761 1693 350 40 reconnaissance.

397 1757 15 21 «
444 1744 108 37 C'est
573 1744 50 37 ici
645 1745 37 37 le
710 1745 82 37 lieu
820 1746 50 37 de
899 1747 204 48 répondre
1126 1752 21 33 à
1170 1761 79 25 une
1279 1748 208 50 objection
1510 1753 124 48 qu'on
1655 1753 75 36 m'a
1753 1752 107 39 faite.
1888 1755 222 49 Pourquoi,

347 1804 191 38 m'a-t-on
560 1805 72 48 dit,
653 1807 150 48 Iphise,
821 1808 101 36 dans
945 1808 221 39 l'entr'acte
1188 1811 54 37 du
1264 1812 151 36 second
1436 1823 51 26 au
1507 1815 222 47 troisième,
1751 1827 50 25 ne
1824 1816 194 38 s'est-elle
2039 1829 72 38 pas

345 1869 211 36 annoncée
578 1871 21 34 à
621 1881 75 24 son
717 1869 118 48 père?

396 1946 18 16 «
442 1930 47 37 Je
512 1931 177 49 réponds
710 1935 21 33 à
752 1931 83 38 cela
849 1945 79 37 que
945 1934 37 36 la
1004 1933 243 38 bienséance
1263 1947 51 25 ne
1335 1935 58 37 lui
1413 1938 235 47 permettait
1669 1950 71 37 pas
1758 1940 48 36 de
1829 1950 40 26 se
1891 1939 96 37 faire
2010 1952 75 25 con-

348 1992 133 37 naître
503 1994 21 34 à
551 1992 160 49 Jephté,
742 2005 92 26 sans
860 1995 58 37 lui
942 1995 82 37 être
1047 1997 212 47 présentée
1288 2009 71 37 par
1380 1997 193 46 Almasie,
1603 2010 41 26 sa
1670 2002 124 45 mère,
1818 2000 161 37 et-c'est
2007 2013 106 36 pour

345 2061 104 29 cette
473 2053 136 37 raison
628 2067 79 36 que
729 2055 34 50 je
785 2055 58 37 lui
861 2056 74 37 tais
953 2056 85 37 dire
1057 2056 100 37 dans
1177 2069 56 24 un
1249 2060 20 35 à
1285 2065 114 42 parte
1415 2059 68 49 qui
1500 2058 90 38 finit
1611 2060 37 37 le
1669 2062 149 36 second
1839 2069 87 30 acte
1940 2077 9 32 ;
1973 2062 94 38 c'est
2093 2065 21 34 à

347 2113 104 39 Dieu
474 2115 146 49 qu'elle
644 2116 193 38 s'adresse
863 2128 7 26 :

686 2202 45 34 Je
754 2213 42 23 ne
811 2203 87 43 puis
915 2203 151 34 résister
1086 2204 22 33 à
1129 2216 80 23 mon
1238 2206 228 44 impatience.

638 2274 11 14 «
686 2258 200 44 Seigneur,
912 2270 46 23 un
980 2260 77 33 seul
1079 2265 157 30 moment
1255 2261 36 43 je
1312 2272 42 23 ne
1375 2272 95 23 veux
1491 2272 66 33 que
1580 2262 30 33 le
1631 2262 93 43 voir,

687 2313 53 34 Et
751 2314 43 43 je
813 2314 78 34 vole
913 2315 44 33 où
980 2316 189 45 m'appelle
1190 2326 47 24 un
1256 2316 84 45 plus
1359 2318 107 33 sacré
1488 2317 135 34 devoir.

397 2428 15 21 «
444 2414 268 37 C'est-à-dire
733 2427 50 24 au
807 2415 166 50 temple,
997 2418 54 35 où
1075 2429 41 24 sa
1136 2419 110 35 mère
1265 2417 50 37 l'a
1337 2418 215 38 devancée.

396 2491 17 16 «
442 2476 117 36 Voici
580 2488 80 24 une
682 2477 176 37 seconde
881 2478 173 48 réponse
1078 2477 20 38 à
1121 2479 36 36 la
1181 2479 131 36 même
1333 2477 206 51 objection
1564 2491 7 26 :

395 2552 18 16 «
442 2537 160 48 Jephté,
626 2538 106 49 agité
755 2538 48 37 de
827 2539 185 38 remords
1032 2542 19 34 à
1075 2540 37 37 la
1134 2540 201 49 première
1354 2552 76 25 vue
1450 2542 47 36 de
1517 2554 42 24 sa
1577 2541 164 37 victime
1757 2542 97 49 qu'il
1875 2554 50 26 ne
1949 2543 167 37 connaît

342 2610 88 37 pas,
452 2599 183 37 ordonne
658 2603 21 33 à
700 2608 91 28 tout
813 2600 35 37 le
872 2602 149 35 monde
1044 2601 48 36 de
1115 2613 39 25 se
1177 2610 163 40 retirer;
1371 2603 166 36 n'est-ce
1566 2615 71 36 pas
1664 2606 20 33 à
1717 2615 40 24 sa
1791 2603 81 38 fille
1906 2602 22 39 à
1958 2604 158 38 donner

344 2660 217 49 l'exemple
583 2660 49 37 de
654 2660 268 38 l'obéissance
945 2664 125 47 qu'on
1093 2663 86 36 doit
1202 2675 79 24 aux
1305 2665 141 36 ordres
1469 2665 48 36 de
1540 2676 73 25 son
1636 2665 241 37 souverain?

396 2738 17 15 «
441 2722 46 37 Je
509 2723 196 36 conviens
728 2723 99 48 qu'il
851 2724 173 37 n'aurait
1046 2732 99 29 tenu
1166 2724 93 49 qu'à
1283 2724 80 38 moi
1388 2724 48 37 de
1458 2726 134 48 placer
1613 2726 37 37 la
1679 2727 336 38 reconnaissance
2036 2728 22 36 à
2079 2728 37 36 la

342 2782 57 37 fin
422 2785 53 35 du
496 2784 150 36 second
667 2793 110 39 acte;
804 2785 100 37 mais
926 2785 64 48 j'ai
1013 2785 129 37 craint
1165 2787 48 35 de
1237 2787 36 37 le
1295 2786 240 49 surcharger
1556 2787 48 37 de
1627 2790 130 35 scène.
1791 2788 31 37 Il
1843 2801 24 37 y
1889 2801 20 24 a
1929 2801 79 25 une
2029 2800 65 25 cer-

343 2845 109 36 taine
475 2858 163 25 mesure
660 2847 48 36 de
729 2854 145 42 temps,
899 2848 100 36 dans
1021 2848 175 48 laquelle
1216 2861 56 24 un
1295 2856 145 29 auteur
1457 2848 86 37 doit
1564 2860 40 25 se
1625 2850 234 47 renfermer,
1879 2850 59 36 s'il
1956 2861 49 26 ne
2020 2856 96 31 veut

342 2907 206 48 s'exposer
569 2911 22 33 à
613 2920 186 38 ennuyer
821 2909 56 36 les
900 2917 267 42 spectateurs.

395 2983 14 20 «
445 2970 110 36 Pour
579 2981 43 25 ce
644 2970 71 48 qui
738 2972 169 48 regarde
928 2972 36 36 le
988 2971 138 47 ballet,
1152 2972 101 37 dont
1273 2984 54 24 on
1350 2984 64 24 me
1437 2970 132 38 faisait
1592 2985 54 24 un
1670 2973 178 38 obstacle
1878 2974 211 37 insurmon-

343 3029 120 49 table,
493 3030 33 51 je
554 3043 49 25 ne
632 3032 246 49 comprends
906 3045 72 36 pas
1005 3045 69 24 sur
1096 3032 97 50 quoi
1218 3046 54 25 on
1294 3034 168 51 pouvait
1486 3046 40 25 se
1548 3032 145 39 fonder
1717 3046 105 37 pour
1850 3035 191 37 l'exclure
2067 3036 49 37 de

343 3104 64 24 ma
426 3092 195 48 tragédie.
649 3093 110 36 L'art
780 3094 48 36 de
853 3094 147 37 danser
1022 3094 150 37 n'est-il
1195 3107 69 36 pas
1284 3095 49 37 de
1355 3104 103 28 tous'
1477 3095 58 37 les
1561 3102 132 42 temps
1722 3104 39 28 et
1790 3108 50 25 ne
1869 3096 248 39 convient-il

341 3165 71 37 pas
433 3156 22 34 à
477 3162 93 29 tous
593 3154 56 37 les
671 3155 192 49 peuples?
895 3156 55 36 La
975 3156 144 36 nation
1149 3155 107 49 juive
1286 3168 49 24 ne
1366 3156 56 49 s'y
1449 3156 288 38 adonnait-elle
1765 3170 71 36 pas
1865 3166 143 28 autant
2038 3170 80 36 que

342 3222 137 30 toutes
502 3215 58 38 les
582 3217 161 36 autres?
768 3218 144 48 David,
930 3217 37 36 le
987 3217 91 49 plus
1099 3217 104 37 saint
1219 3218 68 36 des
1309 3218 94 46 rois,
1427 3229 49 24 ne
1498 3217 204 37 dansa-t-il
1721 3231 68 36 pas
1806 3219 147 36 devant
1969 3220 147 37 l'arche

342 3277 55 36 du
423 3278 214 48 Seigneur,
666 3291 161 25 comme
848 3279 90 37 font
961 3292 84 24 mes
1068 3279 202 49 guerriers
1291 3279 99 37 dans
1417 3292 97 24 mon
1538 3279 178 49 premier
1745 3280 110 37 acte?
1882 3281 54 37 La
1963 3281 82 37 fille
2069 3282 48 37 de

341 3337 147 50 Jephté
509 3339 252 38 n'alla-t-elle
781 3353 70 36 pas
871 3353 50 24 au
942 3343 147 34 devant
1108 3341 48 36 de
1176 3353 73 24 son
1272 3344 107 46 père,
1397 3340 227 49 vainqueur
1643 3341 69 36 des
1728 3341 275 48 Ammonites,
2020 3354 96 25 avec

342 3399 70 37 des
432 3401 259 37 tambourins
712 3410 39 28 et
769 3403 70 36 des
858 3403 169 36 danses?
1048 3403 55 36 Ce
1124 3410 93 29 sont
1236 3402 36 36 là
1294 3401 58 37 les
1374 3413 170 37 propres
1562 3410 148 29 termes
1728 3403 48 36 de
1796 3401 36 38 la
1853 3402 128 37 sainte
2003 3393 92 46 Écri-

342 3467 102 32 ture.
474 3463 182 37 Peut-on
677 3476 64 25 me
764 3464 156 37 blâmer
942 3464 65 50 d'y
1028 3464 115 38 avoir
1161 3464 84 50 pris
1268 3464 35 36 la
1326 3464 77 37 fête
1425 3464 48 35 de
1495 3476 97 24 mon
1615 3464 152 37 second
1788 3464 110 38 acte?
1923 3463 171 39 Pouvais-

341 3521 39 51 je
403 3521 136 41 mieux
562 3525 83 37 être
667 3525 209 39 autorisé?
908 3526 75 38 Les
1011 3526 132 38 tribus
1175 3526 180 47 d'lsraël,
1387 3526 310 37 reconnaissant
1724 3526 148 50 Jephté
1900 3538 104 37 pour
2030 3526 88 36 leur
