2674 4206
1083 490 78 41 LA
1191 486 386 51 CHRONIQUE
1610 482 317 44 MUSICALE

627 490 58 42 62

631 646 122 32 ment
774 651 62 27 ses
857 637 142 58 leçons
1021 637 51 41 de
1101 637 129 41 chant
1256 649 110 43 pour
1395 648 43 28 se
1461 647 133 28 vouer
1627 631 282 42 entièrement
1944 632 24 36 à
2002 640 44 27 sa
2078 624 182 41 carrière
2286 622 72 41 dra-

630 710 209 56 matique,
863 719 40 33 et
925 726 42 26 sa
1000 711 115 55 place
1140 710 431 54 d'accompagnateur
1593 721 55 26 au
1677 705 180 46 théâtre,
1891 701 279 41 absolument
2203 697 142 40 incom-

630 786 163 54 patible
814 799 98 26 avec
932 785 58 40 les
1013 785 217 40 fonctions
1251 783 50 40 de
1331 782 211 41 directeur
1573 780 50 41 de
1654 779 39 41 la
1727 777 206 53 musique
1961 775 52 40 de
2040 770 331 57 l'lmpératrice,

631 873 85 41 que
736 860 278 39 d'heureuses
1035 858 202 40 relations
1259 858 50 39 de
1332 856 155 41 société
1517 862 40 33 et
1583 855 212 54 peut-être
1830 849 115 42 aussi
1980 862 76 27 son
2092 845 142 41 habile
2255 843 98 41 dédi-

632 946 95 27 cace
757 932 52 40 de
825 933 168 40 Milton
1017 932 62 41 lui
1101 930 172 41 avaient
1288 930 76 41 fait
1385 928 188 42 obtenir.
1594 926 107 41 Bien
1722 925 64 41 lui
1809 938 53 26 en
1884 922 86 56 prit
1992 920 219 42 d'ailleurs
2239 919 50 38 de
2311 931 45 26 sa-

632 1006 139 40 crifier
792 1013 104 33 cette
918 1005 188 55 position
1136 1010 22 35 à
1181 1017 87 27 une
1290 1011 121 33 autre
1430 1003 119 54 place
1569 1002 95 53 près
1686 1001 50 39 de
1756 1000 40 39 la
1818 995 273 53 souveraine,
2114 1007 70 26 car
2203 992 31 40 il
2255 991 80 40 dut
2357 994 23 36 à

629 1087 108 33 cette
757 1079 118 54 place
891 1079 52 40 de
959 1079 184 54 pouvoir
1163 1076 241 54 triompher
1425 1076 71 39 des
1517 1072 322 42 innombrables
1855 1069 207 43 obstacles
2081 1069 134 52 qu'on
2239 1063 143 41 faisait

629 1152 138 53 surgir
786 1152 157 40 devant
965 1151 81 53 lui,
1077 1161 38 29 et
1134 1150 29 40 il
1196 1158 153 32 trouva
1371 1149 106 39 dans
1505 1148 41 39 la
1580 1147 132 40 bonté
1733 1145 212 41 naturelle
1967 1143 51 40 de
2039 1139 233 55 Joséphine
2295 1148 86 29 une

628 1225 238 54 protection
888 1224 147 51 active,
1061 1237 98 27 sans
1180 1222 184 54 laquelle
1392 1222 30 39 il
1451 1234 53 27 ne
1525 1221 125 39 serait
1671 1219 213 54 peut-être
1906 1230 72 41 pas
2002 1227 194 43 parvenu
2225 1217 23 35 à
2277 1210 104 40 faire

625 1298 120 54 jouer
779 1299 44 40 la
859 1299 174 40 Vestale
1039 1331 7 18 ,
1071 1306 170 46 partant
1261 1300 23 37 à
1307 1310 41 27 se
1370 1295 104 40 faire
1496 1296 239 39 connaître.
1769 1293 35 40 Il
1833 1305 52 26 ne
1908 1289 232 55 négligeait
2162 1286 219 42 d'ailleurs

625 1384 170 29 aucune
816 1371 197 41 occasion
1035 1371 192 41 d'attirer
1261 1384 73 26 sur
1371 1369 64 41 lui
1470 1369 57 39 les
1559 1366 171 55 regards
1759 1370 130 35 d'une
1919 1363 214 54 princesse
2154 1360 94 54 déjà
2279 1358 101 41 bien

628 1444 191 55 disposée
839 1459 51 27 en
915 1459 44 27 sa
992 1445 162 52 faveur,
1178 1455 39 29 et
1238 1444 28 40 il
1289 1457 52 27 ne
1363 1455 192 42 manqua
1580 1455 73 41 pas
1675 1440 98 41 d'en
1796 1438 120 41 saisir
1938 1450 85 27 une
2042 1435 232 41 excellente
2296 1444 84 42 que

626 1518 64 40 lui
705 1518 114 41 offrit
842 1519 165 40 bientôt
1024 1519 39 40 le
1082 1518 140 41 destin
1238 1518 72 40 des
1334 1516 207 42 batailles.

683 1592 121 40 Tous
819 1593 58 40 les
893 1592 182 40 théâtres
1090 1592 50 40 de
1156 1591 119 41 Paris
1295 1591 345 54 s'empressèrent
1661 1587 51 41 de
1731 1587 188 40 célébrer
1941 1585 39 40 la
2001 1583 135 55 gloire
2157 1583 51 40 de
2228 1581 122 54 Napo-

635 1666 101 40 léon
771 1668 120 53 après
931 1665 40 41 la
1000 1665 172 42 bataille
1213 1664 281 41 d'Austerlitz
1529 1663 77 55 (1).
1645 1660 203 55 Spontini
1886 1658 214 41 demanda
2135 1655 182 42 aussitôt
2356 1657 22 36 à

633 1738 202 41 Balocchi
855 1740 50 39 de
924 1739 63 41 lui
1005 1738 168 41 fournir
1193 1738 38 40 le
1255 1747 111 31 texte
1395 1737 131 41 d'une
1547 1744 169 33 cantate
1743 1733 201 41 intitulée
1974 1734 23 38 /'
2005 1731 193 41 Eccelsa
2237 1730 139 51 Gara,

633 1812 106 53 qu'il
762 1825 42 27 se
826 1812 98 40 hâta
953 1813 51 40 de
1038 1820 154 33 mettre
1213 1825 53 27 en
1298 1810 220 54 musique,
1559 1818 41 31 et
1631 1807 78 55 qui
1740 1807 66 40 fut
1828 1806 199 40 exécutée
2048 1819 55 26 au
2136 1804 169 40 théâtre
2327 1801 53 40 de

629 1885 323 55 l'lmpératrice,
978 1886 38 40 le
1044 1886 23 39 8
1092 1885 151 41 février
1270 1885 131 40 1806.
1433 1883 60 40 Le
1511 1883 109 52 sujet
1648 1881 49 40 de
1723 1888 106 32 cette
1853 1886 166 33 cantate
2041 1876 336 55 mythologique

631 1958 104 42 était
751 1961 130 38 d'une
902 1959 150 41 fadeur
1065 1959 202 44 extrême.
1293 1958 188 54 Apollon
1497 1966 39 30 et
1558 1956 215 49 Minerve,
1797 1952 238 42 descendus
2057 1965 86 26 aux
2161 1950 194 53 Champs

631 2018 185 68 Élysées,
852 2032 232 41 invitaient
1115 2032 58 41 les
1207 2032 97 54 plus
1333 2031 186 41 illustres
1555 2032 143 52 poètes
1717 2029 50 39 de
1788 2028 39 40 la
1854 2027 148 51 Grèce,
2027 2026 50 39 de
2108 2026 139 39 Rome
2265 2031 40 32 et
2327 2022 52 39 de

628 2106 160 41 l'ltalie
821 2110 24 37 à
875 2106 156 41 exalter
1055 2107 41 39 la
1116 2106 133 54 gloire
1275 2104 204 42 militaire
1504 2105 51 39 de
1580 2104 40 40 la
1650 2104 180 41 France.
1861 2102 204 44 Homère,
2091 2098 164 54 Virgile
2277 2106 40 31 et
2340 2096 39 40 le

630 2179 135 41 Tasse
793 2194 42 26 se
863 2179 267 55 disputaient
1162 2179 219 40 vivement
1414 2186 63 33 cet
1507 2178 214 48 honneur;
1757 2175 111 41 mais
1894 2173 190 55 Apollon
2118 2173 58 40 les
2202 2171 172 41 mettait

630 2261 219 46 sagement
869 2253 196 41 d'accord
1092 2267 52 26 en
1167 2253 268 54 proclamant
1456 2264 84 41 que
1562 2264 46 26 ce
1630 2250 148 40 n'était
1792 2262 75 40 pas
1888 2255 97 47 trop
2003 2247 61 39 du
2088 2247 207 39 Parnasse
2321 2258 55 26 au

630 2327 135 52 grand
802 2327 186 54 complet
1019 2340 111 40 pour
1163 2327 184 39 célébrer
1383 2325 254 52 dignement
1672 2322 57 41 les
1769 2321 185 54 exploits
1999 2320 59 39 du
2103 2321 98 52 plus
2241 2316 136 55 grand

630 2400 176 40 homme
828 2400 71 40 des
921 2407 140 47 temps
1083 2399 177 41 anciens
1282 2406 41 33 et
1347 2398 243 52 modernes,
1613 2404 57 43 et,
1691 2409 73 26 sur
1787 2408 61 27 un
1872 2394 119 54 signe
2011 2393 54 40 de
2082 2391 84 54 lui,
2190 2391 59 40 les
2271 2389 110 41 neuf

630 2486 143 27 muses
795 2473 278 41 s'unissaient
1105 2486 87 27 aux
1224 2473 143 54 poètes
1394 2484 110 41 pour
1532 2470 178 40 chanter
1743 2482 52 26 en
1824 2467 154 40 chœur
2004 2466 72 40 des
2109 2465 187 55 hymnes
2320 2467 56 36 où

630 2546 159 42 étaient
810 2547 271 40 accumulées
1104 2553 140 33 toutes
1265 2545 59 41 les
1346 2543 257 56 hyperboles
1624 2542 51 40 de
1695 2542 39 40 la
1759 2542 186 52 louange
1970 2544 40 36 la
2034 2540 97 53 plus
2152 2538 113 41 folle.

683 2620 44 40 Si
745 2633 45 27 ce
812 2621 151 53 poème
998 2633 53 26 ne
1082 2619 132 40 valait
1246 2618 109 53 rien,
1392 2617 41 40 la
1470 2617 205 53 musique
1710 2628 52 27 ne
1797 2614 143 42 devait
1973 2627 73 40 pas
2076 2611 139 41 valoir
2237 2609 137 55 grand

629 2692 150 51 chose;
815 2692 111 42 mais
966 2693 31 41 il
1032 2692 102 42 était
1165 2693 131 40 d'une
1328 2691 163 41 adroite
1519 2690 213 54 politique
1767 2688 50 40 de
1857 2701 53 27 ne
1943 2701 76 41 pas
2049 2685 206 55 critiquer
2285 2692 95 46 trop

628 2767 221 40 vivement
872 2780 85 27 une
988 2779 149 28 œuvre
1166 2779 163 28 conçue
1356 2765 106 40 dans
1495 2765 73 40 des
1591 2761 238 42 intentions
1856 2761 35 40 si
1911 2760 210 40 louables.
2156 2757 130 42 Aussi
2316 2757 59 39 les

626 2838 216 54 journaux
865 2841 98 40 n'en
988 2840 223 41 disent-ils
1233 2854 73 38 pas
1329 2840 120 52 long,
1476 2847 41 32 et
1540 2838 37 40 le
1599 2836 224 41 rédacteur
1843 2835 60 40 du
1934 2835 195 40 Journal
2161 2833 54 40 de
2235 2831 141 42 Paris

677 2957 48 42 (i)
747 2957 67 32 Les
835 2956 200 34 musiciens
1058 2967 38 22 se
1123 2956 190 33 mettaient
1336 2954 98 33 aussi
1456 2954 44 32 de
1526 2953 34 33 la
1582 2951 116 44 partie
1719 2957 34 27 et
1771 2949 167 35 faisaient
1957 2950 116 45 grand
2100 2948 102 34 bruit
2222 2948 90 34 dans
2338 2958 40 23 ce

627 3018 145 27 concert
788 3012 43 32 de
850 3012 188 43 louanges.
1054 3011 100 34 Lisez
1175 3012 121 43 plutôt
1313 3016 91 27 cette
1423 3018 167 24 annonce
1607 3006 200 45 mirifique,
1826 3005 124 44 copiée
1965 3006 92 32 dans
2077 3015 51 22 un
2145 3005 117 43 grand
2278 3005 80 42 jour-

628 3067 59 32 nal
705 3067 48 32 du
775 3072 119 37 temps
917 3077 8 22 :

670 3120 230 40 MUSIQUE.
929 3121 51 32 LA
1002 3121 151 33 GRANDE
1174 3121 186 34 BATAILLE
1380 3120 278 38 D'AUSTERLITZ,
1681 3116 241 35 surnommée
1943 3116 37 33 la
2006 3116 163 33 Bataille
2195 3115 63 34 des
2288 3115 91 33 trois

626 3186 204 33 empereurs
836 3201 7 14 ,
866 3173 65 35 fait
949 3175 221 44 historique,
1194 3175 172 45 arrangée
1390 3175 19 32 à
1427 3174 114 45 grand
1562 3172 187 34 orchestre
1767 3178 34 26 et
1822 3170 127 33 dédiée
1975 3170 19 33 à
2018 3172 40 32 S.
2084 3172 42 33 A.
2150 3171 28 32 I.
2203 3170 120 32 Mons.
2347 3170 32 32 le

625 3231 128 44 prince
773 3231 146 41 JOSEPH,
941 3230 117 43 grand
1074 3230 159 33 électeur
1251 3231 43 31 de
1315 3229 195 44 l'Empire,
1533 3239 67 32 par
1621 3228 40 31 L.
1683 3227 121 42 Jadin,
1829 3226 168 33 membre
2018 3226 49 32 du
2096 3224 283 33 Conservatoire

627 3287 43 31 de
693 3285 187 44 musique.
905 3285 85 33 Prix
1013 3296 8 22 :
1045 3297 21 33 9
1089 3285 89 33 fr.—
1188 3286 112 32 NOTA.
1324 3286 179 32 L'auteur
1524 3285 84 31 s'est
1628 3282 137 40 décidé,
1790 3292 63 22 sur
1874 3280 226 35 l'invitation
2122 3282 44 31 de
2189 3280 189 43 beaucoup

625 3342 234 41 d'amateurs,
882 3340 208 43 d'arranger
1110 3341 19 33 à
1149 3341 114 43 grand
1284 3339 185 34 orchestre
1491 3339 31 32 la
1543 3337 153 34 Bataille
1718 3336 251 43 d'Austerlitz,
1993 3344 33 24 et
2047 3336 31 32 le
2100 3335 122 34 succès
2244 3336 135 43 qu'elle

627 3405 20 23 a
668 3395 135 33 obtenu
825 3395 48 33 du
896 3395 123 43 public
1040 3406 94 33 pour
1159 3396 33 32 le
1214 3395 121 43 piano,
1360 3400 53 27 est
1439 3405 49 21 un
1508 3400 131 36 garant
1668 3403 96 33 pour
1794 3392 88 32 celle
1923 3402 73 33 que
2033 3402 95 22 nous
2162 3400 217 32 annonçons

630 3450 249 43 aujourd'hui,
902 3450 63 43 qui
990 3450 122 32 réunit
1132 3457 80 26 tout
1233 3449 105 34 l'effet
1359 3449 153 33 musical
1535 3458 95 34 pour
1651 3446 186 46 exprimer
1851 3452 92 27 cette
1964 3445 229 35 mémorable
2213 3445 166 44 journée,

632 3506 129 42 gravée
781 3506 89 32 dans
890 3505 33 33 le
943 3515 97 23 cœur
1060 3506 63 32 des
1143 3505 184 43 Français.
1410 3504 79 33 Elle
1510 3513 38 23 se
1568 3503 95 34 vend
1688 3503 19 33 à
1728 3503 114 41 Paris,
1866 3508 65 27 etc.
