2674 4206
953 533 80 39 LA
1066 529 393 43 TROMPETTE

2028 532 54 43 53

326 698 87 27 une
436 692 113 33 sorte
567 683 51 41 de
640 697 255 28 cornemuse
911 684 107 40 dont
1036 682 36 40 le
1092 695 77 27 son
1191 680 275 41 retentissant
1485 677 172 42 excitait
1672 677 94 41 leur
1786 677 154 41 ardeur
1959 691 100 40 guer-

326 758 123 44 rière.

383 831 101 42 Une
506 841 169 47 trompe
698 833 285 54 gigantesque
1018 845 21 26 a
1071 831 64 40 été
1168 828 193 55 baptisée
1388 841 76 41 par
1493 827 60 40 les
1578 825 190 42 Uranais
1794 838 8 28 :
1827 824 38 41 le
1891 832 193 34 taureau

323 907 155 41 d'Uri.
501 907 76 40 Un
602 908 268 40 instrument
888 906 58 40 du
969 906 141 39 même
1133 917 146 41 genre,
1297 901 300 55 remarquable
1617 899 116 42 aussi
1755 913 77 42 par
1853 913 44 27 sa
1917 899 140 40 dimen-

325 982 110 49 sion,
464 990 122 46 porte
609 982 36 39 le
668 995 104 26 nom
794 980 51 41 de
867 979 135 42 vache
1023 980 40 39 iï
1075 978 285 42 Unterivald.

379 1056 80 39 Les
476 1056 223 50 Hébreux,
717 1053 77 55 qui
812 1054 174 40 avaient
1008 1054 204 39 conservé
1226 1052 40 40 la
1284 1051 211 42 tradition
1514 1048 377 50 antédiluvienne,
1911 1049 149 54 n'appe-

322 1129 136 42 laient
479 1144 74 40 pas
571 1131 39 39 la
634 1130 254 53 Trompette
917 1128 122 41 Tuba
1047 1159 10 19 ,
1083 1127 286 57 mais

320 1205 72 39 des
415 1207 181 51 prêtres;
614 1204 37 40 le
672 1204 236 52 Schophar
929 1203 101 41 était
1052 1202 103 41 celle
1177 1202 72 40 des
1272 1201 177 40 armées.
1478 1200 58 40 Le
1563 1213 78 27 son
1663 1198 52 41 de
1736 1212 66 27 ces
1824 1205 254 47 trompettes

323 1279 178 53 remplit
530 1279 51 39 de
606 1287 166 31 terreur
795 1278 172 40 l'armée
990 1278 51 39 de
1070 1277 231 40 Jéroboam
1324 1285 40 32 et
1386 1275 149 42 donna
1559 1289 87 26 une
1666 1273 180 43 victoire
1870 1273 211 53 complète

322 1355 21 37 à
539 1352 63 40 roi
635 1352 49 40 de
707 1351 149 41 Judas.
882 1352 101 40 Saul
1005 1350 49 43 fit
1089 1351 205 41 entendre
1323 1350 37 40 le
1381 1363 77 27 son
1480 1350 59 40 du
1564 1348 222 54 Schophar
1808 1361 52 26 en
1884 1347 121 53 signe
2028 1347 51 39 de

323 1426 235 54 triomphe.
577 1426 125 51 Joab,
729 1427 172 53 général
923 1426 52 39 de
990 1426 172 40 l'armée
1183 1426 59 39 du
1268 1424 63 40 roi
1352 1423 160 52 David,
1536 1436 139 26 sonna
1696 1421 226 41 lui-même
1944 1421 40 40 la
2008 1435 45 26 re-

322 1508 129 32 traite
474 1514 109 41 pour
605 1500 157 41 arrêter
784 1499 312 56 l'impétuosité
1127 1498 52 40 de
1207 1512 63 26 ses
1291 1506 177 46 troupes
1491 1496 77 54 qui
1590 1493 334 57 poursuivaient
1953 1494 126 40 celles

320 1573 211 41 d'Abner.

379 1648 80 40 Les
486 1648 239 54 Egyptiens
748 1646 244 55 appelaient
1014 1646 95 40 leur
1131 1653 231 47 trompette
1388 1644 179 40 Chnouè
1574 1676 9 18 ,
1606 1642 60 40 les
1688 1642 145 48 Grecs,
1861 1641 216 53 Salpinx,

321 1722 291 40 nous-mêmes
637 1721 237 55 l'appelons
903 1727 246 47 trompette,
1174 1717 236 42 diminutif
1426 1717 52 40 de
1501 1724 169 47 trompe
1676 1748 10 20 ,
1717 1715 144 41 dérivé
1896 1715 59 39 du
1980 1727 96 40 grec

318 1795 232 42 Strombos
557 1828 8 19 ,
605 1809 105 26 nom
737 1795 132 40 d'une
902 1804 114 31 sorte
1037 1793 52 40 de
1110 1792 191 54 coquille
1322 1795 23 37 à
1371 1791 255 41 l'imitation
1656 1790 54 40 de
1749 1788 185 56 laquelle
1973 1802 57 27 on
2054 1803 23 26 a

320 1870 74 41 fait
416 1871 39 39 la
478 1870 207 54 Trompe.
714 1870 72 40 Un
809 1868 242 54 coquillage
1073 1866 202 56 s'appelle
1292 1865 169 41 Buccin
1470 1898 9 19 ,
1497 1873 39 32 et
1557 1864 111 39 celui
1684 1877 86 40 que
1788 1863 88 40 Ton
1900 1876 177 27 nomme

327 1945 157 40 Triton
492 1977 7 18 ,
525 1943 135 55 figure
682 1957 169 26 comme
873 1957 61 25 un
957 1943 268 39 instrument
1246 1940 50 40 de
1319 1939 203 54 musique
1561 1938 170 40 marine
1760 1950 72 28 sur
1855 1951 60 26 un
1938 1936 136 54 grand

320 2020 185 39 nombre
527 2018 49 40 de
597 2017 232 41 bas-reliefs
852 2016 82 41 fort
954 2015 194 41 anciens.

379 2091 129 41 Selon
525 2091 37 40 le
578 2091 280 53 témoignage
877 2090 51 39 de
946 2089 61 40 M,
1030 2089 52 39 de
1099 2087 227 54 Guignard
1348 2086 221 54 (i72s)les
1591 2084 279 54 compagnies
1893 2082 51 40 de
1966 2082 88 40 fusi-

319 2166 99 40 liers
440 2166 51 39 de
515 2173 256 43 montagnes
793 2177 85 39 que
903 2164 87 38 l'on
1026 2164 94 38 créa
1143 2175 100 26 sous
1273 2161 130 40 Louis
1427 2160 107 41 XIV
1553 2173 56 26 au
1632 2164 373 34 commencement
2026 2157 51 39 de

323 2241 110 53 1689
459 2253 110 40 pour
590 2238 59 40 les
671 2250 181 41 opposer
872 2250 85 25 aux
980 2235 233 54 miquelets
1236 2235 208 51 catalans,
1466 2234 77 53 qui
1562 2232 162 42 étaient
1752 2245 55 26 au
1825 2230 158 40 service
2004 2230 71 40 des

318 2312 260 55 Espagnols,
602 2312 172 38 avaient
800 2310 107 40 dans
937 2309 168 52 chaque
1134 2307 273 55 compagnie,
1426 2321 56 26 au
1510 2307 88 40 lieu
1632 2306 105 40 d'un
1767 2306 224 51 tambour,
2015 2318 60 26 un

320 2387 204 40 Corneur
531 2420 8 19 ,
560 2385 140 54 lequel
718 2383 63 41 dit
802 2392 62 32 cet
878 2392 156 32 auteur
1051 2397 41 25 se
1113 2383 159 40 servait
1293 2382 132 40 d'une
1441 2394 141 40 grosse
1602 2378 189 56 coquille
1811 2378 52 40 de
1881 2378 192 57 limaçon

316 2461 51 40 de
386 2473 112 40 mer;
522 2460 50 39 de
595 2467 110 32 sorte
725 2471 86 41 que
841 2458 175 53 lorsque
1042 2470 66 27 ces
1142 2455 279 55 compagnies
1448 2454 77 54 qui
1548 2453 162 41 étaient
1731 2466 56 27 au
1817 2452 184 41 nombre
2022 2451 52 40 de

317 2544 97 31 cent
436 2533 265 42 marchaient
724 2531 232 54 ensemble,
983 2531 87 41 cela
1092 2529 174 42 formait
1289 2543 61 26 un
1374 2529 119 41 bruit
1520 2528 249 54 champêtre
1791 2527 211 40 étonnant
2034 2533 41 35 et

315 2609 238 54 cependant
576 2606 189 41 martial.

376 2682 81 40 Les
485 2681 113 40 Juifs
619 2688 79 33 ont
718 2679 201 41 conservé
949 2679 163 52 l'usage
1132 2677 53 40 de
1206 2677 38 40 la
1263 2683 230 48 trompette
1515 2677 108 39 dans
1658 2676 57 41 les
1738 2675 181 54 grandes
1941 2689 102 40 syna-

314 2768 182 41 gogues;
523 2754 189 54 pendant
745 2753 38 40 le
819 2752 110 40 mois
950 2751 156 41 à'Elul
1130 2764 58 26 ou
1206 2750 51 40 de
1277 2750 41 40 la
1343 2749 249 53 Pénitence,
1616 2750 39 40 la
1677 2756 230 48 trompette
1929 2762 138 27 sonne

319 2830 137 39 matin
479 2836 41 33 et
541 2827 101 42 soir>

371 2902 116 42 Chez
510 2903 60 39 les
595 2900 236 56 Egyptiens
852 2899 80 41 elle
949 2898 201 56 s'appelle
1172 2898 190 52 Surmé;
1383 2897 103 41 c'est
1505 2896 38 42 le
1561 2896 98 57 plus
1679 2897 191 55 bruyant
1884 2896 52 42 de
1955 2896 114 41 leurs

316 2977 288 41 instruments
630 2980 22 36 à
679 2982 118 33 vent.

370 3051 82 40 Les
473 3051 167 39 Arabes
662 3058 77 33 ont
762 3050 38 40 le
823 3049 197 54 Néphyr.

368 3125 97 40 Aux
491 3123 141 50 Indes,
658 3123 29 40 il
705 3137 29 40 y
761 3137 53 26 en
838 3137 22 27 a
883 3131 155 47 quatre
1059 3131 147 35 sortes.
1235 3123 60 41 Le
1315 3122 147 42 Bouri
1468 3155 7 19 ,
1507 3121 78 56 qui
1616 3121 129 43 serait
1765 3121 84 41 fort
1875 3121 105 54 long
2001 3120 71 43 s'il

313 3197 151 42 n'était
483 3211 75 42 pas
579 3197 132 55 replié
732 3211 77 41 par
831 3197 38 41 le
892 3197 171 51 milieu,
1087 3205 41 34 et
1158 3197 78 56 qui
1269 3210 43 27 se
1333 3196 184 43 termine
1539 3210 76 41 par
1635 3210 63 27 un
1720 3196 116 55 large
1857 3196 213 55 pavillon.

368 3272 62 40 La
452 3271 197 54 seconde,
674 3271 173 56 appelée
872 3286 8 27 :
910 3271 197 43 Cambau
1117 3291 14 31 ;
1155 3272 78 40 elle
1255 3272 110 40 n'est
1395 3271 184 41 doublée
1607 3270 129 55 qu'en
1763 3284 63 28 un
1859 3271 94 41 seul
1974 3280 99 31 tour

310 3359 95 27 vers
428 3345 38 41 le
488 3345 175 44 milieu.

370 3420 61 40 La
456 3419 233 53 troisième,
715 3422 203 40 nommée
948 3422 212 51 Toutaré,
1186 3434 23 27 a
1231 3420 41 42 la
1294 3420 137 41 forme
1453 3419 106 41 d'un
1588 3419 213 41 immense
1833 3427 174 43 cornet;
2032 3427 41 33 et

310 3493 41 41 la
374 3493 259 54 quatrième,
657 3495 181 41 Kerena
844 3528 9 22 ,
885 3495 163 56 longue
1078 3495 52 42 de
1159 3495 163 54 quinze
1356 3493 133 56 pieds,
1522 3501 40 34 et
1592 3494 182 42 rendant
1804 3507 61 27 un
1889 3507 77 27 son
1989 3495 82 38 très

312 3567 202 40 éclatant.
