2296 3807
279 150 51 44 12

272 331 51 49 in
363 327 91 53 the
494 324 174 70 grand
706 324 104 55 hall
851 323 57 56 of
946 324 93 55 the
1078 325 295 69 Aquitania
1412 346 72 34 on
1515 324 96 55 the
1650 323 260 67 Atlantic,
1952 347 61 33 or

272 402 51 50 in
365 421 64 31 an
470 398 239 70 airplane
747 397 314 69 volplaning
1087 397 323 72 felicitously
1449 397 163 55 down
1651 419 71 33 on
1750 397 258 55 Warsaw.

380 470 117 55 The
536 471 272 54 literature
849 469 57 55 of
934 470 162 55 Louis
1124 469 248 71 Aragon,
1410 468 192 57 Andre
1631 470 217 66 Breton,
1882 471 130 54 Paul

272 543 211 66 Eluard,
512 544 244 70 Philippe
779 541 280 71 Soupault,
1080 541 212 56 Tristan
1315 543 134 54 Tzar
1453 564 31 32 a
1504 545 43 52 is
1566 565 66 32 an
1655 543 353 71 exhilarating

269 618 209 54 record.
507 616 215 55 Tzara's
761 637 190 49 poems
992 638 90 32 are
1116 637 59 33 as
1205 615 259 71 naturally
1491 619 310 67 expressive
1829 616 58 55 of
1913 616 92 55 the

272 690 199 70 beauty
497 689 58 56 of
581 689 105 54 this
714 709 105 50 age
846 709 58 34 as
934 687 270 56 Herrick's
1233 709 89 34 are
1360 687 57 55 of
1443 687 94 55 the
1578 689 66 53 17
1655 689 58 54 th
1751 689 260 71 Century.

268 764 150 54 With
446 785 67 32 an
540 762 195 71 utterly
761 761 189 71 simple
978 761 108 55 and
1108 761 311 56 unaffected
1447 761 160 56 touch
1635 762 130 71 they
1793 762 220 71 employ

269 836 68 55 all
375 836 93 55 the
508 839 344 52 instruments
893 833 57 56 of
988 835 93 54 the
1122 837 143 64 time,
1307 835 94 54 the
1437 844 281 57 streetcar,
1760 836 94 55 the
1894 836 95 55 bill-

271 917 202 61 poster,
512 908 94 55 the
645 907 346 65 automobile,
1030 908 94 54 the
1151 907 388 56 incandescent
1566 907 152 71 light,
1762 917 103 46 etc.
1895 907 118 57 The

268 1004 191 49 poems
508 1004 92 33 are
649 990 97 47 not
791 981 224 54 modern
1056 981 237 56 because
1332 981 131 72 they
1503 981 264 56 indicate:
1812 982 51 62 „I
1901 1005 112 33 was

268 1054 175 72 riding
497 1057 52 52 in
602 1053 94 56 the
1085 1052 237 71 (instead
1373 1054 58 55 of
1480 1076 31 33 a
1561 1054 312 70 diligence),
1914 1056 100 54 but

268 1128 238 55 because
544 1127 94 56 the
676 1137 258 60 tramway
972 1136 125 62 gets
1137 1129 113 54 into
1289 1127 95 56 the
1423 1148 130 50 very
1593 1127 232 71 rhythm,
1876 1128 137 56 form

272 1203 107 53 and
417 1211 212 45 texture
668 1200 59 56 of
765 1200 95 55 the
899 1221 209 48 poems.

379 1274 53 55 In
471 1274 93 55 the
605 1296 162 49 prose
795 1274 57 55 of
885 1273 163 56 Louis
1075 1273 228 71 Aragon
1331 1274 155 56 there
1514 1277 43 53 is
1584 1274 94 56 the
1705 1274 172 71 speed
1905 1275 109 55 and

267 1347 272 55 vividness
562 1349 57 53 of
639 1347 93 54 the
755 1349 204 53 motion
982 1349 226 67 picture,
1237 1369 31 33 a
1290 1357 252 45 constant
1560 1348 108 54 and
1694 1352 319 67 uproarious

269 1420 267 67 dialectic,
598 1421 107 55 and
763 1443 32 32 a
850 1420 214 56 volume
1123 1420 108 56 and
1292 1421 237 56 richness
1585 1421 120 56 that
1760 1424 45 53 is
1863 1425 150 68 quite

268 1494 400 71 distinguished
709 1494 137 56 after
884 1514 64 36 so
976 1493 151 55 much
1155 1494 114 54 thin
1298 1494 106 56 and
1430 1494 145 56 lucid
1602 1495 202 56 French
1830 1517 181 49 prose.

268 1566 117 56 The
443 1567 190 55 humor
681 1569 44 52 is
776 1575 98 46 not
923 1565 59 56 of
1031 1566 197 56 human
1277 1566 199 56 foibles
1528 1589 65 33 so
1645 1567 151 55 much
1849 1590 59 33 as
1959 1569 57 54 of

268 1641 272 71 smoothly
593 1641 338 70 functioning
981 1640 196 71 swiftly
1227 1644 221 68 moving
1499 1642 227 55 modern
1772 1642 240 55 devices.

269 1714 119 55 The
445 1714 298 55 influences
800 1714 56 54 of
912 1714 93 54 the
1063 1715 316 70 up-to-date
1437 1714 275 57 detective
1763 1716 107 55 and
1920 1715 94 56 the

266 1786 288 56 American
582 1790 206 52 cinema
808 1806 91 35 are
921 1787 245 71 strongly
1193 1786 235 56 evident.
1476 1786 179 60 There
1677 1810 92 33 are
1790 1788 192 55 marvel-

267 1881 99 34 ous
421 1858 288 57 American
763 1860 139 54 films
958 1860 186 55 whose
1200 1860 318 67 characters,
1572 1871 97 44 out
1717 1861 56 56 of
1812 1862 69 55 all
1920 1861 93 56 the

268 1936 252 68 sincerity
570 1933 58 56 of
677 1933 94 55 the
823 1933 283 55 director's
1161 1933 170 65 heart,
1379 1935 158 54 make
1576 1935 94 55 the
1710 1945 142 45 most
1892 1956 90 50 pre-

268 2016 306 62 posterous,
616 2007 263 56 imbecilic
920 2007 108 56 and
1066 2009 346 69 imaginative
1452 2018 265 61 gestures.
1759 2008 180 56 There
1970 2012 44 52 is

267 2081 151 54 much
459 2081 57 54 of
553 2081 106 55 this
699 2081 278 71 terrifying
1016 2081 202 72 beauty
1256 2083 52 52 in
1348 2081 276 71 Aragon's
1664 2084 213 54 stories.

375 2152 103 57 Les
518 2153 248 72 Champs
802 2153 392 74 Magnetiques,
1236 2154 169 56 which
1440 2154 193 56 Andre
1661 2156 204 54 Breton
1905 2154 107 56 and

267 2225 246 71 Philippe
541 2225 266 73 Soupault
833 2237 169 46 wrote
1030 2230 52 51 in
1109 2228 399 55 collaboration
1536 2230 44 54 is
1608 2228 229 56 another
1865 2249 110 35 com-

267 2299 256 71 manding
575 2300 150 55 book
776 2300 57 56 of
873 2322 180 49 prose.
1095 2300 42 56 It
1176 2304 198 67 rejects
1420 2300 118 70 plot
1579 2323 59 34 as
1679 2302 330 69 completely

268 2394 60 35 as
384 2374 217 71 Joyce's
667 2374 221 71 Ulysses
946 2374 155 67 does,
1160 2374 100 56 but
1318 2397 139 48 goes
1517 2397 138 33 even
1707 2375 203 55 farther
1962 2379 54 51 in

268 2445 334 71 disavowing
624 2468 136 33 even
781 2448 126 54 such
930 2469 30 33 a
982 2450 209 67 precise
1213 2448 108 54 and
1339 2448 249 55 inchoate
1604 2448 408 55 verisimilitude

268 2540 59 35 as
365 2520 171 70 Joyce
588 2521 261 71 employs.
889 2520 118 56 The
1056 2521 152 56 book
1254 2521 247 56 achieves
1542 2544 66 33 an
1649 2521 268 71 upheaval
1957 2523 59 54 of

268 2592 269 55 methods.
579 2592 150 65 Take
780 2615 30 33 a
861 2594 174 71 single
1081 2604 260 47 sentence
1379 2615 64 35 or
1482 2617 32 34 a
1552 2595 313 70 paragraph
1905 2594 108 56 and

267 2667 41 52 it
333 2669 60 62 is,
423 2665 174 67 alone,
626 2666 545 67 rich-and-beautiful,
1194 2667 99 56 but
1320 2689 184 34 means
1531 2670 231 68 nothing
1787 2667 229 56 without

268 2741 69 53 its
388 2749 236 45 context.
676 2741 104 55 For
828 2741 94 56 the
973 2744 206 53 writers
1231 2742 214 56 instead
1485 2742 57 55 of
1588 2745 329 68 attempting
1955 2751 59 47 to

269 2832 220 50 express
541 2812 196 56 human
793 2813 184 56 drama
1033 2813 73 73 by
1161 2815 225 54 definite
1439 2815 182 56 words
1673 2836 62 33 or
1786 2815 228 69 phrases

267 2879 297 77 indicating
616 2907 64 33 so
733 2909 157 49 many
941 2888 268 56 incidents
1265 2910 62 34 or
1378 2887 212 67 details,
1630 2888 153 56 work
1821 2888 84 56 for
1945 2910 68 33 an

268 2957 165 56 effect
484 2959 57 54 of
592 2959 212 70 growth
843 2963 53 52 in
934 2961 139 58 their
1110 2962 183 55 theme
1332 2961 75 72 by
1445 2984 32 33 a
1515 2961 153 71 large
1718 2961 296 56 continued

267 3031 228 72 rhythm.
537 3032 116 56 The
692 3055 163 48 prose
894 3034 235 71 changes
1179 3038 67 52 its
1297 3034 169 56 blend
1517 3036 107 54 and
1664 3038 254 69 intensity
1957 3036 59 54 of

267 3104 154 71 light,
445 3114 236 61 spatters
701 3109 68 52 its
795 3107 210 56 broken
1035 3118 167 46 tracts
1228 3108 59 56 of
1313 3112 384 54 conversation
1718 3131 63 33 or
1806 3112 179 67 cogita-

267 3180 132 63 tion,
428 3178 291 71 gathering
739 3202 31 32 a
796 3179 150 71 large
974 3191 329 45 momentum
1325 3180 239 72 through
1585 3182 94 54 the
1701 3184 313 54 succession

268 3252 57 54 of
366 3252 248 71 chapters
640 3253 181 54 rather
846 3254 130 55 than
1003 3264 305 46 sentences.
1337 3254 131 56 This
1496 3259 43 51 is
1567 3255 195 73 simply
1788 3255 228 56 another

268 3344 128 36 case
447 3324 60 55 of
556 3325 273 56 literature
879 3329 218 70 coming
1148 3328 219 56 abreast
1406 3328 58 56 of
1503 3329 227 55 modern
1771 3330 245 70 painting

267 3418 63 34 or
368 3398 279 71 sculpture
687 3419 62 36 or
789 3403 181 52 music.
