2296 3807
1991 232 25 42 7

280 420 259 56 elements
596 418 57 55 of
711 439 88 50 my
864 416 414 55 consciousness
1341 414 207 67 rotting-
1609 410 108 55 and
1776 407 242 72 melting.

280 494 16 54 I
335 494 139 54 have
513 493 127 69 only
677 500 60 46 to
779 493 122 67 give
940 498 281 44 utterance
1260 496 58 45 to
1360 508 31 33 a
1430 485 104 55 few
1576 504 148 34 more
1779 482 58 55 of
1894 481 127 56 such

280 570 218 52 notions
539 565 106 55 and
685 566 39 52 it
763 566 44 52 is
847 561 68 56 all
954 583 133 34 over
1125 559 129 55 with
1294 580 87 50 my
1421 557 228 55 chances
1688 555 57 57 of
1805 556 218 70 getting

281 640 137 56 back
456 650 60 44 to
554 637 96 56 the
688 636 129 55 land
857 635 58 56 of
955 633 197 56 clocks.
1193 631 132 56 And
1364 640 111 63 yet,
1514 632 39 52 it
1593 632 44 54 is
1677 628 93 56 the
1797 626 226 72 gradual

282 712 414 70 disintegration
723 708 58 56 of
808 730 86 50 my
922 705 333 73 personality
1280 705 120 54 that
1420 703 16 55 I
1458 703 137 55 have
1622 702 94 55 the
1744 708 280 63 strongest

281 788 317 69 misgivings
640 783 189 55 about.
870 781 160 56 Since
1071 781 16 53 I
1128 801 84 33 am
1251 778 159 55 alone
1450 777 16 55 I
1506 786 198 46 cannot
1755 796 75 50 go
1881 773 142 55 mad.

281 860 117 54 The
437 877 244 52 sponges
720 856 59 54 of
815 854 218 65 silence,
1073 852 94 56 the
1205 851 228 72 crystals
1473 849 57 55 of
1555 870 245 43 vacuum,
1839 847 184 56 where

281 955 110 33 was
432 932 16 55 I
489 940 253 61 amongst
779 926 198 58 them?
1016 927 18 54 I
1073 926 162 71 hurry
1293 947 86 43 on,
1420 923 250 71 bicyclist
1724 922 107 54 lost
1887 921 139 54 after

282 1006 95 54 the
418 1006 293 69 departure
752 1002 57 56 of
846 1001 95 55 the
998 1021 121 34 rear
1175 998 189 66 wheel,
1425 998 351 67 maintaining
1835 993 191 72 myself

283 1077 376 70 miraculously
699 1075 75 72 by
812 1096 106 34 one
959 1072 283 73 perpetual
1282 1069 318 56 revolution.
1669 1067 357 72 Equilibrium

285 1152 233 56 denotes
577 1149 232 70 nothing
864 1148 99 54 but
1026 1145 250 56 unstable
1339 1145 255 69 position,
1661 1163 63 33 or
1787 1139 243 56 habitual

286 1224 281 70 difficulty,
611 1223 37 54 if
687 1243 111 51 you
837 1219 119 57 will.
1021 1219 134 65 Yes,
1196 1216 258 70 crawling
1494 1215 115 55 fear
1647 1214 98 54 has
1784 1215 69 52 its
1892 1211 136 56 little

285 1299 108 71 day
431 1298 57 54 of
526 1307 188 45 terror.
754 1295 18 55 I
812 1294 172 56 choke
1024 1314 124 33 now
1176 1291 107 56 and
1309 1290 133 56 then
1467 1288 240 71 through
1729 1288 302 69 forgetting

286 1382 57 45 to
385 1371 229 55 breathe
654 1379 56 46 at
748 1369 216 70 regular
1014 1364 270 57 intervals.
1345 1364 412 56 Sensuousness
1814 1364 52 51 in
1922 1359 109 54 this

286 1440 441 61 brothel-world!
767 1442 132 55 Best
939 1450 96 46 not
1073 1450 59 45 to
1171 1437 154 56 think
1353 1437 57 56 of
1436 1439 56 53 it.
1534 1435 116 56 The
1679 1431 352 74 geometrical

288 1520 352 70 progression
682 1515 57 56 of
779 1514 106 55 lust
926 1517 44 51 is
1010 1522 98 46 not
1146 1510 302 57 conceived
1489 1530 58 34 as
1588 1516 157 62 apart
1784 1507 139 54 from
1964 1503 67 56 all

286 1594 319 67 continuity.
647 1589 118 54 The
804 1589 122 54 four
954 1589 333 68 operations,
1315 1605 130 50 very
1472 1585 119 52 nice
1619 1591 58 45 to
1706 1580 111 56 talk
1844 1580 187 54 about.

288 1666 94 71 Fly
420 1669 53 50 in
512 1663 387 72 sticky-paper,
940 1660 213 56 inkwell
1195 1658 57 56 of
1293 1656 208 66 clouds,
1561 1655 124 55 who
1743 1653 105 56 will
1905 1655 126 68 give

288 1761 84 35 me
412 1738 139 56 back
589 1737 94 56 the
724 1735 323 73 fancy-cake
1086 1732 128 57 with
1269 1752 68 35 an
1395 1729 157 56 Eiffel
1612 1728 198 56 Tower
1866 1724 165 66 relief,

287 1813 94 55 the
420 1811 129 71 City
587 1810 58 57 of
683 1808 181 73 Light,
906 1830 59 34 as
1005 1811 39 51 it
1083 1810 45 52 is
1169 1804 191 59 called.

1368 1963 222 58 LOUIS
1628 1959 332 58 ARAGON
