2296 3807
1928 239 47 42 21

247 431 254 71 eyebrow
547 428 84 54 for
683 426 93 54 the
816 423 140 56 dusk
1007 423 244 69 expiring
1300 420 57 53 of
1408 440 64 33 so
1523 417 149 53 much
1724 413 260 57 beautiful

246 506 170 51 music
454 501 117 54 said
611 500 68 53 he
792 497 123 55 how
955 515 91 34 are
1084 513 107 51 you
1303 489 143 55 what
1481 488 217 71 already
1845 489 139 51 iam

246 597 131 50 very
425 573 118 56 well
593 571 171 56 thank
811 591 108 49 you
1031 567 345 56 rescussitate
1427 566 52 52 in
1524 562 95 54 the
1667 559 143 56 wind
1860 581 93 49 any-

246 648 182 55 where
552 646 125 54 how
800 663 91 33 are
940 661 108 51 you
1092 660 124 49 says
1257 657 86 51 my
1382 634 172 56 friend
1667 635 140 52 iam
1857 652 127 49 very

246 720 122 56 well
481 719 74 56 do
593 738 109 50 you
743 724 142 47 want
926 737 30 32 a
995 712 138 71 light
1171 732 124 49 says
1333 709 87 55 he.

1137 896 316 58 TRISTAN
1494 893 252 57 TZARA

902 1016 266 47 Translated
1206 1016 117 44 from
1354 1014 77 44 the
1463 1013 163 44 French
1659 1012 58 54 by
1748 1010 98 45 Will
1879 1009 110 56 Bray

909 1870 74 76 IN
1041 1870 51 76 A
1148 1867 203 79 CAFÉ

330 2093 89 54 He
479 2122 70 9 —
609 2089 124 54 You
774 2108 91 34 are
906 2109 30 32 a
976 2093 169 47 sweet
1183 2082 100 72 girl

615 2161 107 55 and
761 2160 16 56 I
817 2157 134 58 shall
991 2157 174 55 throw
1203 2176 108 50 you
1352 2156 114 52 into
1506 2154 97 53 the
1642 2154 138 52 river

615 2255 107 50 you
764 2254 90 33 are
893 2254 32 32 a
963 2239 168 47 sweet
1169 2228 100 72 girl

615 2307 108 56 and
762 2307 17 55 I
819 2303 135 58 shall
993 2305 112 70 buy
1143 2325 108 50 you
1292 2302 221 53 narcissi

614 2401 108 51 you
762 2400 90 33 are
893 2399 31 33 a
963 2385 170 47 sweet
1171 2373 101 73 girl

616 2453 108 55 and
761 2453 18 54 I
818 2451 135 57 shall
992 2452 126 69 give
1156 2470 108 51 you
1305 2446 332 57 wormwood

615 2549 107 49 you
762 2546 92 34 are
893 2546 32 33 a
964 2532 169 47 sweet
1171 2521 101 71 girl

617 2599 107 55 and
765 2598 16 55 I
822 2597 135 56 shall
996 2596 146 54 chew
1180 2616 136 51 your
1357 2615 90 34 ear

616 2693 107 51 you
766 2693 89 33 are
896 2692 30 32 a
965 2678 169 47 sweet
1172 2668 101 71 girl

619 2745 106 55 and
765 2745 16 55 I
819 2743 136 57 shall
993 2743 155 54 leave
1188 2762 106 51 you
1335 2740 85 55 for
1459 2762 32 32 a
1529 2747 238 47 moment

336 2820 111 57 She
501 2851 69 7 —
620 2818 17 54 I
687 2839 85 33 am
824 2819 172 69 going
1044 2824 60 45 to
1151 2814 155 55 leave
1341 2833 113 51 you
1501 2811 84 55 for
1625 2833 31 32 a
1696 2818 237 45 moment

337 2897 87 53 He
615 2891 18 55 1
672 2913 84 33 am
808 2893 171 57 sroiner
1024 2897 60 45 to
1132 2886 155 56 leave
1326 2885 114 55 You
1489 2885 82 55 for
1617 2905 32 33 a
1694 2890 239 47 moment

957 2963 154 54 leave
1150 2959 167 57 YOU

959 3035 152 56 leave
1150 3032 167 58 YOU

977 3130 32 33 a
1058 3115 239 47 moment

1113 3172 7 11 #

978 3203 32 33 a
1057 3189 241 45 moment

1061 3253 73 56 oh
1172 3252 121 56 well

1087 3323 102 57 oh!

1513 3481 180 58 WILL
1734 3479 203 57 BRAY
