2296 3807
502 374 104 76 AN
667 371 147 79 OLD
872 371 209 79 SONG
1139 371 99 79 TO
1302 374 172 76 NEW
1535 371 255 79 MUSIC

261 605 117 55 The
439 607 254 55 Director
752 606 232 70 pledges
1044 606 81 55 his
1186 609 251 67 energies
1497 606 83 54 for
1639 615 54 45 at
1733 605 138 56 least
1910 615 109 46 two

260 701 156 50 years
457 691 57 43 to
555 681 93 53 the
689 684 361 52 continuance
1105 680 57 54 of
1201 679 304 55 Secession.
1562 680 227 70 Beyond
1831 701 31 32 a
1912 689 108 44 two

260 775 130 50 year
429 776 152 47 span,
625 755 354 54 observation
1020 753 199 65 shows,
1261 753 93 55 the
1393 752 208 73 vitality
1642 753 57 54 of
1750 762 141 45 most
1939 774 54 32 re-

261 831 164 51 views
466 831 43 51 is
550 827 238 55 lowered
830 827 107 55 and
978 827 139 55 their
1157 827 385 65 contribution,
1594 826 424 70 accomplished,

261 901 261 56 becomes
574 905 319 67 repetitious
952 901 108 54 and
1124 922 378 50 unnecessary.
1571 900 283 55 Secession
1919 900 101 54 will

261 974 129 55 take
432 997 123 32 care
595 985 58 45 to
696 976 161 54 avoid
900 974 385 72 moribundity.

261 1165 286 56 Secession
608 1169 42 51 is
708 1166 191 70 taking
959 1165 310 70 advantage
1328 1165 57 55 of
1444 1164 104 56 low
1594 1166 240 69 printing
1872 1174 149 46 costs

263 1242 49 53 in
353 1240 94 55 the
487 1239 221 56 Central
752 1240 235 55 Powers.
1031 1239 131 54 This
1204 1260 184 33 means
1429 1239 133 64 that,
1592 1237 246 55 whereas
1878 1249 142 43 most

264 1317 306 66 magazines
612 1314 57 53 of
707 1312 93 56 the
842 1324 108 43 arts
992 1316 50 50 in
1070 1312 258 55 America
1356 1321 141 45 must
1526 1312 197 70 appeal
1752 1312 83 55 for
1862 1312 128 54 thou-

261 1387 166 55 sands
482 1387 56 55 of
594 1386 200 56 dollars
851 1390 49 51 in
959 1386 163 55 order
1177 1396 59 45 to
1294 1388 166 53 attain
1517 1396 58 43 to
1634 1408 103 49 any
1797 1388 109 53 size
1959 1408 62 31 or

263 1461 363 65 distribution,
669 1460 283 55 Secession
1011 1481 99 33 can
1166 1461 157 68 equal
1376 1460 148 54 them
1567 1461 71 70 by
1679 1461 91 53 the
1822 1481 165 47 expen-

263 1537 176 53 diture
480 1536 57 53 of
578 1557 30 32 a
648 1535 104 54 few
792 1533 297 56 hundreds.

263 1726 128 55 This
471 1728 113 53 fact
654 1726 207 55 affords
931 1726 94 55 the
1096 1725 416 71 sophisticated,
1585 1725 310 71 regardless
1965 1725 56 55 of

261 1801 93 54 the
396 1804 108 52 size
545 1801 57 54 of
641 1801 92 54 the
775 1800 146 55 bank
962 1810 265 45 accounts
1267 1804 51 49 in
1360 1800 138 55 their
1538 1822 200 43 names,
1783 1822 66 31 an
1892 1822 96 31 unu-

263 1875 113 55 sual
416 1877 356 68 opportunity
805 1885 58 43 to
907 1896 210 32 resume
1158 1874 94 54 the
1281 1874 250 54 honored
1561 1874 114 54 role
1712 1874 57 53 of
1808 1874 213 69 literary

263 1959 194 59 patron
499 1979 69 5 —
611 1957 54 45 at
705 1959 219 58 present
965 1949 292 69 neglected
1300 1949 71 69 by
1413 1970 31 31 a
1478 1947 194 55 leisure
1703 1947 138 55 class
1869 1947 122 55 with-

263 2032 95 44 out
399 2022 92 54 the
533 2021 328 70 knowledge
903 2021 57 55 of
1001 2023 257 69 enjoying
1299 2022 137 54 their
1477 2021 208 53 leisure.

263 2214 77 71 By
400 2214 94 53 the
552 2214 103 70 gift
714 2214 55 55 of
827 2213 127 71 only
1012 2213 108 54 five
1178 2213 204 54 dollars
1423 2213 192 70 (more,
1665 2211 37 55 if
1741 2233 108 50 you
1891 2211 129 69 like)

263 2288 240 54 towards
531 2289 92 53 the
653 2308 266 49 expenses
949 2286 57 55 of
1035 2286 127 55 each
1196 2286 57 55 of
1280 2291 76 49 six
1397 2290 310 52 successive
1749 2286 271 63 numbers,

261 2384 107 48 you
423 2384 120 48 may
595 2363 234 53 become
881 2384 31 32 a
978 2361 200 54 Patron
1243 2360 59 55 of
1352 2360 303 55 Secession.
1711 2360 310 70 Patronage

261 2436 133 70 gifts
446 2457 91 33 are
589 2435 235 71 payable
877 2457 146 48 upon
1076 2438 184 50 notice
1313 2434 135 54 from
1496 2434 95 54 the
1644 2434 296 54 Treasurer
1992 2457 29 30 a

263 2511 151 54 short
454 2514 129 49 time
626 2514 49 49 in
717 2510 245 53 advance
1004 2509 58 54 of
1102 2509 93 54 the
1224 2509 337 69 publication
1605 2509 56 54 of
1702 2507 129 56 each
1873 2530 110 32 num-

263 2585 111 53 ber.
418 2584 230 54 Patrons
700 2585 213 52 receive
966 2592 107 44 two
1125 2582 417 69 subscriptions,
1597 2584 313 52 invitations
1963 2591 57 45 to

261 2657 287 56 Secession
590 2660 224 61 soirees,
846 2656 105 55 and
980 2656 276 55 whatever
1284 2657 159 54 other
1481 2656 205 70 special
1730 2655 291 71 privileges

261 2755 82 32 we
383 2754 102 33 can
526 2735 128 66 give
695 2732 163 53 them.
902 2731 53 53 A
1007 2731 270 54 sufficient
1331 2740 223 45 amount
1606 2731 58 54 of
1716 2740 305 59 patronage

263 2806 103 56 will
407 2806 247 70 produce
695 2829 31 31 a
766 2806 195 70 larger,
1002 2826 151 33 more
1194 2803 301 57 handsome
1525 2803 304 65 Secession,
1857 2807 137 66 print-

263 2879 70 55 ed
373 2890 90 45 ten
505 2882 155 52 times
702 2901 31 32 a
772 2901 145 50 year.
960 2878 39 55 It
1040 2877 102 56 will
1178 2878 195 55 enable
1408 2900 60 32 us
1511 2888 56 44 to
1610 2878 158 54 make
1810 2877 176 55 moder-

261 2965 88 44 ate
391 2963 257 61 payment
689 2953 83 55 for
813 2954 379 68 manuscripts.

264 3146 340 56 Enthusiasts
646 3168 90 33 are
797 3145 206 55 invited
1063 3155 58 45 to
1182 3145 229 56 address
1457 3145 161 55 Peter
1658 3145 65 55 K.
1766 3145 255 66 Hurwitz,

263 3221 311 65 Treasurer,
618 3222 135 54 1361
800 3252 68 6 —
909 3222 70 52 46
1021 3217 201 69 Street,
1263 3220 291 69 Brooklyn,
1599 3220 136 53 New
1775 3217 172 56 York.
