2672 4061
1244 3659 125 85 208

231 3688 70 37 LA
353 3688 125 38 CITE

2080 3684 162 37 AVRIL
2301 3683 89 35 197.0

919 170 488 43 URBAN
1477 171 17 42 I
1564 170 31 44 S
1665 170 49 43 M
1787 170 35 42 E

870 242 1159 21 laiiiiiiiiiiHiiiiiiiiaiiiiisiiiiidßißiiniii

127 369 108 37 cités
274 366 234 42 humaines
647 385 52 25 eu
737 370 139 50 égard
915 383 174 31 surtout
1126 376 26 39 à
1189 374 80 41 l'ur-

127 445 141 32 gence
303 431 71 47 qui
427 429 217 51 s'impose
680 431 58 40 de
791 443 147 30 toutes
990 445 125 38 parts
1248 440 43 47 je

128 489 189 40 n'hésite
346 508 82 31 pas
459 493 25 38 à
515 490 203 42 affirmer
748 494 104 49 qu'il
887 494 96 42 faut
1014 513 26 32 y
1070 499 99 38 voir
1200 497 93 40 leur

127 551 427 49 incompréhension
596 554 241 41 manifeste
879 555 56 42 de
975 556 318 51 l'importance

126 612 79 40 des
238 616 206 39 missions
476 614 130 50 qu'ils
638 627 79 29 ont
750 621 214 37 assumées-

194 686 18 49 j
238 689 158 37 estime
425 687 120 40 donc
574 705 86 33 que
690 689 10 40 1
724 690 138 40 étude
891 690 78 42 des
1000 691 293 52 dispositions

126 750 140 46 prises
296 764 53 24 en
379 747 170 43 France
579 761 107 38 peut
715 754 95 37 être
839 751 108 42 d'un
978 754 144 49 grand
1154 754 137 50 profit

127 819 42 30 et
198 826 22 23 c
242 819 65 30 est
337 809 114 41 dans
479 827 51 24 ce
560 811 80 41 but
669 829 86 33 que
785 817 43 46 je
858 814 154 50 publie
1039 816 250 41 ci-dessous

126 870 79 40 des
234 873 183 39 extraits
444 883 43 30 et
515 872 79 41 des
622 875 200 40 résumés
851 875 57 40 de
936 892 74 25 ces
1039 887 189 31 travaux
1256 880 33 38 si

125 943 235 38 sagement
387 950 179 32 conçus.

191 1114 34 41 L
247 1115 249 50 obligation
537 1134 115 33 pour
693 1117 62 41 les
795 1120 388 49 agglomérations
1225 1133 42 29 to-

127 1176 216 41 talement
377 1195 60 23 ou
470 1178 336 50 partiellement
843 1181 215 42 détruites
1093 1200 81 33 par
1210 1183 80 41 fait

125 1237 57 40 de
213 1256 171 31 guerre,
419 1239 180 42 d'avoir
627 1244 25 36 à
685 1241 161 41 établir
877 1259 58 24 un
967 1244 106 49 plan
1106 1244 182 50 général

123 1310 43 29 et
201 1299 221 42 directeur
458 1301 80 40 des
572 1313 190 31 travaux
797 1306 25 37 à
857 1303 230 49 effectuer,
1124 1306 163 40 résulte

125 1360 57 41 de
216 1361 40 40 la
292 1360 58 42 loi
386 1362 58 40 du
489 1362 53 42 14
578 1380 120 24 mars
739 1364 122 41 1919
899 1365 188 47 relative
1120 1370 26 37 à
1181 1367 86 40 l'ex-

124 1425 176 38 tension
329 1435 42 29 et
398 1426 25 38 à
451 1423 385 52 l'aménagement
865 1427 80 41 des
971 1427 140 42 villes.
1144 1428 120 40 Celle-

122 1497 36 27 ci
197 1501 55 23 ne
290 1484 138 41 limite
468 1486 28 40 d
518 1486 178 41 ailleurs
750 1505 83 31 pas
870 1505 69 24 ses
995 1489 292 50 dispositions

121 1562 88 23 ctux
235 1545 203 41 localités
464 1550 237 38 sinistrées.
731 1548 97 42 Elle
854 1549 63 41 les
944 1551 136 41 étend
1109 1562 148 30 notam-

123 1618 126 29 ment
277 1610 25 37 à
333 1619 147 30 toutes
511 1609 61 40 les
601 1609 128 41 villes
760 1611 58 40 de
854 1610 172 46 10,000
1058 1611 230 42 habitants

124 1679 44 29 et
205 1668 120 50 plus;
364 1672 25 37 à
426 1670 134 40 celles
598 1671 58 41 de
696 1670 144 48 5,000
879 1675 25 37 à
951 1673 172 45 10,000
1160 1673 101 41 habi-

123 1740 131 36 tants,
284 1730 114 42 dont
423 1731 39 40 la
487 1731 271 50 population
784 1751 23 22 a
834 1738 245 45 augmenté
1106 1734 56 41 de
1187 1734 100 51 plus

123 1790 57 41 de
219 1792 9 40 1
247 1791 26 41 0
304 1809 41 33 p.
381 1809 35 23 c.
451 1793 113 40 dans
595 1793 269 43 l'intervalle
896 1795 56 40 de
985 1796 118 41 deux
1134 1813 127 24 recen-

122 1863 198 30 sements
356 1856 353 48 quinquennaux
744 1857 293 46 consécutifs;
1077 1874 88 24 aux
1199 1868 66 30 sta-

122 1917 117 38 tions
266 1914 266 47 balnéaires,
565 1919 246 38 maritimes
840 1935 57 23 ou
926 1919 359 49 sportives,dont

123 1975 41 40 la
194 1976 270 49 population
496 1988 243 39 augmente
772 1978 57 42 de
859 1979 100 49 plus
991 1980 56 40 de
1080 1980 59 41 50
1169 1997 42 33 p.
1246 1998 34 23 c.

122 2040 25 37 à
202 2040 219 38 certaines
478 2041 221 48 époques;
756 2057 88 23 aux
899 2041 387 49 agglomérations

122 2101 263 47 présentant
423 2117 57 23 un
522 2103 227 39 caractère
789 2103 293 49 pittoresque,
1125 2105 140 39 artisti-

120 2176 87 33 que
236 2178 57 23 ou
322 2160 258 51 historique,
611 2173 43 29 et
681 2179 250 25 reconnues
959 2163 127 41 telles
1111 2181 83 33 par
1221 2164 63 40 les

118 2224 317 39 commissions
482 2226 329 47 compétentes,
864 2235 99 36 etc.,
997 2235 82 31 etc.
1114 2225 170 42 Toutes

120 2299 73 24 ces
228 2282 202 43 localités
464 2295 104 30 sont
602 2297 156 29 tenues
793 2286 58 40 de
884 2286 110 41 faire
1029 2286 161 42 établir
1223 2304 58 24 un

119 2348 152 47 projet
311 2345 413 50 d'aménagement,
767 2347 435 42 d'embellissement
1241 2360 43 29 et

121 2406 29 40 d
173 2409 234 39 extension
438 2407 113 41 dans
578 2425 57 23 un
665 2408 118 41 délai
811 2412 250 38 maximum
1091 2409 56 41 de
1176 2413 107 38 trois

118 2484 93 24 ans.
247 2467 155 50 Quant
434 2486 88 23 aux
554 2468 202 42 localités
790 2470 269 42 totalement
1091 2488 58 24 ou
1181 2489 75 31 par-

120 2528 249 42 tiellement
412 2529 215 42 détruites
671 2548 81 32 par
795 2531 82 41 fait
922 2532 56 41 de
1020 2549 172 33 guerre,
1239 2543 43 29 et

119 2590 101 50 quel
259 2608 86 32 que
381 2594 86 38 soit
503 2592 39 40 le
576 2592 158 40 chiffre
771 2592 57 41 de
865 2593 92 41 leur
993 2594 285 49 population,

117 2652 26 40 il
171 2651 93 41 leur
291 2664 65 29 est
380 2655 176 47 imposé
585 2654 56 41 de
670 2654 109 41 faire
805 2655 175 45 établir,
1011 2672 53 24 en
1093 2656 99 49 plus
1221 2655 59 41 du

117 2713 107 50 plan
265 2714 326 50 d'alignement
628 2727 43 29 et
711 2715 56 41 de
805 2715 294 42 nivellement
1138 2719 142 47 prévu

117 2792 83 32 par
231 2775 39 40 la
304 2775 58 41 loi
397 2775 59 41 du
492 2775 20 41 5
550 2776 109 41 avril
701 2777 8 40 1
728 2776 110 47 884,
872 2794 88 24 une
992 2778 136 40 étude
1160 2795 90 23 som-

115 2839 140 38 maire
286 2837 58 40 du
376 2842 151 46 projet
557 2837 414 51 d'aménagement,
1006 2839 27 40 d
1055 2839 200 40 embellis-

116 2909 176 29 sement
325 2910 43 29 et
404 2899 27 41 d
452 2902 250 44 extension,
741 2912 43 28 et
816 2917 64 32 ce,
919 2900 113 41 dans
1065 2918 59 23 un
1162 2900 117 41 délai

117 2960 56 40 de
200 2963 107 37 trois
333 2963 127 38 mois.
489 2959 120 44 Tant
635 2978 87 33 que
748 2961 40 41 le
815 2962 107 50 plan
952 2961 327 50 d'alignement

115 3033 43 29 et
185 3021 39 41 le
252 3022 293 41 nivellement
572 3022 115 41 n'est
714 3041 82 32 pas
823 3026 252 48 approuvé,
1106 3040 174 24 aucune

114 3086 321 44 construction,
466 3084 100 40 sauf
612 3083 112 42 celle
771 3084 170 42 d'abris
987 3086 288 48 provisoires,

114 3162 56 23 ne
196 3156 107 38 peut
329 3148 92 38 être
447 3145 120 41 faite.

183 3218 61 41 La
271 3218 60 41 loi
358 3219 60 41 du
451 3218 10 42 1
478 3218 26 42 4
532 3218 111 42 avril
678 3218 121 42 1919
827 3222 180 47 prévoit
1035 3220 114 40 dans
1174 3218 78 41 cha-

113 3297 86 33 que
232 3280 319 50 département
583 3280 283 42 l'institution
898 3281 137 40 d'une
1068 3283 180 38 commis-

113 3344 98 39 sion
255 3342 92 40 dite
395 3360 9 22 :
449 3357 22 25 «
517 3341 305 42 Commission
885 3341 393 51 départementale

115 3402 401 51 d'aménagement
552 3415 44 29 et
633 3403 284 41 d'extension
957 3403 80 41 des
1070 3403 127 41 villes
1235 3413 43 30 et

111 3463 188 49 villages
327 3480 40 31 »,
398 3476 56 35 et,
483 3482 55 23 au
565 3468 228 38 ministère
821 3465 58 41 de
904 3465 255 46 l'intérieur,
1190 3481 86 24 une

1367 376 293 38 commission
1689 376 270 47 supérieure.
1992 371 94 42 Elle
2116 372 121 50 règle
2268 372 41 42 la
2337 389 160 33 compo-

1366 439 130 37 sition
1530 435 57 41 de
1614 452 74 23 ces
1716 436 328 39 commissions.

1432 496 95 42 Elle
1593 499 175 47 impose
1834 513 88 23 aux
1985 494 191 42 conseils
2239 498 290 47 municipaux

1366 558 285 50 l'obligation
1682 557 58 41 de
1769 557 209 50 désigner
2007 556 219 41 l'homme
2256 556 56 41 de
2341 555 102 42 l'art
2471 574 58 24 ou

1366 621 40 40 la
1434 622 167 38 société
1628 622 73 47 qui
1729 630 153 29 seront
1908 618 187 50 chargés
2122 617 58 41 de
2205 617 170 41 l'étude
2401 630 45 28 et
2472 618 56 40 de

1365 682 39 40 la
1431 681 260 41 confection
1719 680 80 41 des
1823 680 131 50 plans
1980 691 42 29 et
2047 679 56 41 de
2128 683 186 47 projets.
2342 678 42 42 Si
2411 690 117 32 cette

1365 743 285 49 désignation
1683 741 115 42 n'est
1828 758 82 33 pas
1943 741 108 40 faite
2084 741 113 40 dans
2227 758 57 25 un
2318 740 119 41 délai
2470 740 56 42 de

1366 804 118 41 deux
1510 806 127 43 mois,
1667 803 38 41 le
1730 803 149 49 préfet
1905 802 95 41 fera
2026 802 41 41 la
2093 802 287 50 désignation
2408 801 95 41 d'of-

1364 866 96 45 fice,
1490 867 132 48 après
1649 867 112 38 mise
1786 881 54 23 en
1868 864 214 40 demeure
2108 881 56 23 au
2189 863 167 41 conseil
2383 866 113 38 muni-

1362 926 131 51 cipal.

1432 1000 62 40 Ce
1529 1000 177 40 dernier
1739 999 72 41 n'a
1846 1016 80 33 pas
1959 998 250 41 seulement
2241 997 284 51 l'obligation

1366 1062 55 41 de
1457 1061 110 41 faire
1602 1061 174 40 dresser
1811 1060 40 41 le
1884 1060 107 50 plan
2028 1063 72 47 qui
2136 1059 139 42 fixera
2308 1059 41 41 la
2385 1059 116 40 direc-

1364 1127 107 42 tion,
1499 1122 40 41 la
1565 1122 189 50 largeur,
1781 1122 40 40 le
1846 1124 229 38 caractère
2100 1121 79 41 des
2202 1124 127 38 voies
2352 1123 25 38 à
2401 1123 125 39 créer

1363 1202 57 23 ou
1448 1188 25 37 à
1501 1184 223 45 modifier,
1757 1183 62 40 les
1846 1183 358 50 emplacements
2234 1182 79 41 des
2342 1199 183 33 espaces

1365 1247 145 44 libres,
1554 1245 60 40 les
1652 1247 201 38 réserves
1888 1244 179 41 boisées
2102 1247 26 38 à
2164 1246 257 43 constituer,
2463 1242 62 42 les

1364 1307 357 50 emplacements
1760 1306 79 40 des
1895 1305 184 41 édifices
2134 1317 43 29 et
2213 1308 193 38 services
2446 1322 52 32 pu-

1362 1369 130 46 blics;
1520 1368 26 41 il
1573 1386 38 28 a,
1642 1385 54 23 en
1725 1378 140 35 outre,
1896 1366 111 41 celle
2035 1365 210 42 d'établir
2270 1366 84 41 UN
2383 1365 105 41 PRO-

1362 1428 278 43 GRAMME
1670 1429 305 41 déterminant
2004 1428 61 41 les
2093 1428 250 40 servitudes
2371 1426 127 51 hygié-

1361 1495 169 46 niques,
1566 1490 375 50 archéologiques
1973 1501 44 30 et
2048 1489 273 50 esthétiques
2352 1500 42 29 et
2426 1499 73 30 tou-

1362 1565 65 28 tes
1453 1553 61 40 les
1540 1562 148 31 autres
1714 1552 259 40 conditions
1997 1569 28 31 y
2050 1551 222 45 relatives,
2301 1552 110 40 ainsi
2437 1567 86 33 que

1362 1614 63 40 les
1481 1616 251 47 prévisions
1785 1623 278 30 concernant
2120 1612 40 41 la
2237 1611 285 42 distribution

1362 1675 134 41 d'eau
1531 1674 202 51 potable,
1772 1673 39 41 le
1845 1677 155 38 réseau
2036 1673 223 50 dégoûts,
2298 1673 199 40 l'évacua-

1363 1740 93 38 tion
1496 1748 42 29 et
1578 1736 40 40 la
1660 1736 272 40 destination
1989 1734 135 42 finale
2180 1734 79 41 des
2314 1736 209 38 matières

1360 1801 129 38 usées
1514 1808 56 35 et,
1601 1797 66 41 s'il
1693 1814 28 33 y
1747 1815 24 22 a
1799 1797 99 45 lieu,
1928 1797 395 40 l'assainissement
2352 1794 59 42 du
2439 1794 78 41 sol.

1429 1859 60 41 La
1519 1858 59 41 loi
1607 1861 179 47 prévoit
1814 1857 120 41 enfin
1963 1858 38 40 le
2029 1875 75 23 cas
2132 1860 58 38 où
2217 1857 40 40 le
2284 1861 152 46 projet
2465 1856 56 40 de

1359 1922 370 43 reconstruction,
1773 1919 415 50 d'aménagement,
2248 1917 249 42 d'embellis-

1359 1993 175 30 sement
1564 1999 58 23 ou
1655 1981 28 40 d
1705 1983 234 38 extension
1974 1992 65 29 est
2072 1980 58 40 de
2161 1989 158 31 nature
2352 1981 24 39 à
2409 1981 88 38 inté-

1359 2060 141 24 resser
1536 2042 218 51 plusieurs
1790 2058 267 24 communes
2095 2040 294 50 limitrophes-
2429 2039 92 41 Des

1357 2107 193 38 services
1576 2107 228 47 généraux
1830 2113 212 40 peuvent,
2072 2119 55 24 en
2153 2101 122 47 effet,
2305 2105 93 38 être
2425 2103 71 38 éta-

1357 2165 86 41 blis
1482 2182 54 24 en
1573 2181 237 30 commun;
1852 2164 25 41 il
1919 2176 108 37 peut
2066 2167 93 37 être
2198 2162 224 42 désirable
2463 2162 56 40 de

1358 2227 189 41 faciliter
1581 2225 63 42 les
1678 2226 214 41 relations
1926 2225 137 41 d'une
2096 2241 246 24 commune
2375 2227 24 37 à
2432 2241 87 23 une

1357 2299 145 35 autre;
1533 2288 114 40 dans
1675 2305 50 23 ce
1753 2304 88 29 cas,
1874 2286 41 41 le
1943 2286 149 50 préfet
2121 2296 108 40 peut
2256 2301 263 35 provoquer

1356 2366 86 24 une
1472 2349 135 41 étude
1639 2348 283 41 d'ensemble
1952 2359 42 30 et
2025 2348 80 40 des
2133 2348 294 40 conférences
2456 2349 41 38 in-

1357 2410 382 41 tercommunales
1771 2427 54 24 en
1856 2427 87 23 vue
1976 2409 57 40 de
2065 2408 40 41 la
2136 2411 293 38 constitution
2462 2407 55 41 de

1356 2472 230 49 syndicats
1621 2471 57 41 de
1710 2487 280 25 communes.

1436 2544 113 41 Telle
1585 2555 77 35 est,
1703 2544 114 41 dans
1852 2559 69 25 ses
1955 2543 197 51 grandes
2187 2542 153 50 lignes,
2380 2542 39 40 la
2456 2552 40 30 te-

1355 2624 108 24 neur
1489 2606 56 41 de
1566 2616 117 31 cette
1708 2605 57 41 loi
1791 2605 114 41 dont
1929 2622 59 23 on
2011 2615 66 30 est
2100 2621 54 24 en
2180 2604 118 41 droit
2323 2602 168 42 d'atten-

1357 2668 80 41 dre
1472 2668 62 40 les
1569 2670 219 38 résuatats
1821 2666 62 41 les
1917 2665 99 50 plus
2048 2665 311 42 bienfaisants.
2398 2663 117 51 Déjà

1355 2733 211 46 apparaît
1599 2731 52 38 ici
1686 2728 170 50 l'esprit
1891 2728 57 40 de
1983 2726 232 48 méthode,
2254 2726 28 40 d
2305 2726 134 41 ordre
2474 2736 42 28 et

1355 2790 56 40 de
1438 2790 320 40 coordination
1787 2789 80 41 des
1893 2788 170 47 efforts,
2094 2790 109 39 ainsi
2232 2787 137 50 qu'un
2398 2788 94 48 prin-

1353 2855 99 46 cipe
1489 2862 251 30 nettement
1778 2850 137 41 défini
1955 2849 57 40 de
2049 2852 265 46 répartition
2350 2850 141 39 ration-

1355 2912 118 42 nelle
1510 2912 78 41 des
1625 2912 170 41 études.
1837 2911 61 41 La
1935 2910 60 42 loi
2032 2910 57 41 du
2138 2911 7 39 1
2164 2910 26 40 4
2229 2926 121 24 mars
2394 2907 118 42 1919

1353 2975 115 40 n'est
1505 2973 226 41 d'ailleurs
1766 2990 82 33 pas
1883 2973 40 40 la
1959 2975 223 47 première
2216 2972 294 49 prescription

1352 3036 211 40 adressée
1588 3052 89 24 aux
1700 3050 268 25 communes
1994 3034 28 40 d
2042 3036 129 38 avoir
2196 3035 24 38 à
2247 3032 160 41 établir
2436 3030 77 40 des

1352 3096 130 50 plans
1510 3099 239 47 généraux.
1784 3095 133 41 Deux
1944 3094 252 41 circulaires
2227 3094 58 41 du
2314 3095 198 39 ministre

1353 3158 57 40 de
1439 3157 242 41 l'intérieur
1716 3157 49 49 (2
1780 3157 21 41 7
1832 3156 260 50 septembre
2126 3154 120 42 1916
2275 3166 42 30 et
2354 3154 49 40 12
2435 3168 52 24 no-

1353 3219 188 41 vembre
1593 3218 147 49 1917)
1789 3220 182 38 avaient
2015 3217 106 50 déjà
2180 3218 176 47 imposé
2399 3224 114 31 cette

1353 3280 252 50 obligation
1646 3297 88 23 aux
1773 3295 269 25 communes
2081 3281 210 38 atteintes
2330 3293 81 33 par
2452 3274 62 40 les

1353 3345 294 37 événements
1674 3341 57 41 de
1755 3356 169 35 guerre.
1953 3338 93 42 Dès
2070 3339 40 41 le
2145 3339 7 40 1
2173 3338 21 42 5
2223 3356 119 23 mars
2376 3335 133 45 1919,

1351 3403 41 40 le
1419 3406 202 38 ministre
1648 3403 80 40 des
1756 3404 179 47 régions
1962 3401 189 40 libérées
2180 3399 218 42 adressait
2426 3413 86 24 aux

1352 3464 170 49 préfets
1554 3464 40 40 la
1627 3463 58 41 loi
1717 3463 212 41 nouvelle
1962 3474 42 30 et
2035 3479 27 33 y
2093 3464 191 48 joignait
2316 3476 87 26 une
2433 3460 59 38 cir-
