2672 4061
1268 3671 152 79 210

249 3698 69 36 LA
371 3697 125 38 CITE

2104 3701 161 36 AVRIL
2323 3701 90 36 1920

929 184 375 46 URBA
1376 187 456 44 NISME

149 377 312 44 d'insalubrité
491 382 308 49 particulières
828 388 25 38 à
885 386 40 41 la
958 386 193 49 localité,
1187 388 124 43 telles

146 457 87 32 que
265 440 174 42 fumées
470 453 43 30 et
543 446 255 46 poussières
828 446 314 51 industrielles,
1177 454 112 39 voisi-

146 517 117 34 nage
303 502 56 41 de
397 506 177 44 marais,
614 506 373 51 surpeuplement
1025 510 59 41 de
1119 515 192 40 certains

146 565 230 47 quartiers,
409 565 291 42 insuffisance
730 568 134 43 d'eau
892 571 218 50 potable?

216 623 117 50 Quel
371 637 64 29 est
473 626 39 40 le
547 631 229 39 caractère
811 633 184 48 général
1032 634 59 41 de
1127 635 161 51 l'agglé-

149 688 226 39 omration
428 704 8 23 :
483 689 211 49 agricole,
759 691 248 50 industriel,
1088 713 192 26 commer-

146 757 118 40 çant,
305 765 57 23 ou
399 751 167 39 mixte?
612 750 164 51 Quelle
811 756 110 41 était
955 754 44 44 la
1035 757 157 43 valeur
1230 758 81 42 des

147 811 187 38 terrains
356 820 44 30 et
423 810 58 41 de
503 810 41 42 la
566 816 233 47 propriété
822 814 151 44 bâtie?

216 869 117 50 Quel
376 882 66 31 est
482 871 39 42 le
563 872 394 54 développement
997 896 59 26 ou
1096 879 42 43 la
1178 880 107 44 déca-

147 930 143 42 dence
322 934 304 51 économique
658 935 59 41 de
749 936 413 53 l'agglomération,
1199 942 89 43 l'im-

146 1004 221 38 portance
394 993 57 42 de
477 1011 70 26 ses
571 996 254 50 industries,
858 999 58 43 de
942 1018 82 25 son
1052 1019 259 26 commerce

148 1052 130 49 local,
313 1066 99 37 etc.,
447 1060 115 38 etc.?

213 1115 172 52 Lorsqu
405 1117 27 41 il
481 1135 19 24 s
520 1122 92 47 agit
662 1120 57 41 de
769 1121 204 45 localités
1022 1125 288 52 fréquentées

145 1194 82 32 par
255 1177 62 41 les
346 1182 208 39 touristes
673 1193 44 30 et
743 1200 51 23 ce
821 1200 98 26 sera
949 1185 40 42 le
1016 1204 75 24 cas
1121 1186 59 44 de
1203 1188 105 42 bien

148 1238 79 41 des
261 1239 128 41 villes
422 1251 45 31 et
500 1241 189 52 villages
722 1246 220 50 auxquels
975 1264 48 24 se
1056 1248 255 44 rattachent

148 1299 80 41 des
256 1305 235 38 souvenirs
522 1303 58 41 de
609 1321 161 33 guerre
892 1307 27 41 il
951 1308 98 42 faut
1076 1327 47 24 se
1151 1313 133 48 préoc-

144 1378 138 33 cuper
305 1362 80 42 des
408 1364 222 51 auberges
654 1377 45 30 et
720 1366 260 45 hôtelleries
1004 1373 75 48 qui
1102 1383 104 30 sont
1230 1373 80 41 des

146 1440 194 33 organes
373 1426 230 42 essentiels
637 1427 115 42 dans
785 1428 40 42 la
859 1433 74 38 vie
964 1431 80 42 des
1076 1433 204 51 agglomé-

145 1487 181 39 rations.
354 1485 85 42 Les
461 1487 183 43 devoirs
665 1493 72 47 qui
760 1490 269 51 s'imposent
1053 1494 57 40 de
1132 1512 51 23 ce
1205 1494 104 42 chef

145 1562 88 25 aux
268 1548 331 50 municipalités
633 1562 104 31 sont
772 1554 286 41 intimement
1093 1554 80 43 liés
1207 1559 23 38 à
1269 1557 40 41 la

143 1611 254 47 prospérité
437 1609 58 42 de
531 1609 420 53 l'agglomération;
991 1633 64 30 or,
1096 1616 93 42 l'on
1225 1621 84 38 sait

143 1669 214 43 combien
395 1687 75 25 ces
506 1672 363 45 établissements
908 1675 227 45 laissaient
1173 1681 108 48 géné-

143 1729 223 44 ralement
388 1734 25 39 à
437 1732 169 43 désirer
628 1746 141 31 avant
792 1734 42 44 la
856 1754 172 31 guerre.

213 1791 126 43 Dans
371 1792 63 42 les
465 1794 141 48 villes,
642 1795 42 42 la
717 1800 208 47 question
959 1799 59 41 de
1050 1799 41 42 la
1123 1802 160 41 circula-

145 1855 93 38 tion
267 1865 66 29 est
359 1854 109 42 d'un
497 1858 162 40 intérêt
686 1859 179 49 capital.
898 1859 30 42 Il
957 1863 215 40 convient
1201 1863 100 43 d'en

145 1914 275 43 déterminer
455 1917 62 40 les
551 1917 324 44 défectuosités
908 1933 43 30 et
986 1921 116 43 leurs
1135 1941 167 25 causes.

143 1974 30 41 Il
200 1978 214 40 convient
442 1978 57 40 de
526 1982 287 40 mentionner
841 1981 262 44 l'intesnsité
1132 1985 60 41 du
1220 1996 64 31 tra-

144 2035 57 42 fic
240 2036 114 42 local
395 2049 44 31 et
476 2056 81 25 son
614 2044 241 40 caractère.
915 2043 127 43 Dans
1079 2045 63 42 les
1178 2046 128 42 villes

141 2100 130 44 aussi,
312 2098 26 42 il
374 2102 197 48 importe
607 2103 58 40 de
701 2107 288 40 mentionner
1022 2106 64 41 les
1119 2123 187 34 espaces

144 2159 146 47 libres,
333 2162 309 49 promenades
684 2175 43 31 et
768 2165 185 50 jardins,
997 2166 96 43 leur
1133 2169 150 42 insuffi-

140 2237 134 25 sance
308 2223 268 47 éventuelle,
613 2224 41 41 la
688 2243 296 26 convenance
1018 2228 80 42 des
1131 2229 144 51 empla-

140 2293 215 31 cements.

206 2343 141 42 Vient
373 2349 172 38 ensuite
569 2347 40 41 le
636 2347 241 51 problème
905 2350 81 42 des
1012 2351 184 43 édifices
1223 2371 54 32 pu-

139 2404 113 42 blics
299 2424 8 22 :
347 2409 192 45 mairies,
581 2409 163 47 écoles,
788 2410 173 51 églises,
1001 2412 203 43 bureaux
1248 2415 56 40 de

138 2477 146 39 poste,
314 2466 209 52 hospices
549 2481 45 30 et
619 2469 232 52 hôpitaux,
882 2489 143 34 gares,
1055 2485 82 31 etc.
1152 2493 9 29 ;
1190 2474 113 43 celui

140 2528 80 40 des
258 2531 193 40 services
503 2531 189 49 publics,
735 2532 380 50 d'alimentation,
1175 2536 103 51 d'hy-

139 2592 143 47 giène,
319 2590 286 53 d'éclairage,
640 2593 58 41 de
729 2596 190 40 sécurité
951 2596 231 52 publique,
1217 2608 83 31 etc.

139 2650 142 50 Quels
309 2663 104 31 sont
438 2651 63 43 les
530 2653 182 42 défauts
740 2672 58 24 ou
825 2667 251 41 avantages
1104 2657 79 43 des
1210 2659 71 41 édi-

141 2711 106 42 fices
285 2716 229 45 existants,
557 2714 94 42 leur
691 2716 139 50 degré
871 2717 57 41 de
966 2723 334 43 conservation,

138 2773 62 41 les
227 2775 412 48 transformations,
668 2776 64 42 les
758 2777 373 44 désaffectations
1157 2799 56 23 ou
1241 2781 62 41 les

140 2835 344 51 déplacements
513 2837 277 43 désirables?

204 2908 35 42 L
260 2912 194 48 enquête
479 2921 184 40 portera
690 2911 123 43 enfin
839 2930 72 24 sur
937 2912 63 43 les
1025 2931 181 25 œuvres
1230 2931 48 25 so-

137 2970 135 42 ciales
329 2971 56 42 de
440 2971 245 44 fondation
743 2973 217 52 publique
1016 2992 58 25 ou
1129 2978 170 48 privée,

137 3032 144 47 asiles,
324 3033 191 51 refuges,
556 3033 195 48 crèches,
792 3035 204 42 colonies
1035 3036 58 41 de
1130 3037 173 50 jardins

138 3097 213 43 ouvriers,
394 3097 187 40 terrains
620 3095 60 42 de
715 3098 267 46 récréation,
1025 3097 277 43 habitations

137 3158 229 38 ouvrières
390 3166 45 32 et
459 3159 26 38 à
508 3156 94 43 bon
628 3157 198 42 marché.

202 3228 66 42 En
300 3246 51 24 ce
383 3233 73 47 qui
487 3247 225 24 concerne
745 3231 63 41 les
839 3231 202 51 villages,
1078 3232 41 41 la
1150 3235 149 39 notice

136 3290 188 41 n'hésite
349 3308 82 33 pas
455 3293 26 38 à
507 3291 205 42 affirmer
735 3292 107 51 qu'il
868 3304 67 30 est
961 3292 228 43 désirable
1214 3310 86 34 que

136 3351 176 51 chaque
355 3352 166 51 village
564 3352 58 42 de
666 3352 171 43 France
879 3357 87 39 soit
1008 3354 109 42 doté
1162 3354 139 43 d'une

135 3415 175 39 maison
354 3431 57 24 ou
451 3413 110 42 salle
601 3432 257 30 commune,
887 3427 153 30 centre
1082 3415 57 42 de
1197 3418 76 39 réu-

134 3474 188 48 nionne
358 3478 382 48 représentations
775 3476 521 51 cinématographiques,

1388 392 316 48 accompagné
1744 389 28 41 d
1793 405 88 25 une
1915 392 142 48 petite
2092 389 327 52 bibliothèque,
2460 391 90 42 afin

1390 451 58 41 de
1475 450 159 42 veiller
1662 454 26 37 à
1717 450 127 42 l'état
1872 451 146 41 moral
2050 451 57 41 de
2137 451 41 41 la
2206 450 273 43 collectivité
2509 464 42 30 et

1389 512 58 41 de
1482 512 260 41 combattre
1778 511 254 42 l'influence
2068 515 279 47 pernicieuse
2384 513 59 41 du
2480 531 48 24 ca-

1385 572 143 43 baret.

1455 647 245 50 Beaucoup
1740 646 57 42 de
1832 663 270 26 communes
2151 651 184 38 avaient
2388 651 161 48 arrêté,

1389 706 81 43 dès
1511 718 139 31 avant
1691 707 42 42 la
1775 725 170 33 guerre,
1994 708 80 42 des
2115 713 175 47 projets
2332 708 194 52 d'aligne-

1389 780 138 35 ment,
1576 769 58 40 de
1678 769 308 47 nivellement,
2034 769 58 42 de
2137 771 409 41 transformations.

1387 830 87 41 Ces
1499 830 160 42 études
1686 830 191 43 doivent
1904 833 94 39 être
2024 833 323 40 sérieusement
2375 849 171 24 revues.

1387 891 126 41 Dans
1544 891 64 41 les
1638 891 190 51 villages
1860 895 250 39 traversées
2158 909 82 34 par
2271 892 81 42 des
2399 903 151 32 routes

1387 952 254 42 nationales
1679 964 44 30 et
1764 953 430 51 départementales,
2239 953 82 42 des
2361 954 165 51 disposi-

1388 1017 117 39 tions
1538 1017 182 38 avaient
1755 1016 71 39 été
1860 1017 193 48 prévues
2086 1032 116 33 pour
2234 1015 241 42 améliorer
2509 1016 40 42 la

1386 1075 276 42 circulation.
1692 1075 30 41 Il
1749 1079 196 47 importe
1973 1076 57 41 de
2056 1079 289 39 mentionner
2370 1077 62 41 les
2458 1094 61 25 me-

1388 1154 122 24 sures
1566 1139 154 49 prises,
1762 1147 56 36 et,
1862 1154 56 25 au
1971 1137 175 47 besoin,
2191 1137 259 52 d'indiquer
2489 1138 62 43 les

1387 1198 341 42 améliorations
1759 1216 58 23 ou
1849 1197 63 43 les
1940 1201 221 40 revisions
2191 1199 261 42 désirables.

1454 1258 124 43 Tous
1611 1276 73 24 ces
1721 1262 153 48 points
1909 1276 47 25 se
1992 1270 214 32 trouvent
2241 1263 191 49 répartis
2469 1279 82 33 par

1387 1320 225 51 chapitres
1644 1338 56 23 au
1735 1320 402 49 Tableau-Guide;
2173 1321 28 42 il
2237 1333 68 31 est
2337 1325 92 39 aisé
2463 1340 87 24 aux

1385 1381 332 51 municipalités
1743 1382 60 43 de
1827 1385 247 39 constituer
2102 1383 41 41 le
2169 1383 185 47 dossier,
2387 1383 58 42 de
2472 1383 50 42 dé-

1388 1446 211 38 terminer
1635 1442 41 42 le
1710 1459 308 35 programme,
2058 1456 44 30 et
2138 1444 57 41 de
2231 1444 173 42 fournir
2438 1448 111 38 ainsi

1384 1522 87 23 aux
1500 1506 318 40 commissions
1845 1508 281 47 supérieures
2154 1508 73 48 qui
2257 1517 163 30 auront
2448 1509 25 38 à
2501 1524 47 23 se

1386 1582 258 34 prononcer
1676 1583 75 24 sur
1784 1566 42 41 le
1858 1570 166 46 projet,
2062 1566 63 41 les
2159 1566 221 43 éléments
2412 1567 113 42 indis-

1385 1627 241 50 pensables
1660 1644 116 33 pour
1812 1631 196 46 pouvoir
2041 1630 191 38 émettre
2267 1646 59 24 un
2361 1632 96 38 avis
2492 1647 54 23 en

1384 1699 125 30 toute
1535 1691 323 39 connaissance
1887 1689 57 41 de
1969 1705 146 26 cause.

1451 1760 130 42 Cette
1604 1761 220 41 méthode
1849 1761 243 42 d'examen
2116 1762 80 41 des
2220 1762 150 42 divers
2394 1766 152 47 points

1383 1825 73 47 qui
1482 1833 200 31 rentrent
1708 1839 55 25 en
1791 1822 118 50 ligne
1937 1822 57 41 de
2020 1833 188 41 compte
2234 1823 115 42 dans
2373 1823 171 42 l'étude

1383 1883 80 41 des
1502 1882 263 51 problèmes
1824 1883 322 47 d'urbanisme,
2187 1885 116 41 n'est
2342 1884 174 42 évidem-

1383 1955 126 31 ment
1545 1961 83 34 pas
1661 1961 147 25 neuve
1846 1956 45 30 et
1928 1946 114 41 n'est
2079 1962 82 34 pas
2196 1945 285 51 particulière
2520 1950 24 37 à

1383 2006 39 40 la
1456 2005 182 42 France-
1674 2006 124 41 C'est
1831 2006 40 41 la
1904 2006 219 42 méthode
2157 2022 100 36 que,
2294 2007 160 51 depuis
2488 2008 56 41 de

1380 2067 190 50 longues
1596 2070 182 43 années,
1811 2070 236 47 préconise
2076 2067 186 43 l'Union
2292 2068 80 42 des
2400 2067 143 43 Villes

1383 2139 43 30 et
1456 2128 281 41 Communes
1765 2129 169 50 belges.
1969 2128 61 41 La
2063 2131 181 40 récente
2273 2129 273 42 conférence

1383 2189 231 41 nationale
1650 2190 57 40 de
1742 2189 286 43 l'habitation
2081 2194 25 38 à
2140 2190 94 42 bon
2287 2190 184 42 marché
2518 2208 27 25 a

1382 2251 148 41 fourni
1555 2254 25 38 à
1605 2262 71 31 cet
1702 2255 257 47 organisme
1982 2269 89 24 une
2094 2251 214 42 nouvelle
2333 2255 211 40 occasion

1382 2312 57 42 de
1467 2312 249 42 l'affirmer.
1746 2312 118 42 Mais
1890 2312 26 42 il
1944 2330 57 24 ne
2027 2313 125 42 suffit
2178 2331 82 33 pas
2288 2314 252 46 d'émettre,

1380 2373 113 42 dans
1522 2374 63 41 les
1613 2377 204 47 congrès,
1850 2375 80 40 des
1959 2374 125 42 idées
2112 2374 284 48 excellentes,
2427 2374 114 42 dont

1378 2435 172 41 chacun
1582 2435 235 41 s'accorde
1848 2438 25 39 à
1905 2439 287 38 reconnaître
2222 2436 42 41 la
2294 2436 248 51 judicieuse

1379 2496 193 51 logique.
1607 2496 175 42 Encore
1813 2496 146 42 faut-il
1991 2497 113 42 faire
2133 2514 153 34 passer
2315 2515 74 24 ces
2417 2496 125 42 idées

1380 2557 114 41 dans
1519 2557 41 41 la
1585 2561 221 47 pratique,
1836 2569 43 30 et
1903 2557 110 43 c'est
2038 2576 104 24 sous
2165 2575 54 24 ce
2241 2570 190 40 rapport
2455 2575 85 34 que

1380 2618 250 42 l'initiative
1667 2623 118 47 prise
1824 2637 81 33 par
1944 2620 40 40 le
2022 2631 363 39 gouvernement
2422 2620 95 42 fran-

1378 2683 91 47 çais
1498 2684 222 38 constitue
1750 2698 87 25 une
1868 2684 272 39 innovation
2168 2681 150 51 pleine
2350 2681 167 42 d'ensei-

1379 2753 227 34 gnement.

1449 2924 60 41 Le
1538 2924 21 41 5
1591 2942 120 24 mars
1739 2925 190 44 dernier,
1961 2924 60 42 M.
2052 2924 82 42 Th.
2163 2924 149 52 Steeg,
2343 2927 197 39 ministre

1381 2987 59 40 de
1467 2986 256 50 l'intérieur,
1753 2986 221 42 adressait
2000 3003 89 24 aux
2116 2986 172 51 préfets
2315 3003 87 24 une
2431 3002 82 25 nou-

1378 3047 119 41 velle
1527 3047 229 41 circulaire
1789 3047 186 42 relative
2005 3050 26 39 à
2064 3046 312 52 l'application
2410 3047 57 41 de
2499 3045 39 42 la

1379 3108 59 41 loi
1467 3108 60 41 du
1563 3109 54 41 14
1648 3126 120 24 mars
1802 3108 122 42 1919
1954 3126 72 24 sur
2055 3108 64 42 les
2146 3108 132 51 plans
2308 3108 202 42 d'aména-

1377 3181 184 39 gement
1596 3181 45 30 et
1678 3169 286 42 d'extension
2003 3169 80 42 des
2135 3170 399 51 agglomérations.

1378 3230 130 43 Cette
1535 3230 243 47 circulaire,
1810 3231 115 43 dont
1952 3243 80 31 ont
2058 3231 127 51 parlé
2214 3241 101 31 tous
2341 3230 62 42 les
2429 3247 83 34 quo-

1379 3293 174 45 tidiens,
1582 3295 152 38 même
1757 3310 55 24 en
1839 3292 388 51 Belgique,insiste
2251 3310 74 24 sur
2349 3293 42 41 la
2414 3307 93 26 com-

1376 3357 191 47 pétence
1593 3364 125 31 toute
1741 3354 284 51 particulière
2048 3357 74 47 qui
2146 3354 141 41 devra
2311 3357 94 38 être
2427 3351 111 43 celle

1379 3415 56 41 de
1469 3414 220 42 l'homme
1725 3415 57 41 de
1817 3415 100 42 l'art
1949 3415 141 41 choisi
2125 3432 115 33 pour
2274 3414 171 42 l'étude
2478 3413 59 41 du

1376 3476 159 50 plan.ll
1561 3476 58 41 lui
1647 3476 95 42 faut
1767 3494 89 23 une
1880 3480 326 38 connaissance
2229 3479 116 38 aussi
2369 3491 140 35 appro-
