3142 4493
207 132 62 47 48

210 214 33 99 I
277 223 82 28 saw
391 207 142 45 Ladies
563 207 250 56 prowling...,

276 269 88 43 Am
397 268 16 44 I
446 268 97 54 right
555 272 21 40 ?
634 268 81 44 Art
744 266 133 46 which
908 285 73 27 can
1003 285 110 27 serve

203 343 44 28 as
275 344 25 27 a
329 327 125 44 useful
485 327 69 44 foil
588 337 39 33 to
658 346 24 25 a
712 343 92 28 new
833 344 117 39 gown
1083 329 28 42 it

203 385 106 56 good
340 397 78 39 art;
451 387 69 43 but
542 397 58 33 art
631 386 132 44 which
779 387 81 44 will
894 397 68 33 not
993 404 117 26 come

203 457 44 32 to
276 445 89 45 heel
395 447 119 43 when
543 446 179 45 whistled
764 456 56 40 to,
867 445 142 45 should
1056 447 54 43 be

205 505 136 55 gassed
372 505 54 55 by
447 506 66 44 the
536 506 202 54 guardians
839 506 173 44 damned
1040 517 68 33 out

205 564 44 45 of
278 564 66 45 life
375 565 55 56 by
461 565 66 44 the
548 567 170 54 prettiest
741 565 44 44 of
805 564 137 47 ladies.

206 675 173 99 ART
409 669 82 44 will
522 672 39 42 in
600 670 127 44 future
774 669 92 56 only
915 670 51 44 be
1012 668 99 56 spelt

339 727 97 46 with
468 748 23 25 a
522 731 142 56 capital
695 730 100 45 T....
838 729 270 55 me-thought.

633 821 45 44 O

205 907 30 100 I
268 918 83 28 saw
381 903 57 44 six
469 904 115 42 trains
614 919 87 38 pass
723 901 67 56 by,
812 902 68 44 the
901 901 144 56 people
1069 903 40 44 in

270 962 107 44 them
408 962 155 55 packed
595 961 77 45 like
703 962 184 49 sardines,
920 962 190 46 fourteen

202 1032 45 32 to
283 1022 100 43 each
431 1032 282 45 compartment
760 1022 117 43 made
927 1032 41 33 to
1013 1022 95 45 hold

203 1081 118 55 eight,
353 1081 81 44 and
466 1082 67 43 the
564 1100 181 37 passages
775 1082 212 44 crammed.

262 1140 144 45 Taken
436 1140 51 45 all
518 1141 61 44 for
610 1140 65 50 all,
707 1142 76 43 this
828 1141 110 44 latest
984 1141 106 44 civili-

201 1202 131 42 zation
362 1203 31 41 is
424 1200 67 44 the
526 1201 180 49 funniest,
739 1218 100 26 even
876 1201 30 43 if
936 1199 82 46 that
1066 1201 43 43 of

201 1261 67 44 the
301 1260 152 46 Greeks
483 1277 82 28 was
595 1261 67 44 the
698 1272 99 33 most
838 1259 268 46 Democratic.

632 1352 44 44 O

199 1444 33 99 I
266 1434 141 57 passed
438 1435 69 44 the
539 1434 310 56 Keats-Shelley
895 1432 212 46 Memorial

263 1495 157 45 House.

261 1554 138 56 Byron
445 1553 188 46 exiled....
683 1553 81 45 and
815 1553 161 56 Shelley
1025 1554 79 43 and

200 1614 155 51 Keats;
391 1615 71 43 but
494 1615 94 43 how
619 1613 100 55 truly
763 1613 166 44 sensible
974 1613 43 44 of
1062 1631 44 27 us

200 1686 42 32 to
272 1675 104 43 have
407 1674 118 44 made
555 1673 98 56 gods
681 1672 43 44 of
745 1673 66 44 the
831 1673 157 44 weaker
1009 1684 93 39 two,

203 1735 59 43 for
295 1752 54 26 no
379 1745 162 33 amount
572 1733 43 44 of
645 1732 201 45 adulation
876 1750 74 27 can
991 1732 114 45 make

201 1811 92 26 men
325 1794 45 43 of
416 1794 125 43 them.
602 1792 132 44 When
781 1810 79 38 you
905 1810 88 38 pass
1039 1793 67 44 the

203 1853 312 56 Keats-Shelley
536 1852 212 45 Memorial
764 1852 140 44 House
919 1855 39 41 in
975 1853 129 43 Rome

201 1930 67 27 are
297 1930 80 38 you
409 1924 67 33 not
508 1912 264 56 immediately
802 1911 128 45 struck
962 1912 54 56 by
1038 1912 68 44 the

201 1973 242 55 profounder
493 1990 207 27 reverence
759 1974 40 43 in
849 1972 133 44 which
1038 1972 66 44 the

202 2032 138 44 Briton
386 2032 113 45 holds
550 2032 68 44 the
663 2032 132 54 genius
846 2032 43 44 of
935 2032 133 56 Byron
1085 2036 19 39 ?

200 2093 131 44 When
362 2110 81 39 you
473 2103 109 34 enter
612 2093 29 42 it
671 2092 98 43 does
798 2102 68 33 not
920 2091 66 45 the
1031 2093 48 42 im-

201 2154 171 55 pression
404 2152 165 45 become
600 2170 26 26 a
656 2153 255 43 conviction?

624 2241 45 44 O

205 2335 31 98 I
273 2326 163 55 thought
467 2325 43 45 of
532 2324 85 45 Wu
638 2323 193 54 Tao-tzu,
857 2323 67 44 the
944 2332 161 46 greatest

271 2387 44 44 of
346 2386 51 45 all
429 2386 173 45 Chinese
632 2396 170 36 masters,
823 2384 42 43 of
892 2383 135 44 whom
1043 2399 63 26 we

198 2464 68 27 are
297 2446 85 45 told
412 2446 52 44 he
504 2462 82 27 was
615 2455 84 33 sent
730 2445 54 55 by
815 2444 67 43 the
915 2443 191 55 Emperor

195 2518 44 33 to
266 2509 110 54 paint
408 2506 67 45 the
496 2522 161 38 scenery
687 2504 45 43 of
761 2522 24 25 a
816 2505 143 42 certain
990 2504 113 42 river.

261 2567 74 43 On
365 2566 60 44 his
454 2577 146 36 return,
617 2576 41 32 to
678 2562 230 57 everyone's
927 2564 176 53 surprise,

197 2625 55 45 he
282 2627 81 44 had
396 2643 54 27 no
480 2624 176 45 sketches
677 2634 41 33 to
739 2624 129 43 show.
924 2622 17 26 n
965 2621 14 44 I
1002 2622 102 43 have

195 2688 33 42 it
259 2685 52 45 all
332 2686 16 26 n
355 2719 10 17 ,
397 2686 51 44 he
478 2685 99 49 said,
650 2686 40 40 in
721 2700 66 39 my
817 2683 108 43 heart
950 2680 15 26 n
970 2714 12 12 .

199 2796 149 99 FOR
363 2789 73 45 less
450 2789 94 44 than
566 2788 86 50 this,
675 2787 15 44 I
713 2786 149 49 mused,
885 2786 76 43 fine
982 2786 122 42 artists

304 2852 40 42 in
376 2849 162 56 Europe
558 2848 103 45 have
683 2848 102 43 been
805 2846 127 44 called
953 2845 151 43 thieves

203 2909 82 45 and
328 2909 243 45 mbeciles....
604 2908 60 44 for
696 2907 57 44 far
784 2906 86 45 less.

202 3019 151 102 BUT
386 3013 67 44 the
483 3014 93 43 time
616 3028 91 38 may
737 3010 104 45 have
885 3027 100 37 gone
1030 3008 69 56 by,

301 3071 262 56 me-thought,
580 3071 117 44 when
715 3071 93 55 they
823 3069 80 44 will
918 3070 183 43 continue

198 3146 42 33 to
271 3134 94 44 bear
396 3135 30 42 it
456 3132 97 45 with
593 3132 252 54 impunity....
889 3146 99 38 gone
1030 3128 68 56 by.

804 3219 55 44 N.
893 3237 43 26 or
969 3218 65 45 M.

2147 216 5 7 S
2152 211 10 10 J

1154 232 263 156 NOW
1463 229 153 66 these
1685 247 115 49 two
1847 230 176 85 things
2090 233 145 67 have
2281 251 57 49 to
2383 233 75 67 be
2501 235 174 66 learnt
2719 235 77 85 by
2841 265 62 39 us
2955 242 54 61 in

1341 317 95 64 the
1482 318 269 66 Theatre.

1291 406 274 83 Anyhow
1611 412 55 61 in
1710 408 94 65 the
1850 408 267 78 Theatre,
2167 439 139 39 even
2352 414 40 65 if
2435 413 263 67 nowhere
2743 416 129 66 else.

1275 494 97 65 It's
1417 515 96 47 not
1562 497 92 65 the
1698 497 109 66 first
1853 503 128 61 time
2025 526 90 40 we
2161 502 144 66 have
2349 503 118 64 said
2514 531 81 38 so.

1277 583 196 68 When
1519 613 91 40 we
1654 588 153 64 cried
1927 590 162 84 Long
2134 591 106 66 live
2284 592 94 66 the
2409 591 183 84 King!
2698 620 137 38 even
2866 594 142 66 calm

1162 672 110 65 and
1318 672 189 85 kindly
1553 676 355 81 Englishmen
1955 679 134 80 (one
2133 684 56 61 in
2225 681 310 83 particular,
2585 682 21 65 I
2653 682 353 83 remember),

1158 764 273 63 muttered
1576 765 348 83 Sycophants
2244 770 80 65 So
2400 770 176 65 bustle
2645 771 188 75 about,
2893 798 114 57 you

1158 851 134 66 who
1339 853 108 64 feel
1493 853 107 66 like
1643 855 140 74 that,
1832 855 112 66 and
1990 874 91 65 get
2126 863 40 61 it
2195 877 96 47 out
2338 860 57 64 of
2437 887 131 54 you.

1271 939 195 69 When
1512 969 90 41 we
1647 945 222 65 insisted
1929 973 72 38 on
2061 945 95 68 the
2199 967 324 63 paramount
2565 953 337 79 importance
2947 952 60 64 of

1158 1030 329 77 obedience,
1557 1034 113 65 and
1793 1035 234 67 without
2071 1043 323 79 attempting
2439 1056 59 48 to
2541 1039 138 65 form
2728 1067 107 55 any
2881 1046 92 77 opi-

1155 1123 130 62 nion
1329 1123 60 64 of
1431 1149 140 55 your
1615 1150 131 40 own
1866 1151 59 38 as
1971 1142 58 48 to
2075 1127 249 66 whether
2385 1127 94 65 the
2524 1128 187 65 orders
2755 1156 112 55 you
2913 1147 93 64 get

1154 1239 94 37 are
1294 1215 108 78 just
1469 1239 63 38 or
1601 1240 74 41 no
1720 1241 92 42 we
1858 1241 151 40 were
2052 1235 113 47 met
2223 1218 79 83 by
2347 1220 214 81 squeals
2606 1220 139 64 from
2791 1248 36 36 a
2870 1220 134 64 little

1153 1326 175 57 group
1375 1301 119 65 that
1524 1302 132 65 took
1700 1303 141 64 itself
1887 1306 347 83 seriously....
2269 1306 111 65 and
2411 1307 102 65 still
2543 1307 136 65 does
2710 1336 81 46 so,
2824 1335 143 56 grum-

1151 1390 149 82 bling
1345 1391 69 64 all
1461 1390 93 66 the
1600 1396 148 62 time.
1784 1392 168 84 They
1982 1395 95 66 felt
2122 1396 119 65 that
2286 1396 139 66 their
2454 1424 201 57 proper
2700 1397 157 83 pride
2886 1399 115 64 had

1150 1496 57 49 to
1327 1507 166 57 argue
1536 1481 96 66 the
1675 1486 153 79 point

1262 1570 110 66 But
1417 1598 131 39 now
1595 1573 165 66 when
1804 1576 41 61 it
1888 1576 46 61 is
1980 1575 293 83 perceived
2303 1575 117 65 that
2467 1579 41 61 it
2552 1579 43 61 is
2642 1576 230 74 Nelson,
2905 1576 97 65 the

1149 1658 259 67 Nation's
1454 1659 186 76 Hero,
1687 1663 132 66 who
1866 1662 117 83 lays
2028 1664 171 66 down
2242 1664 154 65 these
2427 1682 115 48 two
2574 1665 140 65 rules
2759 1693 60 37 as
2865 1665 133 74 law,

1150 1750 244 83 possibly
1438 1777 101 38 our
1600 1752 200 66 friends
1847 1754 113 65 will
2006 1754 153 65 think
2203 1758 39 61 it
2289 1781 150 47 over,
2489 1756 110 63 and
2648 1757 19 62 1
2715 1756 147 82 hope
2905 1782 94 40 we

1150 1839 136 65 shall
1318 1841 71 64 all
1418 1839 112 66 find
1576 1842 151 81 good
1771 1870 155 38 sense
1971 1844 172 83 ready
2189 1861 58 48 to
2291 1844 130 83 help
2467 1871 61 38 us
2575 1862 59 47 to
2678 1844 198 67 realize
2905 1844 94 67 the

1149 1928 151 84 good
1345 1956 154 38 sense
1541 1933 56 61 in
1643 1931 95 65 the
1781 1932 135 65 rule.

1263 2018 113 66 For
1422 2020 105 64 this
1572 2024 43 60 is
1659 2021 96 66 the
1799 2025 253 62 situation
2072 2050 82 38 :...

1263 2107 132 66 The
1426 2109 247 66 Theatre
1705 2112 59 63 of
1794 2111 259 83 England
2098 2116 43 60 is
2187 2115 54 61 in
2287 2138 34 37 a
2366 2138 152 38 more
2548 2110 286 67 wretched
2865 2137 99 38 con-

1150 2198 172 66 dition
1353 2199 131 65 than
1507 2225 90 40 we
1628 2227 128 37 care
1786 2201 195 64 about.
2076 2201 315 64 Pessimism
2421 2205 45 60 is
2498 2218 95 46 out
2623 2203 58 61 of
2711 2201 94 63 the
2835 2227 130 56 ques-

1148 2292 133 60 tion.
1378 2288 195 64 Good-
1600 2289 226 83 healthy
1872 2317 128 56 rage
2044 2293 45 61 is
2134 2290 155 65 what
2335 2311 92 44 we
2472 2289 73 65 all
2576 2290 105 62 feel
2711 2289 135 66 who
2875 2289 126 65 love

1150 2378 94 63 the
1289 2375 95 65 old
1432 2377 335 66 Theatre....

1262 2465 170 83 Rage
1477 2472 209 77 against
1733 2467 155 65 these
1934 2465 303 86 grumbling
2291 2467 290 72 nobodies,
2628 2468 155 62 these
2828 2471 143 77 pessi-

1151 2558 149 62 mists
1348 2556 135 66 who
1527 2557 183 82 prefer
1759 2573 58 47 to
1863 2584 92 38 see
2000 2556 94 64 the
2156 2557 211 63 theatre
2429 2556 136 64 sunk
2612 2556 132 63 than
2789 2572 90 64 get
2924 2580 77 57 up

1149 2645 114 66 and
1294 2643 150 84 obey
1474 2646 218 66 orders:
1727 2646 134 66 who
1892 2646 112 66 will
2049 2673 71 54 go
2166 2662 60 49 to
2272 2673 109 55 any
2425 2645 211 82 lengths
2683 2662 56 46 to
2772 2646 227 80 hamper

1149 2737 276 80 genius,...
1474 2736 132 66 who
1652 2736 113 66 will
1809 2736 77 65 be
1931 2735 273 65 obstinate
2250 2763 60 38 as
2347 2735 171 65 mules
2550 2761 61 39 or
2641 2751 114 49 cats
2786 2732 215 66 instead

1146 2826 59 66 of
1249 2825 202 82 willing
1496 2826 106 66 like
1648 2827 185 64 horses
1880 2853 63 38 or
1988 2825 157 82 dogs.

1262 2915 94 64 It's
1427 2914 95 67 the
1591 2916 180 65 rather
1833 2915 181 66 clever
2075 2915 200 84 people
2335 2914 135 66 who
2531 2940 95 39 are
2686 2913 196 83 mostly
2942 2930 59 49 to

1145 3003 248 67 blame...

1259 3094 256 83 Healthy
1562 3094 335 81 out-spoken
1959 3093 417 65 dissatisfaction
2420 3093 137 66 with
2603 3120 98 36 our
2745 3093 167 63 home
2957 3095 44 61 is

1145 3210 107 38 one
1320 3183 190 83 thing:
1557 3183 102 65 but
1704 3182 277 82 sneaking,
2046 3182 269 65 obstinate
2359 3186 309 78 opposition
2714 3184 53 63 in
2813 3181 189 66 which

1144 3273 96 65 the
1286 3274 147 65 chief
1499 3300 242 56 weapon
1809 3277 44 61 is
1913 3276 530 78 misrepresentation
2503 3274 58 63 of
2621 3271 71 66 all
2738 3272 94 63 the
2877 3271 124 64 best

1143 3363 182 65 efforts
1371 3367 55 61 in
1472 3363 96 66 the
1612 3363 249 65 Theatre
1911 3363 112 65 and
2067 3363 97 65 lies
2209 3362 174 65 about
2428 3388 100 39 our
2575 3370 121 57 best
2731 3389 126 37 men
2888 3360 113 66 and

1143 3480 285 40 women...
1461 3452 107 66 this
1614 3457 43 61 is
1703 3452 223 82 nothing
1973 3452 99 65 but
2118 3451 315 75 damnable,
2467 3452 113 64 and
2625 3469 144 66 steps
2801 3450 200 66 should

1141 3542 73 65 be
1262 3542 165 65 taken
1473 3559 59 48 to
1586 3541 225 66 ridicule
1842 3544 104 63 this
1993 3560 111 47 sort
2150 3544 57 63 of
2251 3542 151 82 thing
2448 3541 79 84 by
2559 3568 166 56 every
2754 3540 247 65 member

1141 3634 59 63 of
1243 3634 95 63 the
1384 3634 228 81 English
1657 3634 188 81 Stage.

1256 3723 118 65 We
1404 3723 168 66 know
1605 3751 152 35 some
1794 3722 60 63 of
1884 3722 94 63 the
2007 3722 202 82 people
2240 3720 133 65 who
2404 3720 161 65 make
2597 3747 95 37 use
2729 3722 56 62 of
2815 3723 154 61 misre-

1138 3817 370 77 presentation
1532 3813 112 65 and
1668 3814 96 64 lies
1794 3829 59 47 to
1875 3812 157 64 harm
2063 3840 99 36 our
2185 3812 226 81 English
2443 3812 187 80 Stage,
2665 3810 110 65 and
2806 3810 195 65 whose

1141 3902 187 66 whole
1369 3904 174 80 pitiful
1590 3907 94 79 joy
1729 3907 54 60 in
1830 3903 89 64 life
1966 3907 44 60 is
2057 3920 57 47 to
2160 3902 74 63 be
2279 3907 54 58 in
2381 3930 33 35 a
2460 3920 138 45 state
2645 3902 57 62 of
2747 3901 218 63 insubor-

1140 3992 248 65 dination
1436 3997 208 79 against
1691 3993 71 64 all
1795 3992 188 65 which
2015 3996 187 60 strives
2234 4010 58 46 to
2324 3995 170 61 attain
2526 4010 57 46 to
2615 3991 177 63 better
2823 3989 176 83 things

1143 4083 110 65 and
1300 4111 33 36 a
1380 4100 248 66 stronger
1658 4086 165 62 union
1870 4083 60 64 of
1976 4108 125 39 men
2147 4082 112 65 and
2306 4109 221 38 women
2574 4081 132 63 bent
2752 4108 72 35 on
2855 4097 142 47 esta-

2376 4167 230 45 Continued
2634 4185 49 25 on
2715 4181 105 40 page
2852 4166 83 45 49.
