3142 4493
157 1827 333 99 THE
596 1822 1390 104 AMPHITHEATRE
2118 1827 198 97 OF
2438 1827 500 101 POLA.

167 2027 222 74 JTALY,
437 2022 125 55 with
620 2022 84 56 the
764 2025 275 54 restitution
1098 2024 50 54 of
1187 2025 83 54 the
1311 2025 217 56 Eastern

173 2092 27 57 I
211 2096 172 55 shores
422 2095 52 56 of
512 2096 83 56 the
635 2096 259 65 Adriatic,
931 2121 120 33 won
1090 2097 132 57 back
1274 2098 69 72 by
1382 2098 144 55 those

164 2170 174 54 heroic
378 2185 169 54 troops
587 2171 120 54 who
747 2171 128 54 have
924 2196 56 31 so
1033 2172 232 69 worthily
1314 2172 208 56 revived

163 2247 85 51 the
290 2257 137 57 great
465 2244 261 54 traditions
754 2244 52 54 of
832 2244 84 54 the
944 2246 202 53 Roman
1185 2246 215 71 legions,
1430 2270 96 30 can

163 2318 149 73 again
351 2317 215 56 number
605 2341 53 32 as
703 2317 89 54 her
832 2341 120 32 own
978 2332 84 57 yet
1089 2319 209 55 another
1325 2321 203 53 ancient

162 2391 211 63 theatre,
418 2436 73 12 ....
524 2391 100 55 and
684 2391 104 55 that
828 2415 100 33 one
968 2392 53 56 of
1072 2392 85 56 the
1217 2393 306 57 loveliest....

162 2464 85 56 the
290 2479 141 58 great
470 2465 399 72 Amphitheatre
910 2465 51 56 of
1001 2467 145 57 Pola.

273 2540 129 56 This
444 2540 415 72 Amphitheatre,
921 2542 200 56 smaller
1164 2542 119 56 than
1321 2543 106 56 that
1476 2543 52 56 of

162 2614 186 65 Rome,
392 2628 85 57 yet
516 2614 147 56 holds
705 2639 29 31 a
775 2615 245 74 dignified
1081 2619 217 69 position
1350 2619 51 53 in
1441 2617 85 55 the

162 2688 264 72 hierarchy
464 2689 53 55 of
555 2689 470 71 amphitheatres,...
1076 2690 201 70 (Aries,
1322 2692 201 64 Nimes,

160 2763 234 66 Verona,
426 2763 251 72 El-Djem
705 2766 51 54 in
783 2764 180 66 Tunis,
994 2765 101 56 and
1124 2765 84 56 the
1250 2766 123 69 rest)
1397 2792 11 39 ;
1441 2780 86 42 not

160 2838 192 72 merely
392 2839 73 56 for
505 2841 59 54 its
605 2841 119 64 size,
766 2839 89 57 but
914 2841 74 55 for
1044 2844 60 52 its
1171 2841 97 56 fine
1310 2855 126 42 state
1476 2841 51 56 of

162 2915 367 70 preservation.

276 2987 83 58 M.
403 2987 66 58 de
512 2987 222 66 Nolhac,
767 2989 37 38 (I)
846 2991 198 71 writing
1071 2991 50 54 in
1178 2990 153 65 1882,
1375 3014 148 48 says:

225 3087 102 33 non
353 3062 127 71 qu'il
503 3064 73 56 les
599 3062 222 73 depasse
837 3088 65 32 en
924 3065 238 56 etendue.
1178 3065 103 56 Les
1302 3089 222 32 mesures

224 3136 70 57 de
345 3161 88 32 son
474 3137 160 71 elipse
675 3161 63 32 ne
779 3139 301 72 s'eloignent
1121 3163 152 49 guere
1315 3140 93 56 des
1447 3139 52 55 di-

225 3215 253 53 mensions
524 3212 230 57 relevees
795 3214 127 55 dans
952 3239 86 30 ces
1066 3215 254 56 differents
1349 3239 140 32 monu-

225 3301 178 42 ments.
447 3287 36 55 II
525 3286 105 57 leur
671 3302 76 41 est
788 3291 261 69 superieur
1088 3304 190 42 surtout
1340 3314 89 47 par
1477 3288 47 56 le

225 3361 329 58 merveilleux
606 3377 103 41 etat
769 3363 67 56 de
896 3366 350 55 conservation
1306 3365 67 56 de
1434 3389 92 32 son

225 3438 252 56 enceinte.
494 3436 94 57 Vu
613 3436 68 57 du
703 3436 202 67 dehors,
930 3437 112 57 cela
1057 3455 159 54 parait

276 3512 85 56 As
402 3512 73 56 for
520 3512 84 56 the
665 3512 120 56 date
845 3513 52 56 of
955 3517 60 53 its
1056 3514 313 67 foundation,
1413 3539 110 48 says

166 3586 311 57 Stancovich
506 3588 46 37 (2)
577 3611 10 39 ;
698 3587 115 56 Our
854 3588 363 71 amphitheatre
1268 3603 131 42 must
1457 3582 67 63 be

225 3661 224 57 referred
491 3661 132 55 back
662 3677 50 41 to
740 3662 85 57 the
854 3662 129 57 sixth
1011 3677 207 58 century
1245 3664 52 56 of
1324 3664 198 64 Rome;

226 3735 105 56 that
369 3739 40 54 is
450 3761 29 32 a
520 3752 208 57 century
767 3737 101 57 and
908 3762 139 32 more
1088 3741 233 68 previous
1349 3753 51 42 to
1439 3738 85 56 the

226 3813 192 70 empire
459 3812 52 56 of
550 3813 289 74 Augustus,
881 3837 55 32 or
988 3814 136 55 1900
1164 3838 143 47 years
1347 3813 177 57 before

226 3887 86 55 the
352 3902 203 56 present
596 3888 102 71 day
798 3888 57 71 (i.
900 3912 47 33 e.
1000 3889 180 70 1822).

277 3963 112 56 We
447 3962 205 57 believe
710 3986 83 33 we
853 3987 96 32 can
1008 3988 119 31 now
1183 3978 122 41 trust
1350 3978 51 41 to
1439 3964 87 55 the

255 4121 41 39 (1)
323 4120 227 31 STANISLAS
577 4128 54 23 DE
657 4121 188 31 NOLHAC.
873 4121 59 30 La
958 4121 207 39 Dalmatie,
1186 4122 73 31 Les
1283 4122 74 31 lies
1381 4121 126 32 lohien-

162 4174 77 29 nes,
264 4165 167 31 Athenes
455 4167 36 29 et
514 4167 33 29 le
570 4167 110 29 Mont
703 4166 135 30 Athos.
883 4167 61 38 (E.
972 4165 93 33 Plon
1091 4166 34 32 &
1149 4167 82 33 Cie.
1262 4166 118 39 Paris,
1414 4166 112 43 1882).

254 4210 47 39 (2)
329 4211 276 37 STANCOVICH,
632 4210 321 39 DelVAnfiteatro
978 4212 41 31 di
1040 4212 107 32 Pola.
1174 4212 179 37 Venezia,
1381 4214 93 29 1822.

1576 2018 174 56 Italian
1791 2020 186 63 nation,
2021 2044 55 30 so
2115 2018 193 72 jealous
2349 2020 101 56 and
2491 2045 56 32 so
2586 2024 163 68 proud
2789 2024 51 55 of
2880 2027 59 54 its

1575 2109 142 59 great
1800 2093 243 73 heritage,
2111 2095 233 71 worthily
2407 2110 52 41 to
2530 2120 236 47 preserve
2844 2100 93 57 this

1574 2166 240 72 splendid
1874 2181 292 42 monument
2213 2168 53 56 of
2304 2168 163 74 larger
2506 2170 125 72 days
2672 2195 134 49 gone
2849 2173 85 73 by,

1573 2266 56 31 so
1670 2266 54 29 as
1764 2256 51 39 to
1856 2242 67 55 be
1964 2265 140 32 some
2144 2242 156 74 guide
2341 2243 74 56 for
2454 2244 142 56 those
2642 2247 116 56 who
2819 2247 116 57 look

1574 2316 75 54 for
1688 2314 84 55 the
1814 2330 140 57 great
1993 2316 125 69 days
2158 2316 52 55 of
2250 2317 83 54 the
2375 2317 202 58 Future.

1579 2403 126 125 SO
1744 2389 153 55 much
1935 2389 75 56 for
2049 2389 138 57 what
2227 2415 82 33 we
2350 2391 221 59 believe.

1739 2464 141 56 Now
1919 2463 75 56 for
2034 2464 138 56 what
2211 2490 83 31 we
2341 2465 121 58 fear.

1687 2538 110 56 We
1850 2537 105 55 fear
2012 2562 118 33 now
2181 2539 103 56 that
2323 2540 228 66 Culture,
2599 2566 57 32 or
2694 2543 85 57 the
2810 2543 93 58 edu-

1573 2614 169 53 cation
1783 2612 51 55 of
1875 2612 82 55 the
2017 2637 189 32 masses
2266 2617 41 53 is
2359 2628 51 42 to
2464 2615 65 56 be
2584 2619 348 73 encouraged,

1574 2686 126 69 (and
1740 2711 82 31 we
1864 2686 101 56 had
2024 2688 174 71 fondly
2256 2688 246 57 dreamed
2561 2716 82 31 we
2697 2717 138 32 were
2886 2709 49 41 at

1574 2786 105 31 war
1719 2777 49 39 to
1810 2777 89 56 put
1938 2761 105 56 that
2083 2763 195 68 down),
2321 2788 82 32 we
2443 2789 115 47 may
2612 2783 185 56 expect
2838 2793 97 48 any

1574 2835 102 72 day
1734 2850 51 41 to
1843 2859 88 32 see
1989 2836 84 55 the
2134 2838 429 73 Cinematograph
2603 2841 238 58 installed
2883 2846 51 54 in

1574 2911 84 55 the
1700 2910 393 72 Amphitheatre
2134 2928 50 39 at
2224 2913 144 55 Pola.

1687 2985 149 72 Why
1856 2993 80 49 ?...
1966 2986 232 56 Because
2257 3001 50 41 to
2354 3004 211 55 prevent
2604 3014 29 32 a
2672 2990 84 57 foe
2808 2991 126 57 from

1574 3062 226 70 entering
1839 3060 85 56 the
1965 3061 183 70 capital
2189 3085 99 47 you
2314 3076 130 42 must
2472 3079 85 41 not
2584 3067 120 54 wait
2730 3065 75 57 for
2830 3066 103 57 him

1573 3147 50 41 to
1664 3159 146 30 come
1851 3159 68 47 up
1959 3149 51 42 to
2049 3135 84 56 the
2173 3136 144 56 walls
2356 3136 102 57 and
2501 3137 165 59 knock
2694 3140 102 57 and
2824 3144 109 72 ring

1573 3208 83 56 the
1697 3208 104 56 bell
1827 3234 10 32 :
1880 3234 99 47 you
2018 3225 130 41 must
2187 3211 134 72 keep
2372 3211 104 57 him
2512 3214 88 54 the
2641 3215 142 56 other
2821 3217 113 56 side

1573 3283 52 56 of
1664 3283 84 56 the
1791 3285 248 56 Frontiers
2063 3311 71 32 :...
2177 3286 101 56 and
2317 3301 52 42 to
2408 3287 69 56 do
2516 3288 104 56 that
2666 3314 98 47 you
2803 3307 131 41 must

1574 3358 143 56 show
1757 3382 221 51 courage
2018 3360 100 55 and
2159 3384 91 33 use
2290 3361 65 56 all
2396 3385 124 48 your
2557 3386 279 37 resources.

1683 3432 120 57 The
1843 3434 217 56 Cinema
2100 3437 40 55 is
2180 3436 85 56 the
2305 3452 153 41 worst
2485 3461 181 50 enemy
2693 3441 247 57 mankindl

1573 3532 118 32 ever
1729 3508 121 66 had,
1891 3509 102 56 and
2034 3509 37 58 if
2109 3512 36 55 it
2182 3512 41 55 is
2276 3511 226 57 allowed
2561 3528 49 41 to
2669 3514 263 59 devastate

1572 3607 88 32 our
1700 3583 181 66 minds,
1923 3600 50 40 to
2013 3584 136 56 flood
2201 3586 124 55 with
2364 3588 61 55 its
2464 3587 286 74 vulgarities
2798 3591 132 70 (and

1572 3659 35 54 it
1648 3657 167 56 boasts
1869 3682 152 48 every
2065 3658 287 76 vulgarity),
2401 3661 84 55 the
2537 3677 144 51 taste,
2723 3663 205 75 feeling,

1573 3732 136 75 good
1750 3757 148 32 sense
1950 3737 52 53 of
2058 3734 85 56 the
2203 3735 222 73 Peoples
2464 3737 52 56 of
2552 3738 86 56 the
2680 3738 173 67 Earth,
2895 3743 38 53 it

1573 3807 104 57 will
1716 3808 71 56 do
1827 3808 124 57 such
1993 3824 138 59 great
2171 3809 137 57 harm
2360 3826 51 40 to
2463 3812 65 56 all
2567 3813 165 75 things
2773 3840 54 31 as
2867 3840 66 31 no

1572 3906 105 33 war
1716 3883 174 56 would
1931 3907 122 33 ever
2091 3884 67 56 be
2199 3884 117 57 able
2356 3901 51 40 to
2446 3903 210 42 correct.

1686 3956 150 58 Take
1876 3982 117 33 care
2147 3958 150 58 Take
2338 3967 143 50 care!

1684 4031 276 75 Vulgarity
2004 4034 196 71 poured
2239 4049 87 42 out
2364 4035 212 75 through
2603 4036 83 58 the
2716 4039 217 56 Cinema

1573 4109 42 54 is
1654 4106 237 59 destined
1932 4123 51 42 to
2022 4109 154 57 damn
2222 4110 237 57 mankind
2499 4113 36 56 if
2575 4137 97 48 you
2721 4113 68 57 do
2846 4130 88 41 not

1574 4181 114 56 take
1729 4207 117 31 care
1883 4183 100 57 and
2012 4199 213 56 steps,...
2255 4200 134 57 steps
2416 4202 51 40 to
2495 4203 209 55 prevent
2731 4190 37 55 it
2793 4213 136 33 now.
