2194 3726
330 443 68 45 Le
433 442 235 59 reproche
706 441 210 47 absurde
946 441 108 46 n'en
1090 454 72 34 est
1193 461 93 40 que
1308 442 110 58 plus
1440 444 308 50 intéressant,
1775 442 143 59 qu'on
1941 441 41 45 le

212 512 145 45 fasse.

298 592 241 44 Lemaître
565 594 83 56 qui
663 590 54 46 lit
732 590 43 45 le
792 591 340 44 lieu-commun
1145 590 242 54 d'Ohnet,
1409 590 70 45 s'il
1495 590 42 45 le
1555 590 127 45 lisait
1700 593 131 42 aussi
1847 602 110 32 natu-

212 670 247 45 rellement
482 670 257 59 qu'Ohnet
766 670 59 45 l'a
847 672 133 50 écrit,
1007 690 59 25 ne
1084 674 350 55 remarquerait
1451 690 87 39 pas
1559 670 273 59 davantage
1864 681 124 33 cette

210 749 176 59 phrase
405 768 94 41 que
516 749 44 45 la
578 749 179 59 phrase
774 768 62 26 ou
859 749 43 45 le
920 761 101 33 mot
1038 749 75 45 d'à
1129 752 124 43 côté.
1273 750 138 45 Mais
1434 750 33 44 il
1487 750 108 45 faut
1615 752 233 56 Imaginer
1876 748 116 60 qu'il

211 829 47 44 la
280 828 195 46 détaille
494 827 202 47 d'abord
713 841 49 33 et
779 848 59 25 en
862 828 208 60 quelque
1085 840 130 34 sorte
1233 829 189 59 l'épèle:
1441 829 194 45 soleil...
1663 830 114 44 c'est
1792 849 64 25 un
1881 848 82 26 cou-

210 907 113 45 cher
344 907 60 45 de
424 907 169 46 soleil.,
616 907 231 45 tableau..
873 907 142 45 Ainsi
1034 908 369 44 commence-t-il
1427 928 91 39 par
1535 928 58 25 en
1616 911 167 56 égarer
1808 908 43 44 le
1881 928 108 25 sens

208 986 252 53 véritable,
482 987 44 44 le
543 1006 109 25 sens
672 1007 64 24 un
750 989 83 57 qui
851 986 76 46 n'a
939 989 103 42 rien
1061 990 28 41 à
1103 989 106 43 voir
1221 1006 119 26 avec
1360 1006 51 26 ce
1431 988 208 44 coucher
1651 1000 47 32 et
1712 1007 51 25 ce
1778 987 210 45 tableau.

212 1066 130 45 Tout
365 1085 180 25 comme
567 1066 44 44 le
633 1066 313 45 malheureux
964 1078 337 43 commerçant,
1323 1067 121 45 dont
1466 1086 61 26 on
1547 1071 194 41 connaît
1758 1067 233 45 l'histoire

211 1157 47 32 et
291 1147 83 57 qui
409 1164 59 26 ne
506 1147 300 56 comprenait
835 1145 110 59 plus
975 1147 103 43 rien
1110 1166 95 24 aux
1235 1149 119 41 trois
1383 1159 171 46 quarts
1585 1146 85 45 des
1700 1158 123 33 mots
1848 1165 144 40 parce

206 1223 114 59 qu'il
353 1223 159 46 s'était
541 1223 143 46 laissé
708 1223 119 46 aller
860 1223 240 60 plusieurs
1130 1244 135 38 jours
1299 1228 28 41 à
1360 1224 279 46 considérer
1674 1239 47 31 et
1747 1228 195 56 répéter
1966 1228 28 41 à

207 1314 114 47 part
357 1302 130 46 leurs
527 1303 168 45 lettres
734 1315 47 33 et
828 1303 228 59 syllabes.
1112 1303 80 47 Or
1227 1303 33 46 il
1300 1304 43 45 le
1375 1316 229 34 retrouve
1642 1324 90 40 par
1780 1305 47 45 la
1868 1307 123 43 suite

210 1394 48 33 et
292 1382 123 54 déçu
437 1404 8 23 :
477 1400 16 18 «
524 1384 130 43 Tant
677 1382 58 47 de
759 1394 123 33 mots
901 1401 126 40 pour
1050 1385 39 43 si
1110 1403 95 39 peu
1229 1383 59 46 de
1313 1404 110 25 sens
1447 1408 36 29 »,
1513 1405 49 25 se
1585 1385 226 59 plaint-il.

331 1461 115 58 Que
479 1461 176 45 n'a-t-il
682 1464 254 56 remarqué
966 1474 107 33 tout
1104 1462 59 45 de
1193 1465 124 43 suite
1346 1464 116 59 qu'il
1494 1464 83 59 n'y
1608 1467 133 43 avait
1768 1484 88 39 pas
1883 1464 109 60 plus

209 1539 114 46 d'un
353 1552 101 33 mot
476 1540 20 45 ?
522 1540 138 46 C'est
689 1559 92 40 que
814 1540 44 44 le
891 1540 95 45 lieu
1014 1559 222 27 commun
1265 1561 58 26 ne
1352 1542 68 46 lui
1444 1545 118 43 était
1587 1563 88 39 pas
1703 1563 135 26 assez
1862 1544 107 45 habi-

209 1618 115 53 tuel,
350 1636 47 25 ne
425 1622 56 38 lui
499 1623 101 39 était
623 1636 76 38 pas
724 1636 116 25 assez
868 1621 78 40 Heu
973 1636 189 28 commun.
1195 1620 246 60 Lorsqu'il
1465 1623 160 57 ajoute
1649 1644 8 23 :
1688 1646 17 18 «
1734 1625 114 43 c'est
1872 1643 122 26 vous

208 1700 83 56 qui
326 1718 118 25 avez
477 1704 121 49 pensé
634 1698 43 44 le
704 1698 95 45 lieu
837 1717 220 27 commun
1095 1716 17 17 »
1164 1718 94 40 que
1289 1700 148 46 fait-il
1475 1721 93 40 que
1601 1702 60 45 de
1704 1704 175 57 rejeter
1912 1723 82 26 sur

210 1776 174 47 Ohnet
416 1796 53 26 sa
496 1796 180 40 propre
704 1776 174 46 bévue.

1073 1856 42 44 ❖

330 1931 166 46 Chose
519 1930 206 46 délicate
745 1950 93 40 que
856 1931 42 44 le
917 1932 82 57 jeu
1021 1930 66 46 du
1109 1929 218 59 langage.
1359 1926 87 47 On
1467 1923 212 47 l'entend
1699 1926 60 43 ici
1778 1925 209 57 grincer:

208 2030 79 25 ces
310 2011 130 45 lieux
463 2030 261 34 communs,
748 2011 202 59 phrases
971 2022 161 33 toutes
1158 2010 160 51 faites,
1347 2005 266 61 proverbes
1637 2015 48 34 et
1705 2015 134 34 toute
1870 2014 126 34 cette

207 2090 190 45 couche
426 2092 280 56 supérieure
738 2090 85 45 des
861 2102 143 40 mots,
1040 2088 174 47 Ohnet
1248 2087 69 45 les
1355 2086 211 54 comprend
1589 2086 27 39 d
1630 2100 71 25 une
1729 2091 113 34 autre
1877 2086 117 49 façon

207 2187 94 40 que
336 2189 59 24 ne
419 2169 91 44 fait
536 2169 257 44 Lemaître.
823 2168 80 47 Or
924 2168 47 45 la
995 2168 259 45 différence
1279 2178 48 32 et
1349 2165 43 44 le
1415 2164 169 46 défaut
1608 2175 120 33 vont
1750 2161 112 46 bien
1884 2161 110 59 plus

204 2247 232 59 profond,
457 2267 62 26 on
542 2248 43 44 le
612 2267 143 26 verra
778 2267 90 39 par
894 2247 46 45 la
960 2250 139 42 suite.

322 2327 149 57 (Sans
503 2328 114 58 quoi
643 2326 69 46 les
741 2329 245 43 aurait-on
1016 2325 150 45 voulu
1193 2324 176 45 cacher
1395 2325 133 43 aussi
1557 2324 116 49 vite,
1709 2333 46 33 et
1785 2339 112 26 sous
1927 2339 66 26 un

206 2405 239 59 reproche
468 2408 29 42 à
520 2405 66 45 tel
610 2408 138 56 point
774 2405 300 57 maladroit.)

329 2484 66 45 Et
421 2484 262 59 jusqu'aux
704 2496 125 34 mots
861 2483 70 46 les
964 2483 110 59 plus
1108 2482 193 59 simples
1336 2486 242 54 peut-être
1613 2491 47 33 et
1693 2478 269 46 essentiels.

330 2564 112 45 Une
466 2582 166 26 œuvre
655 2563 236 45 littéraire
915 2575 73 33 est
1004 2583 61 25 au
1089 2565 139 57 point
1251 2561 59 46 de
1333 2571 258 34 rencontre
1620 2559 111 45 d'un
1750 2560 246 43 caractère

208 2655 48 32 et
298 2641 142 46 d'une
472 2642 189 59 langue.
703 2642 80 46 Or
816 2642 111 45 telle
959 2645 189 55 époque
1186 2641 60 46 de
1279 2652 126 33 cette
1441 2640 173 58 langue
1646 2640 227 43 convient
1900 2657 95 25 aux

204 2721 385 60 lymphatiques,
618 2720 111 46 telle
752 2733 138 34 autre
924 2740 94 26 aux
1042 2720 209 45 violents
1275 2739 63 26 ou
1367 2739 95 25 aux
1493 2720 245 57 sanguins.
1772 2717 69 44 Le
1863 2716 105 45 fran-

206 2803 98 52 çais
338 2800 176 54 actuel,
550 2800 96 45 Ton
683 2812 119 47 peut
840 2819 239 40 supposer
1114 2799 117 60 qu'il
1263 2799 215 44 favorise
1519 2797 68 44 les
1622 2796 267 59 analystes,
1924 2796 70 44 les

207 2879 334 59 susceptibles,
562 2879 70 45 les
654 2881 228 58 inquiets.
908 2880 153 57 (Pour
1084 2890 125 33 cette
1238 2879 235 44 nécessité
1496 2876 59 45 de
1578 2894 205 41 pousser
1800 2874 194 59 jusqu'à

205 2959 49 44 la
275 2958 183 45 couche
481 2958 59 46 de
569 2958 201 60 langage
792 2958 48 46 la
861 2958 110 59 plus
988 2958 160 53 basse,
1181 2969 48 33 et
1258 2956 130 46 seule
1408 2956 289 57 commune.)
1723 2955 66 45 Et
1816 2955 179 45 Victor

209 3038 148 59 Hugo
397 3038 240 45 n'écrirait
668 3057 89 40 pas
795 3037 309 58 aujourd'hui
1133 3036 256 58 beaucoup
1423 3035 110 59 plus
1564 3054 94 40 que
1688 3034 43 44 le
1766 3037 140 39 Maître
1948 3036 45 40 de

207 3120 157 53 Forges.

1372 3247 195 45 JEAN
1633 3247 354 45 PAULHAN
