3182 4267
512 3675 71 56 20

496 373 328 57 allemande
867 389 140 57 type
1050 397 31 30 a
1124 370 56 57 la
1220 371 187 56 forme
1450 369 141 56 d'un
1636 383 261 58 segment
1939 366 76 57 du
2060 367 227 56 théâtre
2319 390 151 50 grec,
2503 366 146 56 dont
2677 366 51 55 le
2759 366 145 55 fond

500 460 323 55 seulement
863 474 88 39 est
993 461 166 70 garni
1200 458 71 54 de
1313 456 180 73 loges.
1528 456 116 55 Les
1676 458 201 69 parois
1906 454 277 56 latérales
2213 455 278 72 fuyantes
2523 468 384 39 concentrent

496 559 160 42 toute
686 545 328 55 l'attention
1048 568 99 31 sur
1175 543 55 56 la
1262 547 188 52 scène.

510 794 256 62 L'époque
1065 793 133 52 actuelle
1199 792 118 68 paraît
1318 787 316 54 infiniment
1681 784 134 72 plus
1859 783 320 72 complexe.
2232 780 361 73 Cependant
2640 804 74 32 on
2765 795 141 58 peut

486 902 46 47 y
586 875 304 56 discerner
942 874 156 56 deux
1152 873 339 63 tendances,
1548 870 146 58 dont
1746 870 18 54 1
1789 894 130 40 une,
1976 883 455 48 conservatrice,
2493 867 264 54 utilisant
2822 865 82 56 les

495 959 307 57 méthodes
857 959 80 56 du
994 959 173 56 siècle
1223 961 192 71 passé,
1470 981 72 30 ne
1597 957 310 53 manifeste
1962 978 229 31 aucune
2244 952 320 56 recherche
2612 950 292 74 profonde

495 1046 413 73 d'adaptation
937 1051 34 50 à
1001 1061 167 40 notre
1199 1060 207 57 temps.

499 1146 240 55 L'autre
782 1143 309 65 tendance,
1141 1155 323 43 nettement
1511 1140 523 62 révolutionnaire,
2085 1137 250 55 enrichit
2390 1160 136 30 sans
2582 1159 162 31 cesse
2801 1159 106 30 son

498 1232 346 70 expérience
875 1230 72 56 de
978 1230 57 54 la
1063 1227 298 56 mentalité
1390 1225 298 56 moderne.
1717 1225 65 54 Si
1811 1223 227 73 parfois
2070 1246 105 31 son
2204 1223 324 70 répertoire
2559 1222 167 70 puise
2757 1218 150 55 dans

496 1316 84 55 les
623 1340 238 31 œuvres
903 1315 80 56 du
1025 1316 191 71 passé,
1261 1338 96 30 ces
1407 1334 239 33 œuvres
1703 1324 132 40 sont
1890 1322 341 58 presentees
2281 1330 138 31 sous
2467 1330 78 31 un
2599 1319 206 58 aspect
2852 1320 54 38 et

498 1427 144 30 avec
679 1401 104 56 des
825 1424 247 50 moyens
1114 1422 251 50 propres
1407 1401 34 51 à
1483 1400 307 51 émouvoir
1817 1394 18 53 1
1859 1394 231 54 homme
2121 1391 38 56 d
2182 1391 251 65 aujourd
2456 1391 118 55 hui.
2607 1391 299 69 Ajoutons

498 1488 301 55 d'ailleurs
842 1512 114 48 que
1001 1510 63 32 ce
1108 1486 323 71 répertoire
1474 1496 88 41 est
1604 1495 232 41 surtout
1864 1479 273 54 alimenté
2168 1503 113 30 aux
2314 1500 238 32 sources
2583 1479 321 70 présentes,

498 1599 165 32 voire
693 1599 116 31 aux
837 1575 287 54 réformes
1157 1570 265 64 sociales,
1455 1592 222 33 comme
1709 1592 70 29 en
1812 1568 78 54 U.
1924 1568 72 53 R.
2030 1565 60 55 S.
2124 1565 59 55 S.

500 1673 48 55 Il
580 1672 219 56 semble
828 1670 175 74 qu'en
1034 1683 128 41 tout
1191 1691 99 32 cas
1318 1667 52 54 le
1402 1667 226 53 théâtre
1658 1687 276 32 nouveau
1958 1660 333 64 recherche,
2319 1662 236 52 suivant
2582 1658 324 54 l'ancienne

498 1759 299 64 tradition,
853 1757 51 54 le
962 1754 294 74 spectacle
1313 1750 180 58 établi
1549 1773 99 32 sur
1694 1749 105 56 des
1846 1748 176 56 bases
2076 1745 356 64 collectives,
2483 1745 151 54 ainsi
2687 1767 114 48 que
2855 1743 51 53 le

498 1858 298 42 montrent
847 1843 85 54 les
987 1856 316 39 tentatives
1364 1834 360 76 principales
1790 1833 105 56 des
1962 1830 218 75 grands
2248 1844 280 41 metteurs
2596 1852 71 31 en
2735 1851 172 32 scene

499 1945 496 56 contemporains.
1048 1926 49 54 Il
1139 1950 24 30 s
1187 1938 120 59 agit
1347 1946 153 50 pour
1547 1946 111 31 eux
1705 1921 73 54 de
1820 1921 147 53 faire
2013 1932 175 41 sortir
2227 1917 18 53 1
2268 1931 196 39 action
2507 1913 285 56 theatrale
2836 1912 71 56 de

498 2016 17 55 l
540 2018 285 53 ancienne
910 2013 159 55 boîte
1101 2013 279 70 scénique
1422 2007 320 56 trilatérale
1860 2006 54 56 G
1940 2020 88 39 est
2067 2003 18 54 1
2109 2002 186 56 exode
2337 2001 72 56 de
2455 1998 334 57 Reinhardt
2829 2022 73 31 au

500 2104 221 69 cirque.
780 2098 168 58 C'est
1003 2093 387 75 Meyerhold,
1448 2095 101 71 qui
1597 2115 138 48 joue
1792 2114 136 31 sans
1981 2087 207 56 rideau
2257 2101 54 39 et
2377 2109 311 49 provoque
2756 2084 150 54 ainsi

500 2189 440 71 pratiquement
979 2184 57 53 la
1077 2181 365 56 destruction
1484 2177 73 56 de
1599 2177 56 55 la
1698 2180 188 52 scène.
1934 2176 100 55 Un
2076 2173 116 55 lien
2232 2186 428 56 ininterrompu
2697 2184 127 40 unit
2851 2168 56 54 la

503 2271 157 56 salle.
720 2271 131 56 Des
905 2267 277 65 modèles,
1233 2267 250 70 exposés
1535 2267 34 51 à
1616 2264 238 53 Vienne
1910 2285 70 29 en
2034 2258 151 64 1924,
2229 2272 144 40 vont
2437 2262 184 49 même
2671 2256 179 70 jusqu
2874 2256 33 51 à

500 2380 294 51 proposer
820 2356 57 55 la
908 2355 386 72 suppression
1324 2350 73 56 de
1425 2350 58 55 la
1511 2373 220 47 rampe.

505 2458 99 54 De
647 2457 207 66 façons
896 2453 285 62 diverses,
1213 2449 52 56 le
1307 2448 200 73 public
1550 2448 290 71 participe
1870 2458 130 40 tout
2028 2445 187 52 entier
2243 2465 72 31 au
2349 2439 324 73 spectacle;
2710 2438 38 53 il
2777 2435 131 56 aide

501 2548 202 57 même,
735 2543 118 51 très
885 2551 267 50 souvent,
1183 2539 32 51 â
1246 2537 165 53 créer
1437 2530 418 73 l'atmosphère
1886 2530 252 71 requise.

504 2641 102 54 Au
635 2641 169 71 point
832 2637 71 56 de
936 2661 110 31 vue
1077 2631 435 64 architectural,
1543 2629 57 56 la
1630 2628 143 56 salle
1803 2625 281 58 moderne
2114 2624 126 56 doit
2269 2632 121 47 être
2420 2623 389 71 l'expression
2838 2618 73 56 de

505 2750 97 32 ces
631 2723 199 56 divers
861 2725 348 53 caractères.
1246 2717 288 57 Utilisant
1562 2716 390 71 l'expérience
1982 2713 304 61 ancienne,
2319 2708 108 56 elle
2462 2706 258 73 reprend
2761 2728 152 50 pour

509 2836 105 31 son
658 2824 231 57 compte
932 2821 91 42 cet
1107 2806 186 71 esprit
1321 2802 71 56 de
1425 2799 326 58 sociabilité
1841 2797 104 56 des
1985 2796 174 56 salles
2201 2793 565 62 franco-italiennes,
2798 2791 115 54 afin

508 2895 274 58 d'établir
810 2893 52 55 le
893 2893 282 55 cohésion
1205 2904 163 40 entre
1399 2901 386 59 spectateurs,
1810 2881 445 75 indispensable
2286 2885 32 50 à
2347 2879 236 54 l'action
2616 2876 297 56 moderne.

513 2985 176 56 Dans
717 2982 56 55 la
802 2980 315 72 technique
1148 2976 71 56 de
1248 2976 407 71 l'expression,
1686 2984 262 59 peuvent
1977 2984 196 39 entrer
2201 2981 194 41 toutes
2424 2965 84 54 les
2536 2965 378 53 innovations

512 3067 280 75 capables
834 3064 353 72 d'amplifier
1214 3062 52 54 le
1293 3085 95 46 jeu
1416 3085 7 28 :
1456 3056 289 75 procédés
1788 3055 38 54 d
1850 3053 338 72 éclairages,
2227 3074 243 40 cinéma,
2500 3046 306 57 méthodes
2837 3045 79 55 du

510 3178 210 33 music-
725 3151 138 65 hall,
901 3165 106 40 etc.
1054 3149 173 54 Ainsi
1267 3170 76 31 au
1385 3145 257 55 Théâtre
1686 3140 240 72 Pigalle,
1971 3142 33 51 à
2055 3139 185 62 Paris,
2290 3136 55 55 la
2392 3135 243 54 lumière
2685 3131 231 57 colorée

512 3254 224 61 permet
774 3238 74 56 de
890 3249 202 60 porter
1133 3230 464 76 graduellement
1641 3225 417 72 l'atmosphère
2108 3224 325 53 extérieure
2481 3222 33 51 â
2556 3217 144 56 celle
2748 3216 72 55 de
2861 3215 56 54 la

506 3330 492 71 représentation.

512 3429 95 55 En
663 3440 184 48 outre,
901 3421 54 54 le
1006 3418 215 75 public,
1272 3440 115 49 que
1434 3414 52 55 le
1544 3415 226 54 cinéma
1878 3412 131 69 gâté
2144 3405 250 56 réclame
2443 3407 32 52 à
2525 3426 274 31 nouveau
2841 3423 76 32 un

513 3514 225 55 théâtre
768 3506 225 75 duquel
1034 3528 69 32 ne
1148 3504 113 55 soit
1303 3523 105 51 pas
1451 3498 168 56 exclu
1648 3497 52 53 le
1733 3493 310 74 spectacle.
2081 3488 388 76 Meyerhold,
2500 3511 110 48 par
2638 3484 279 72 exemple,
