3182 4267
460 3590 70 68 28

463 320 162 54 Pour
654 344 63 30 ce
749 321 102 71 qui
881 334 88 39 est
998 317 71 56 de
1100 317 408 74 l'acoustique,
1541 341 75 31 on
1647 331 208 50 aurait,
1893 341 71 30 en
1995 341 63 31 ce
2090 340 116 39 cas,
2237 339 242 32 recours
2509 339 75 30 au
2616 317 254 70 système

462 429 108 48 par
598 407 387 60 résonnance,
1016 402 84 55 les
1134 406 268 52 caissons
1445 406 161 51 étant
1647 402 274 69 disposés
1963 428 75 30 au
2080 400 245 75 plafond
2368 400 71 56 de
2480 400 57 54 la
2580 400 159 54 salle.
2786 400 84 54 Le

458 489 227 57 couloir
715 489 420 73 périphérique
1166 489 71 55 de
1268 489 226 55 celle-ci
1525 513 34 30 a
1588 513 78 30 un
1691 487 251 74 plafond
1964 503 258 49 continu,
2250 510 100 32 sur
2371 485 195 73 lequel
2590 500 281 39 viennent

459 599 59 31 se
550 574 274 54 réflechir
852 574 85 54 les
970 598 137 30 sons
1138 576 158 62 émis,
1329 598 153 48 pour
1511 580 121 48 être
1675 576 294 70 renvoyés
2011 571 149 56 dans
2202 571 57 55 la
2302 570 158 56 salle.
2508 571 116 54 Les
2667 594 202 48 parois

459 659 314 56 verticales
805 675 132 40 sont
969 684 180 41 unies,
1182 684 151 48 pour
1362 661 294 54 favoriser
1684 659 84 54 les
1798 659 166 54 effets
1995 658 72 55 de
2095 658 259 63 lumière,
2381 671 56 40 et
2461 670 133 41 sont
2613 655 256 56 rendues

459 745 413 56 absorbantes.

461 830 49 56 Il
539 847 89 39 est
658 830 262 73 possible
951 830 376 74 d'aménager
1355 830 148 56 dans
1545 854 115 32 une
1701 830 135 55 telle
1881 830 141 55 salle
2063 853 79 31 un
2185 832 177 52 écran
2405 826 222 73 simple,
2662 851 76 30 ou
2767 840 65 41 tn-

462 919 232 70 partite,
727 932 56 39 et
812 917 125 55 cela
967 922 33 50 à
1028 917 472 73 l'emplacement
1528 915 198 56 voulu.
1770 915 299 70 Ajoutons
2112 937 212 32 encore
2366 937 114 49 que
2516 928 129 39 tout
2674 936 64 30 ce
2768 936 102 48 qui

458 1018 88 40 est
590 1004 234 55 surface
867 1027 76 32 ou
985 1003 252 65 volume,
1281 1002 149 56 dans
1473 1026 77 30 un
1595 1004 72 52 tel
1696 1002 246 64 théâtre,
1973 1016 183 58 ayant
2187 1023 110 32 une
2328 998 362 56 destination
2731 997 136 55 bien

461 1092 246 70 précise,
731 1088 41 55 il
800 1113 76 31 va
905 1088 71 56 de
1009 1092 87 53 soi
1124 1113 80 49 qu
1228 1088 37 55 il
1296 1112 71 31 ne
1398 1102 142 57 peut
1569 1094 121 47 être
1721 1102 273 58 question
2024 1086 550 55 d'ornementation.

466 1248 51 56 Il
564 1273 149 31 nous
762 1253 191 69 paraît
1002 1248 181 74 qu'un
1227 1246 295 55 ensemble
1567 1248 150 52 ainsi
1759 1270 188 43 conçu
1996 1244 174 56 doive
2227 1252 120 48 être
2401 1242 310 57 favorable
2753 1266 116 30 aux

462 1338 505 69 représentations
1009 1334 73 56 de
1124 1346 417 61 groupements
1590 1331 109 56 tels
1748 1356 115 48 que
1915 1332 124 53 Het
2086 1329 365 58 Vlaamsche
2617 1352 75 32 ou
2744 1328 125 55 Het

463 1421 222 54 Niewe
710 1420 415 64 Volkstoneel,
1157 1442 108 50 par
1294 1416 280 73 exemple.
1604 1417 89 56 Ce
1723 1418 269 70 pourrait
2022 1423 119 47 être
2166 1440 112 32 une
2305 1430 155 40 sorte
2484 1413 72 56 de
2582 1412 285 56 standard

462 1508 34 52 à
537 1507 189 70 ériger
766 1503 148 57 dans
955 1505 85 54 les
1082 1519 228 41 centres
1354 1503 76 55 où
1472 1516 243 58 passent
1756 1525 97 32 ces
1895 1515 436 58 groupements.
2377 1500 84 54 Le
2503 1498 245 56 nombre
2792 1496 73 56 de

465 1591 199 72 places
694 1594 187 69 prévu
1013 1592 139 55 1000
1280 1588 221 56 semble
1531 1591 286 52 convenir
1846 1592 35 51 à
1910 1613 63 30 ce
2002 1587 124 55 but.
