3182 4267
2621 3827 101 57 21

221 915 581 71 SUPPLÉMENT
837 920 417 61 MENSUEL
1287 915 665 61 D'INFORMATION
1980 913 46 58 &
2057 915 104 56 DE
2199 910 503 66 TECHNIQUE

220 1144 501 81 QUATRIÈME
761 1149 290 61 ANNEE
1081 1146 483 69 (NOUVELLE
1597 1144 274 66 SERIE)
1899 1144 257 56 -1930.
2184 1172 22 12 -
2242 1139 371 58 NUMERO
2659 1139 42 56 2

224 1520 829 113 ENDUITS
1180 1515 115 111 &
1427 1505 1275 119 REVÊTEMENTS

237 1755 181 42 L'étude
441 1769 83 38 que
547 1754 95 41 l'on
665 1764 54 30 va
741 1751 78 42 lire
841 1750 73 42 fut
938 1748 125 44 écrite
1083 1762 80 40 par
1187 1748 40 43 le
1249 1745 223 52 distingué
1484 1744 230 53 ingénieur
1744 1741 189 54 français
1963 1741 197 42 Ch.-Ed.
2194 1739 91 49 Sée,
2314 1739 50 42 E.
2397 1738 52 43 C,
2482 1738 36 42 P
2521 1772 9 9 ,
2565 1738 76 41 On
2673 1748 27 37 y

229 1826 218 41 trouvera,
492 1830 54 28 en
591 1814 142 42 même
778 1825 141 39 temps
964 1810 169 55 qu'une
1177 1807 372 44 documentation
1588 1805 184 53 critique
1811 1804 301 45 intéressante,
2151 1800 126 44 l'avis
2317 1800 111 42 d'un
2471 1797 240 47 technicien

224 1877 314 53 expérimenté,
580 1876 219 42 touchant
841 1875 72 42 des
955 1872 230 54 questions
1228 1870 84 42 très
1350 1867 192 54 précises.
1567 1867 258 53 Rappelons
1847 1881 83 39 que
1951 1873 107 34 cette
2078 1863 128 43 étude
2225 1877 26 28 a
2268 1876 111 41 paru
2399 1876 84 28 une
2504 1859 208 52 première

229 1941 90 40 fois
350 1941 110 40 dans
491 1940 41 41 la
564 1951 129 29 revue
735 1953 21 25 «
792 1937 66 44 La
888 1933 326 45 Construction
1248 1932 221 45 Moderne
1495 1946 38 28 »,
1563 1929 134 45 Paris.

226 2076 255 42 PLATRE
522 2074 86 42 ET
651 2071 290 44 ENDUITS
983 2067 407 46 INTERIEURS.

296 2187 80 42 Les
405 2185 178 43 enduits
612 2185 22 41 à
666 2183 244 43 l'intérieur
940 2197 40 28 se
1008 2181 107 43 font
1145 2196 52 27 en
1228 2180 162 56 plâtre;

226 2264 70 27 car
322 2247 178 56 jusqu'à
526 2246 186 54 présent,
742 2260 60 27 on
831 2245 73 42 n'a
931 2258 78 41 pas
1034 2243 158 43 trouvé
1218 2241 172 46 mieux;

230 2311 138 41 même
403 2310 109 41 dans
547 2309 57 41 les
640 2307 174 55 régions
846 2305 278 56 dépourvues
1157 2304 51 43 de
1242 2318 149 41 gypse.

295 2384 74 41 On
395 2382 188 47 obtient,
610 2397 51 26 en
687 2380 120 47 effet,
837 2395 97 27 avec
960 2380 37 42 le
1019 2378 155 55 plâtre,
1201 2378 72 41 des
1298 2391 71 27 sur-

228 2446 113 41 faces
377 2445 136 45 unies,
550 2443 101 42 bien
689 2441 256 44 adhérentes
980 2455 86 41 que
1103 2455 51 27 ne
1189 2453 180 40 procure-

229 2507 140 42 raient
395 2521 77 38 pas
502 2507 57 41 les
589 2504 176 43 enduits
795 2505 22 41 à
848 2507 39 41 la
914 2504 146 41 chaux
1089 2501 216 56 auxquels
1333 2514 59 28 on

230 2570 97 40 doit
356 2583 39 27 se
425 2567 202 43 résoudre
656 2566 111 42 dans
794 2565 145 43 divers
964 2579 110 40 pays
1103 2577 40 31 et
1171 2563 79 56 qui
1278 2563 94 42 n'at-

230 2630 196 53 teignent
459 2644 84 27 une
573 2627 208 43 cohésion
813 2626 238 43 suffisante
1080 2639 85 42 que
1195 2639 79 41 par
1305 2624 92 42 leur

231 2692 198 53 mélange
459 2691 21 41 à
512 2691 71 41 des
614 2690 116 54 poils
759 2689 264 43 d'animaux
1052 2703 58 27 ou
1139 2688 23 41 à
1192 2688 73 42 des
1293 2686 82 44 fila-

230 2764 143 30 ments
411 2752 229 54 végétaux.
682 2751 58 41 Et
778 2765 167 29 encore,
987 2750 184 42 doit-on
1211 2759 186 44 presque

230 2814 208 52 toujours
465 2829 27 38 y
520 2814 173 52 ajouter
720 2828 86 27 une
832 2812 187 43 certaine
1045 2810 272 57 proportion
1345 2808 51 43 de

230 2876 153 54 plâtre,
419 2891 53 26 au
503 2875 147 42 moins
680 2876 110 41 dans
820 2873 191 43 l'enduit
1042 2872 129 44 final.

298 2950 80 42 Les
405 2949 176 42 enduits
609 2965 53 26 au
688 2949 141 53 plâtre
854 2960 84 31 ont
961 2947 247 54 cependant
1233 2961 62 28 un
1322 2944 49 43 dé-

231 3012 98 41 faut
359 3026 128 39 grave
523 3027 8 25 :
564 3010 108 43 celui
703 3010 306 53 d'incorporer
1038 3024 89 27 aux
1158 3022 122 29 murs
1312 3020 85 30 une

230 3074 116 41 forte
373 3073 203 54 quantité
604 3073 139 43 d'eau,
776 3073 114 41 dont
918 3086 60 27 on
1006 3086 52 27 ne
1086 3071 58 42 les
1170 3069 201 43 débarras-

232 3151 87 26 sera
350 3150 85 39 que
468 3134 253 43 lentement.
758 3133 37 42 Il
827 3133 101 43 faut
962 3133 116 41 deux
1112 3133 172 42 bonnes
1319 3145 52 28 an-

232 3196 95 42 nées
365 3196 109 42 dans
511 3196 57 42 les
606 3195 243 43 meilleures
886 3194 272 43 conditions.
1197 3193 58 43 Et
1291 3203 106 32 cette

232 3258 128 42 durée
380 3257 105 43 était
504 3257 102 42 bien
626 3257 103 54 plus
749 3257 164 54 longue
933 3266 136 33 avant
1091 3256 40 42 la
1152 3254 221 55 vulgarisa-

224 3320 97 44 tion
347 3318 59 42 du
428 3317 237 52 chauffage
684 3317 184 44 central;
894 3317 115 43 aussi
1029 3316 191 44 était-on
1242 3314 159 51 exposé

232 3397 87 27 aux
345 3382 184 52 dangers
555 3381 50 43 de
630 3379 271 44 l'humidité.
927 3380 42 42 À
992 3390 108 32 cette
1126 3379 169 54 époque
1321 3391 77 40 pas

232 3458 151 27 encore
419 3442 230 46 lointaine,
688 3443 31 42 il
757 3441 104 44 était
900 3441 188 43 difficile
1125 3441 50 42 de
1213 3450 186 32 recruter

231 3506 70 40 des
329 3504 224 42 locataires
579 3519 115 38 pour
731 3520 21 24 «
783 3518 172 39 essuyer
984 3504 58 41 les
1068 3502 163 56 plâtres
1263 3518 40 27 ».

300 3578 42 41 A
385 3577 262 47 l'extérieur,
693 3578 100 42 c'est
837 3577 113 42 aussi
994 3579 36 42 le
1072 3576 141 54 plâtre
1254 3575 142 54 qu'on

231 3640 246 52 employait
509 3640 109 41 dans
650 3639 39 41 la
720 3638 151 54 région
901 3638 248 54 parisienne
1179 3649 41 31 et
1251 3652 59 26 on
1343 3650 53 28 en

230 3701 150 41 faisait
411 3715 151 27 encore
593 3701 37 41 le
658 3700 184 42 mortier
869 3701 72 41 des
970 3714 135 28 murs.

1611 2067 74 40 On
1714 2065 63 42 lui
1804 2064 166 53 préfère
1997 2061 294 54 aujourd'hui
2317 2076 116 38 pour
2463 2058 249 43 l'extérieur

1544 2128 57 42 les
1623 2126 207 54 produits
1851 2124 322 54 hydrauliques
2194 2123 22 41 à
2236 2137 123 27 cause
2381 2121 51 43 de
2455 2121 39 42 la
2515 2119 198 57 porosité

1544 2190 59 41 du
1635 2189 140 54 plâtre
1807 2199 39 30 et
1879 2187 50 41 de
1961 2202 43 25 sa
2037 2184 228 43 solubilité
2298 2184 23 41 à
2355 2184 111 41 l'eau
2498 2181 209 57 pluviale.

1614 2262 114 42 Mais
1752 2262 109 40 dans
1888 2262 55 40 les
1967 2260 239 41 situations
2230 2257 195 45 abritées,
2453 2257 31 43 il
2509 2253 203 59 pourrait

1544 2325 86 43 être
1657 2325 109 41 d'un
1793 2324 93 41 bon
1914 2321 181 54 emploi.

1612 2398 254 44 D'ailleurs,
1903 2398 39 40 la
1974 2394 269 44 fabrication
2277 2394 60 41 du
2368 2391 155 55 plâtre,
2558 2389 155 54 depuis

1547 2462 254 52 longtemps
1830 2457 304 44 stationnaire,
2167 2455 145 54 paraît
2340 2455 85 41 être
2453 2469 51 26 en
2535 2453 98 42 voie
2662 2453 51 41 de

1545 2538 40 26 se
1614 2521 211 42 modifier
1849 2535 74 26 sur
1946 2519 71 42 des
2046 2519 118 41 bases
2189 2515 242 45 nouvelles.

1615 2595 189 54 Jusqu'à
1841 2593 186 53 présent,
2069 2594 35 41 le
2140 2591 141 54 plâtre
2319 2591 51 41 de
2407 2587 307 44 construction

1546 2657 240 43 s'obtenait
1812 2654 355 43 uniformément
2192 2668 52 27 en
2270 2651 221 43 calcinant
2516 2652 37 41 le
2579 2663 136 41 gypse

1547 2720 109 41 dans
1679 2719 35 42 le
1735 2730 104 42 type
1861 2718 82 41 très
1965 2716 151 42 ancien
2140 2716 72 40 des
2231 2712 304 44 fours-culées.

1615 2794 87 41 Des
1735 2791 242 43 recherches
2007 2805 116 38 pour
2152 2788 211 55 produire
2391 2797 108 33 cette
2528 2785 164 44 calcina-

1537 2856 97 41 tion
1656 2869 79 38 par
1756 2853 71 44 des
1847 2850 205 57 procédés
2072 2851 102 55 plus
2194 2848 328 53 méthodiques,
2550 2845 143 53 parais-

1547 2932 94 29 sent
1675 2932 74 26 sur
1779 2919 36 40 le
1847 2914 132 56 point
2011 2913 244 43 d'aboutir.

1615 2992 186 41 D'autre
1827 3001 113 41 part,
1970 2989 30 40 il
2028 2986 251 43 semblerait
2305 2987 135 54 qu'en
2469 2983 247 46 modifiant

1549 3055 57 40 les
1647 3052 313 53 températures
2000 3050 50 41 de
2088 3049 190 46 cuisson,
2320 3048 31 42 il
2391 3045 244 45 résulterait
2676 3044 40 41 la

1547 3113 248 56 possibilité
1830 3112 227 42 d'obtenir
2091 3112 71 41 des
2194 3110 163 54 plâtres
2392 3110 113 43 dont
2542 3108 57 43 les
2632 3107 56 42 du-

1549 3177 84 42 rées
1667 3176 50 42 de
1750 3175 112 54 prise
1895 3186 39 31 et
1967 3174 57 41 les
2056 3172 243 55 propriétés
2332 3170 267 43 différeront
2632 3167 84 44 très

1549 3238 328 43 sensiblement.

1617 3312 118 42 Mais
1762 3327 115 38 pour
1907 3311 36 41 le
1971 3310 187 53 présent,
2187 3309 103 41 c'est
2316 3321 151 28 encore
2495 3321 78 40 par
2605 3307 89 40 l'an-

1549 3375 149 42 cienne
1728 3373 270 42 fabrication
2030 3372 217 53 plusieurs
2278 3370 89 42 fois
2398 3368 202 43 séculaire
2633 3380 83 41 que

1550 3438 92 41 l'on
1674 3435 186 55 produit
1891 3436 38 41 le
1957 3434 141 54 plâtre
2127 3432 204 56 parisien.

1617 3511 60 41 Le
1705 3509 247 42 four-culée
1980 3520 61 29 est
2070 3507 82 44 très
2182 3506 285 53 simplement
2497 3502 219 44 constitué

1548 3588 79 38 par
1657 3588 59 25 un
1750 3572 171 53 hangar
1953 3570 114 42 dont
2099 3570 169 41 l'avant
2300 3579 59 31 est
2391 3567 107 41 libre
2530 3577 41 31 et
2601 3565 115 41 dont

1549 3619 36 57 îe
1613 3645 105 30 reste
1747 3648 60 29 est
1836 3632 140 43 limité
2003 3647 79 38 par
2112 3631 109 42 trois
2251 3644 120 28 murs
2408 3645 9 25 :
2449 3629 116 41 deux
2595 3640 120 30 murs

1547 3695 199 41 latéraux
1777 3706 40 30 et
1848 3710 59 26 un
1941 3709 100 26 mur
2070 3694 51 41 de
2149 3692 130 42 fond.
