2319 3878
157 224 80 38 608

733 239 105 26 P.-A.
874 239 233 30 MONSIGNY
1134 242 8 27 :
1179 242 50 27 LA
1264 243 137 29 BELLE
1434 239 172 37 ARSÈNE

159 329 259 52 artistiques
443 330 107 53 qu'il
574 343 164 40 pourra
758 332 283 53 développer,
1065 335 76 52 qui
1162 334 61 42 lui
1248 346 151 32 seront
1423 353 87 28 une
1535 353 247 36 ressource,
1823 346 235 49 peut-être,
2098 356 84 27 une

153 397 279 52 distraction,
450 405 245 45 sûrement,
720 402 264 41 distraction
1002 403 108 41 dont
1133 403 182 44 l'attrait
1338 417 104 42 peut
1460 409 40 40 le
1533 410 242 42 détourner
1797 412 78 40 des
1893 413 118 51 pires
2037 418 142 36 excès.

211 466 68 42 Kn
297 482 190 34 somme,
513 468 11 41 1
546 478 65 32 art
632 470 58 40 du
709 470 133 41 chant
867 482 290 43 proprement
1176 474 63 41 dit
1260 478 195 40 consiste
1479 478 112 42 dans
1616 480 11 40 l
1647 489 66 31 art
1749 481 53 40 de
1826 483 193 51 respirer
2054 490 41 33 et
2128 483 54 40 de

153 535 216 42 formuler
386 539 279 41 vocalement
687 541 218 52 quelques
929 544 218 39 exercices
1168 545 201 53 simples,
1393 550 218 51 auxquels
1632 558 100 33 tous
1759 550 61 41 les
1846 559 148 32 autres
2018 565 45 27 se
2081 567 76 38 rap-

153 615 193 43 portent.
374 606 115 53 Quel
512 618 222 43 avantage
763 610 53 40 de
846 612 131 40 saisir
999 621 112 32 cette
1134 615 241 51 simplicité
1398 617 77 41 dès
1498 618 214 43 l'enfance
1736 628 40 32 et
1809 619 99 42 d'en
1942 635 239 28 conserver

154 675 11 40 1
185 675 216 42 habitude
421 677 6 38 !
448 677 22 55 J
492 678 215 52 ajouterai
732 694 58 38 qu
808 680 29 39 il
856 679 95 42 faut
973 680 107 42 faire
1104 682 185 43 chanter
1312 685 63 41 les
1399 685 178 44 enfants
1599 702 106 28 sans
1727 700 448 43 accompagnement,

155 758 113 39 pour
287 746 61 40 les
373 745 176 53 obliger
570 751 22 37 à
614 761 18 27 s
650 753 194 44 écouter,
872 753 22 36 à
913 760 200 44 compter
1132 765 77 28 sur
1230 758 294 49 eux-mêmes,
1552 772 56 26 au
1633 758 88 41 lieu
1742 759 54 40 de
1820 760 148 40 suivre
1996 774 59 26 un
2089 763 68 38 ins-

154 823 196 33 trument
389 817 75 51 qui
487 818 339 49 généralement
867 833 55 26 ne
955 820 148 41 donne
1145 821 164 54 qu'une
1355 828 382 50 approximation,
1776 841 175 28 comme
1987 830 190 52 justesse

153 883 56 53 (le
232 886 152 50 piano,
407 899 80 38 par
506 887 235 53 exemple).

209 952 122 42 Dans
354 967 71 28 ces
443 955 269 52 conditions,
740 965 93 33 tout
856 967 66 32 est
942 969 222 43 avantage
1185 962 113 42 dans
1328 963 38 41 le
1407 964 133 42 chant
1565 964 219 43 enfantin.
1813 966 32 41 Il
1883 966 93 42 faut
2012 981 136 39 cepen-

150 1023 107 41 dant
280 1037 55 26 ne
355 1037 80 40 pas
466 1025 158 52 perdre
647 1026 53 40 de
723 1041 84 27 vue
827 1042 87 38 que
938 1028 40 41 la
999 1031 101 39 voix
1117 1031 292 43 individuelle
1434 1047 45 28 se
1502 1035 106 52 perd
1629 1035 113 41 dans
1766 1036 38 41 la
1828 1051 148 27 masse
1994 1037 181 41 chorale

150 1105 174 27 comme
348 1093 39 40 le
408 1092 302 45 bruissement
731 1097 25 39 d
776 1111 60 27 un
860 1096 130 43 arbre
1012 1099 218 53 disparaît
1269 1102 112 41 dans
1402 1103 39 40 le
1470 1106 332 49 mugissement
1833 1106 54 40 de
1917 1106 39 40 la
1975 1106 129 41 forêt.
2142 1106 32 41 Il

150 1160 94 42 faut
282 1164 121 39 aussi
437 1163 198 52 changer
658 1174 329 34 constamment
1011 1169 63 40 les
1094 1169 154 52 jeunes
1277 1172 194 49 solistes,
1500 1187 115 39 pour
1649 1188 87 39 que
1771 1183 101 33 tous
1910 1176 64 40 les
1997 1175 178 43 enfants

155 1232 118 40 aient
310 1231 390 45 alternativement
723 1235 63 42 les
811 1245 245 45 avantages
1079 1238 57 42 du
1159 1240 134 42 chant
1312 1242 266 42 individuel.

1373 1335 113 43 ALIX
1507 1336 408 44 LENOËL-ZEVORT.

408 1599 180 44 Notre
613 1600 373 54 supplément
1010 1602 268 43 musical.
1382 1603 153 42 P.-A.
1564 1602 317 55 Monsigny
1906 1615 7 30 :

843 1685 20 25 «
889 1672 79 41 La
1004 1671 158 42 Belle
1186 1671 239 43 Arsène.
1452 1686 21 25 »

200 1795 125 42 Dans
346 1809 82 28 son
448 1796 180 41 dernier
649 1800 206 46 numéro,
881 1796 40 41 la
940 1797 136 41 Revue
1098 1796 203 41 musicale
1334 1796 147 42 offrait
1506 1801 22 36 à
1547 1810 71 27 ses
1636 1797 189 41 lecteurs
1848 1811 61 27 un
1943 1801 226 47 fragment

144 1865 53 41 de
216 1865 40 40 la
275 1865 99 40 Fête
393 1866 57 40 du
473 1865 187 41 Château
670 1897 8 16 ,
704 1866 363 42 divertissement
1088 1866 53 41 de
1165 1866 178 49 Favart,
1369 1866 115 41 mêlé
1521 1866 55 41 de
1597 1866 294 52 vaudevilles,
1914 1872 255 48 représenté

146 1948 54 27 au
225 1934 376 42 Théâtre-Italien
621 1948 54 28 en
705 1938 118 49 1766.
851 1934 311 54 Aujourd'hui,
1192 1936 103 40 c'est
1319 1950 60 26 un
1403 1938 65 38 air
1491 1936 53 40 de
1567 1934 263 55 Monsigny,
1870 1938 159 39 extrait
2051 1936 54 40 de
2130 1937 39 39 la

143 2002 121 42 Belle
297 2005 163 39 Arsène
470 2037 7 14 ,
501 2004 365 42 comédie-féerie
889 2006 176 40 donnée
1089 2020 80 38 par
1189 2005 38 41 le
1248 2009 146 37 même
1418 2006 171 40 théâtre
1611 2014 96 44 sept
1731 2018 82 27 ans
1845 2006 102 52 plus
1968 2006 113 40 tard.
2103 2004 64 42 La

145 2075 209 51 question
374 2074 78 40 des
475 2074 126 40 dates
625 2082 66 33 est
712 2076 55 39 ici
790 2075 54 40 de
866 2075 188 40 minime
1076 2076 293 51 importance.
1397 2074 117 41 Mais
1538 2075 30 40 il
1591 2074 113 41 n'est
1739 2088 81 39 pas
1864 2074 157 41 besoin
2062 2075 106 41 d'un

144 2142 108 52 long
272 2156 187 28 examen
491 2145 226 51 pourvoir
740 2144 172 53 quelles
932 2143 260 42 différences
1216 2144 215 53 capitales
1451 2149 208 48 séparent
1679 2157 71 28 ces
1773 2145 114 40 deux
1927 2157 241 28 morceaux

143 2220 41 33 et
205 2226 101 39 que,
327 2221 94 32 tout
444 2226 54 27 en
519 2226 47 27 se
588 2213 254 41 rattachant
867 2211 88 43 l'un
980 2222 41 32 et
1041 2213 158 41 l'autre
1223 2228 55 26 au
1308 2227 138 38 genre
1489 2222 98 45 trop
1627 2214 338 51 généralement
1989 2212 179 53 gratifié

142 2281 60 41 du
226 2295 105 27 nom
375 2282 180 53 d'opéra
580 2284 222 52 comique,
829 2283 54 40 ils
908 2282 195 42 relèvent
1126 2284 269 40 néanmoins
1418 2282 105 42 d'un
1548 2291 66 33 art
1642 2284 76 51 qui
1749 2281 112 43 n'est
1890 2284 142 52 point,
2074 2291 94 33 tant

143 2351 93 40 s'en
261 2350 109 47 faut,
398 2352 39 40 le
461 2356 162 37 même.

198 2420 205 41 Prenons
423 2421 38 40 le
479 2421 88 41 duo
583 2421 54 40 de
658 2421 38 40 la
714 2421 100 40 Fête
827 2422 55 39 du
903 2421 190 40 Château
1106 2420 161 54 (Revue
1279 2421 205 40 musicale
1501 2422 58 40 du
1582 2437 13 25 l
1606 2427 31 21 er
1651 2420 272 55 décembre).
1943 2421 31 41 Il
1992 2431 66 32 est
2074 2424 93 39 aisé

143 2489 54 41 de
219 2490 243 49 discerner,
489 2490 90 41 lors
604 2495 146 36 même
767 2504 86 39 que
874 2491 39 40 le
934 2493 100 38 titre
1056 2491 54 40 de
1142 2491 39 40 la
1206 2493 120 51 pièce
1343 2505 56 26 ne
1416 2489 304 55 l'indiquerait
1772 2493 127 50 point
1940 2496 203 48 expressé-

141 2568 137 39 ment,
304 2559 106 53 qu'il
448 2559 131 52 s'agit
620 2561 287 51 simplement
929 2562 54 38 ici
1007 2558 133 43 d'une
1161 2560 260 52 adaptation
1456 2564 22 36 à
1503 2561 78 40 des
1605 2561 177 52 paroles
1805 2561 232 40 nouvelles
2061 2561 105 41 d'un

143 2630 65 39 air
230 2629 97 53 déjà
353 2642 160 28 connu.
544 2628 63 42 Ce
630 2637 181 33 menuet
843 2644 144 26 —car
1009 2628 104 42 c'est
1135 2643 60 27 un
1218 2637 182 33 menuet
1503 2643 54 26 ne
1580 2643 196 39 manque
1822 2631 44 39 ni
1906 2630 260 51 d'élégance

141 2700 44 38 ni
221 2698 54 41 de
310 2698 196 41 charme.
532 2698 122 41 C'est
692 2712 87 28 une
800 2701 209 50 musique
1030 2698 213 52 agréable
1266 2700 76 51 qui
1362 2698 79 42 dut
1464 2698 110 41 faire
1590 2714 60 26 un
1674 2700 169 40 certain
1879 2698 102 42 effet
2004 2708 41 32 et
2070 2702 94 50 qui,

139 2768 169 40 rendue
331 2782 81 39 par
433 2768 78 40 des
528 2768 240 41 chanteurs
793 2768 278 52 intelligents
1088 2777 41 32 et
1152 2767 86 42 fins
1253 2768 174 41 diseurs
1448 2782 176 27 comme
1636 2769 196 40 l'étaient
1851 2768 118 41 alors
1981 2783 107 27 ceux
2112 2769 54 41 de

141 2837 40 40 la
200 2836 216 43 Comédie
449 2837 230 49 italienne,
701 2837 164 42 n'avait
892 2840 94 39 rien
1007 2840 166 51 quipût
1195 2838 199 53 choquer
1418 2847 97 44 trop
1534 2837 84 42 fort
1642 2838 64 40 les
1726 2837 294 42 bienséances
2041 2839 100 41 théâ-

140 2907 150 41 trales.
318 2906 189 42 Comme
528 2916 65 32 cet
618 2909 80 49 air,
738 2908 265 53 cependant,
1041 2909 198 52 exprime
1277 2905 423 56 superficiellement
1727 2921 47 27 ce
1795 2905 106 55 qu'il
1922 2908 95 42 doit
2037 2909 95 41 dire
2154 2912 7 38 !

141 2975 189 42 Comme
355 2976 38 40 le
416 2977 310 41 sentimentde
745 2977 40 40 la
811 2983 145 46 scène,
983 2991 174 27 comme
1181 2977 64 41 les
1266 2980 224 38 émotions
1505 2982 245 46 suggérées
1764 2991 81 39 par
1862 2978 39 39 le
1912 2985 131 41 texte,
2060 2987 104 33 sont

141 3046 167 40 rendus
330 3060 106 26 sans
456 3048 240 51 précision,
720 3048 131 39 sinon
873 3049 299 50 précisément
1192 3047 268 41 dénaturées
1489 3048 6 37 !
1522 3046 110 41 Bien
1652 3047 120 52 plus,
1875 3046 154 42 défaut
2056 3048 105 52 plus

140 3115 198 41 sensible
378 3120 22 36 à
444 3117 221 51 première
686 3130 85 27 vue
811 3119 237 50 peut-être,
1145 3116 40 41 la
1222 3116 211 54 prosodie
1453 3125 65 32 est
1552 3130 124 26 assez
1697 3116 89 40 mal
1821 3115 232 42 observée.
2097 3116 65 42 La

138 3198 142 40 coupe
296 3185 78 40 des
397 3185 189 53 phrases
604 3185 58 41 du
687 3194 114 32 texte
818 3199 54 27 ne
894 3187 273 52 correspond
1188 3199 81 40 pas
1294 3187 202 52 toujours
1522 3190 22 35 à
1559 3185 108 41 celle
1690 3185 78 41 des
1792 3185 207 53 périodes
2022 3189 113 38 musi-

138 3255 134 50 cales,
291 3263 42 32 et
353 3255 113 40 celui
486 3256 72 51 qui
583 3252 48 43 fit
653 3263 66 32 cet
737 3263 317 43 arrangement
1073 3255 120 41 n'eut
1216 3268 81 40 pas
1339 3253 97 42 l'air
1455 3255 53 40 de
1551 3256 140 39 croire
1714 3268 87 39 que
1825 3263 111 32 cette
1980 3269 157 28 concor-

139 3324 141 41 dance
301 3323 65 42 fût
385 3324 107 41 utile
513 3338 56 27 ou
590 3326 266 39 nécessaire.
886 3324 165 54 Voyez,
1077 3339 80 39 par
1171 3324 201 53 exemple
1385 3323 101 52 (aux
1503 3337 202 27 mesures
1729 3339 21 37 7
1776 3333 41 32 et
1839 3323 59 55 8),
1919 3338 174 28 comme
2117 3327 41 40 la

138 3395 143 51 partie
298 3392 299 52 significative
618 3393 55 41 de
693 3394 40 40 la
758 3394 164 52 phrase
942 3408 8 26 :
970 3407 19 25 «
1007 3393 68 42 Tu
1100 3393 84 41 fais
1207 3394 54 41 de
1284 3402 78 34 ton
1385 3394 120 53 plein
1525 3408 53 37 gr
1582 3398 106 37 tma
1710 3393 124 55 peine
1851 3397 182 38 extrême
2049 3408 20 25 »
2094 3405 67 32 est

138 3464 159 52 rejetée
319 3476 75 28 sur
416 3463 78 41 des
516 3472 128 32 notes
677 3462 82 53 (les
788 3463 61 51 ut)
889 3472 165 32 venant
1091 3469 128 47 après
1240 3462 181 43 l'accent
1456 3464 219 53 principal
1700 3462 96 54 (sur
1818 3464 39 40 le
1891 3464 100 50 sot),
2032 3474 128 32 notes

141 3534 290 48 constituant,
457 3547 55 26 en
532 3546 190 34 somme,
749 3547 86 27 une
856 3533 218 41 véritable
1098 3547 248 28 anacrouse
1368 3533 240 54 précédant
1647 3533 40 40 la
1713 3537 173 37 rentrée
1909 3533 59 41 du
1992 3535 167 41 thème.

195 3600 31 41 Il
247 3601 73 53 n'y
344 3616 21 26 a
391 3602 39 40 là
456 3603 93 40 rien
566 3603 53 40 de
644 3612 285 42 surprenant,
955 3603 233 48 dira-t-on,
1211 3604 194 50 puisque
1427 3611 112 33 cette
1553 3604 210 50 musique
1783 3601 69 43 n'a
1872 3617 80 37 pas
1969 3608 68 36 été
2056 3603 103 43 faite
