3408 4343
2624 3736 99 56 135

305 1813 133 54 Projet
459 1810 93 42 d'un
577 1811 184 54 quartier
782 1807 55 43 de
861 1807 99 48 ville,
987 1825 103 25 avec
1114 1806 240 44 immeubles

301 1877 20 38 à
346 1872 181 54 gradins.

1557 432 58 26 au
1654 414 149 53 grand
1842 411 221 44 bénéfice
2103 411 82 42 des
2224 409 352 43 constructions
2616 408 110 51 qu'il

1557 490 200 48 édifiait,
1780 498 45 33 et
1849 488 82 41 des
1955 494 361 35 constructeurs
2340 500 120 34 pour
2483 484 79 50 qui
2588 483 29 41 il
2644 483 63 41 fai-

1558 565 88 42 sait
1671 563 145 43 école.
1845 580 22 24 »

1557 639 280 50 Atteignant
1858 637 24 42 à
1905 635 139 52 peine
2067 635 24 41 à
2114 635 41 41 la
2180 633 311 48 soixantaine,
2516 632 213 50 Sauvage

1559 714 210 41 devance
1806 710 395 52 singulièrement
2236 725 48 25 sa
2320 707 291 52 génération,
2646 722 83 34 par

1559 788 40 41 la
1632 787 228 42 curiosité
1895 786 57 41 de
1985 800 84 27 son
2105 783 148 51 esprit
2286 782 140 41 avide
2459 781 127 42 aussi
2620 781 109 41 bien

1557 879 90 33 que
1679 877 82 35 par
1792 877 84 26 son
1910 859 350 50 tempérament
2289 856 281 42 audacieux.
2600 854 130 42 Mais

1559 937 27 40 il
1614 946 70 32 est
1710 952 60 26 un
1798 935 131 50 point
1955 934 58 41 de
2040 950 48 25 sa
2114 931 326 52 personnalité
2464 931 79 50 qui
2569 931 74 40 n'a
2670 945 60 35 pu

1558 1027 49 26 se
1639 1011 201 50 dégager
1871 1010 56 41 de
1959 1007 298 51 l'empreinte
2289 1022 21 26 «
2343 1004 334 44 sentimentale
2709 1021 21 23 »

1636 1084 299 51 pourrait-on
1963 1082 102 42 dire
2168 1082 57 40 de
2252 1097 84 26 son
2361 1081 185 49 époque
2580 1096 8 25 :
2618 1079 113 41 c'est

1560 1161 297 47 l'ornement,
1882 1157 79 51 qui
1987 1172 181 34 occupe
2194 1155 116 42 dans
2337 1171 85 26 son
2446 1169 167 26 œuvre
2639 1168 93 27 une

1559 1235 148 49 place,
1749 1233 140 50 après
1932 1241 114 38 tout,
2089 1230 297 42 secondaire.
2428 1228 129 42 Mais
2603 1228 27 40 il
2672 1243 59 25 ne

1559 1308 195 51 pouvait
1801 1307 40 41 le
1887 1305 256 51 proscrire,
2187 1304 48 42 ni
2282 1305 42 40 le
2369 1303 194 48 voulait,
2611 1302 120 42 ainsi

1559 1383 110 51 qu'il
1714 1399 57 24 en
1817 1382 53 41 fit
1910 1381 170 48 l'aveu,
2122 1380 94 41 lors
2260 1379 139 41 d'une
2442 1377 290 42 conférence

1561 1457 186 43 donnée
1773 1456 24 41 à
1822 1456 137 42 Paris
1983 1455 25 41 à
2032 1455 42 41 la
2102 1454 68 41 fin
2196 1453 57 42 de
2277 1453 91 42 l'an
2393 1451 208 42 dernier.

1563 1532 124 41 Pour
1721 1531 230 49 Sauvage,
1982 1544 187 26 comme
2202 1543 120 34 pour
2353 1542 75 27 ses
2459 1535 242 40 contempo-

1558 1606 129 42 rains
1712 1606 67 40 les
1804 1604 104 51 plus
1933 1602 378 52 remarquables,
2336 1601 42 42 le
2403 1600 328 42 mal-entendu

1560 1681 56 40 de
1644 1681 284 40 l'ornement
1954 1677 221 43 subsiste.
2206 1677 108 42 Une
2338 1691 168 26 œuvre
2535 1674 172 42 d'archi-

1560 1763 181 33 tecture
1776 1754 120 41 n'est
1932 1752 237 49 complète
2208 1767 109 25 sans
2354 1749 210 43 émotion
2687 1757 44 33 et

1559 1828 255 49 l'émotion,
1855 1828 113 41 c'est
2008 1827 298 46 l'ornement,
2345 1824 77 51 qui
2464 1840 50 25 se
2552 1822 179 43 traduit

1559 1903 242 42 d'ailleurs
1843 1902 56 41 de
1936 1900 242 42 manières
2217 1899 188 42 variées
2536 1898 167 41 décora-

1556 1978 136 48 tions,
1719 1975 316 51 composition
2065 1976 57 41 de
2149 1973 193 56 façades
2368 1990 61 25 ou
2455 1972 155 43 même
2637 1971 69 42 dis-

1549 2051 203 51 position
1782 2068 25 24 a
1838 2053 147 45 priori
2015 2050 60 40 du
2106 2048 123 50 plan.

1551 2126 132 42 Dans
1715 2126 42 41 la
1789 2125 184 41 maison
2006 2124 111 50 qu'il
2152 2139 49 25 se
2233 2121 279 43 construisit
2543 2120 150 42 récem-

1550 2210 129 31 ment
1733 2216 58 25 en
1845 2198 371 48 Seine-et-Oise,
2270 2197 214 49 Sauvage
2536 2203 188 33 montre

1553 2274 360 50 l'antagonisme
1955 2273 57 41 de
2055 2288 85 26 son
2186 2271 363 50 tempérament.
2592 2269 132 41 C'est

1552 2366 91 25 une
1702 2349 157 41 bonne
1920 2348 229 41 demeure
2209 2344 217 51 rustique
2488 2353 44 32 et
2592 2343 131 41 saine

1550 2439 187 26 comme
1770 2423 41 41 la
1844 2422 226 42 tradition
2107 2435 256 36 paysanne,
2394 2417 120 43 mais
2547 2417 61 43 où
2641 2417 82 41 des

1551 2497 233 43 solutions
1809 2497 56 41 de
1890 2496 135 50 plans
2049 2505 44 32 et
2117 2495 58 41 de
2199 2494 253 50 technique
2474 2492 249 42 nouvelles

1552 2572 291 48 témoignent
1873 2570 110 42 d'un
2015 2570 128 42 désir
2175 2570 57 40 de
2262 2582 292 33 renouveau,
2584 2566 139 42 d'une

1552 2645 293 54 inquiétude.
1879 2645 64 41 Ici
1976 2644 128 42 aussi
2137 2643 285 42 l'ornement
2453 2642 110 41 s'est
2594 2655 97 26 mon-

1552 2721 85 48 tré,
1663 2719 122 42 mais
1816 2720 41 41 le
1888 2719 104 49 plus
2023 2717 342 43 discrètement
2395 2714 222 52 possible,
2645 2730 80 25 car

1554 2795 214 50 Sauvage
1794 2803 69 33 est
1890 2792 208 44 sensible
2124 2801 45 33 et
2197 2792 26 40 il
2253 2791 172 42 devine
2450 2806 92 35 que
2568 2789 131 42 l'émo-

1556 2870 94 41 tion
1689 2869 57 41 de
1782 2869 285 41 l'ornement
2100 2876 70 33 est
2204 2866 106 41 bien
2351 2865 168 41 factice
2554 2864 173 41 devant

1555 2943 119 41 celle
1696 2958 91 35 que
1814 2942 228 50 dégagent
2067 2942 66 40 les
2156 2940 180 47 arbres,
2362 2940 65 40 les
2451 2939 210 48 champs,
2687 2938 39 40 la

1555 3019 141 40 Seine
1731 3026 44 33 et
1809 3017 68 41 les
1909 3025 178 41 nuages
2120 3015 78 50 qui
2235 3020 373 43 accompagnent
2643 3027 81 26 son

1555 3107 155 26 cours.

1559 3167 57 41 Et
1644 3175 122 33 cette
1794 3165 280 42 émotion-là
2101 3173 70 32 est
2201 3163 56 42 de
2284 3162 144 41 celles
2455 3176 92 35 que
2576 3169 126 41 parta-

1556 3250 105 40 gent
1693 3248 104 34 tous
1828 3239 67 42 les
1926 3240 231 47 hommes,
2189 3247 45 33 et
2263 3245 186 35 surtout
2480 3236 66 40 les
2576 3234 126 41 archi-

1558 3323 146 33 tectes
1744 3314 257 41 modernes
2128 3328 120 25 ceux
2284 3311 77 50 qui
2401 3311 171 40 luttent
2610 3323 118 35 pour

1651 3607 223 42 Immeuble
1899 3610 20 38 à
1946 3605 178 53 gradins,
2151 3603 132 43 édifié
2309 3621 69 24 rue
2402 3604 135 45 Vavin,
2565 3606 20 37 à
2615 3603 114 40 Paris.
