3467 4376
339 160 1443 214 Niederrheinische
1924 154 1174 260 Musik-Zeitung

710 442 191 87 für
949 440 864 86 Kunstfreunde
1863 435 239 83 und
2153 424 582 92 Künstler.

170 640 445 85 Herausgegeben
654 657 103 38 von
802 635 269 57 Professor
1113 636 56 53 L.
2234 633 244 75 Bischoff.
1612 629 197 85 Verlag
1849 628 92 55 der
2843 617 434 87 Buchhandlung.

1362 821 172 85 KÖLN,
1574 831 84 58 24.
1696 830 214 58 Februar
1947 827 140 57 1855.

204 842 41 58 N
248 861 38 40 r>
323 844 45 57 8.

2849 822 79 61 111.
2966 821 279 75 Jahrgang.

658 1066 191 58 Eduard
885 1064 253 59 Hanslick.

884 1179 55 47 II.

262 1273 107 51 Wir
398 1271 147 50 haben
576 1270 141 50 durch
748 1270 87 48 den
864 1268 221 50 Abdruck
1123 1266 77 50 des
1242 1266 164 49 letzten
1438 1265 216 50 Abschnit-

136 1365 69 42 tes
234 1374 89 33 von
344 1355 251 51 Hanslick's
619 1354 214 50 Büchlein
864 1353 58 67 (in
954 1353 80 48 der
1057 1369 91 32 vor.
1165 1349 235 67 Nummer)
1433 1349 85 49 den
1540 1350 142 47 Leser

139 1439 195 66 sogleich
361 1440 49 47 in
440 1439 165 48 med'tas
633 1454 84 41 res,
748 1437 110 48 oder
882 1434 233 67 eigentlich
1143 1434 51 50 in
1222 1434 201 56 ultimas,
1453 1432 202 64 hineinge-

137 1523 135 48 führt.
314 1522 108 49 Man
454 1520 167 49 könnte
652 1537 47 32 es
727 1518 249 51 sonderbar
1005 1517 166 57 finden,
1203 1517 80 48 mit
1312 1515 102 49 dem
1443 1514 130 50 Ende
1603 1532 52 30 an-

139 1606 245 66 zufangen;
431 1621 162 31 unsere
624 1602 190 49 Absicht
844 1600 109 50 aber
981 1618 106 38 war,
1133 1599 121 48 eines
1296 1599 81 50 der
1419 1597 235 66 schlagend-

140 1696 100 43 sten
268 1687 235 49 Resultate
534 1687 81 48 der
644 1702 172 50 ganzen
838 1683 354 65 Untersuchung
1222 1682 79 49 des
1331 1680 351 66 scharfsinnigen

139 1771 259 49 Verfassers
444 1768 194 66 sogleich
682 1767 320 57 mitzutheilen,
1048 1783 76 31 um
1169 1764 198 50 dadurch
1415 1782 55 29 zu
1514 1763 168 65 zeigen,

137 1871 97 33 was
280 1870 101 30 man
427 1851 70 49 bei
541 1852 90 47 ihm
672 1868 53 31 zu
769 1857 224 42 erwarten
1024 1847 131 49 habe.
1213 1847 132 49 Auch
1376 1847 195 65 läugnen
1600 1844 84 50 wir

139 1936 137 57 nicht,
308 1934 100 50 dass
441 1934 69 49 die
526 1933 333 65 Befriedigung,
891 1931 241 66 dasjenige,
1164 1947 92 32 was
1287 1929 84 50 wir
1400 1928 84 50 seit
1510 1928 174 66 Beginn

140 2020 80 49 der
248 2017 300 67 Herausgabe
578 2035 189 30 unserer
797 2016 195 49 ehemals
1024 2013 310 59 Rheinischen,
1359 2012 114 66 jetzt
1500 2012 157 49 Nieder-

139 2101 282 49 rheinischen
461 2100 371 64 Musik-Zeitung
871 2116 50 31 so
962 2097 63 50 oft
1054 2096 210 58 deutlich,
1307 2096 207 48 wiewohl
1546 2094 110 66 apho-

140 2183 190 58 ristisch,
361 2182 366 66 ausgesprochen
756 2181 91 48 und
879 2197 53 32 an
958 2185 283 43 zerstreuten
1265 2177 170 50 Stellen
1457 2176 198 65 angedeu-

141 2274 68 41 tet
238 2265 161 58 haben,
444 2265 93 48 hier
567 2266 43 47 in
640 2265 69 48 ein
741 2266 177 63 System
949 2261 220 67 gebracht
1198 2261 93 48 und
1322 2260 143 49 durch
1494 2260 96 48 eine
1620 2258 43 49 lo-

143 2348 151 68 gische
323 2346 319 66 Entwicklung
680 2345 266 67 festgestellt
976 2362 54 31 zu
1063 2343 151 56 sehen,
1260 2341 79 49 mit
1382 2342 112 48 dazu
1538 2340 125 66 beige-

144 2441 160 56 tragen
334 2431 90 57 hat,
471 2431 84 48 den
591 2430 148 48 Inhalt
783 2428 163 67 gerade
992 2427 144 50 dieses
1176 2426 168 48 letzten
1376 2423 194 69 Capitels
1612 2441 50 31 zu-

144 2515 160 49 nächst
332 2512 319 50 mitzutheilen.

268 2595 151 49 Schon
449 2595 57 48 im
529 2596 33 48 I.
588 2595 258 65 Jahrgange
878 2591 148 51 1850
1056 2591 80 50 der
1148 2590 159 49 Rhein.
1324 2588 367 65 Musik-Zeitung

146 2686 158 59 sagten
347 2679 83 48 wir
473 2677 40 49 in
559 2676 100 50 dem
705 2676 213 48 Aufsatze
963 2674 113 50 über
1119 2675 41 47 J.
1193 2672 200 68 Haydn's
1433 2671 150 50 Musik
1623 2671 63 66 (S.

149 2761 160 68 242):
365 2760 165 58 „Einer
571 2759 184 49 wahren
795 2756 356 51 künstlerischen
1194 2757 159 56 Natur,
1399 2755 82 48 wie
1513 2752 176 68 Haydn,

146 2844 225 49 erscheint
399 2844 125 48 Alles
554 2841 300 57 musicalisch;
885 2840 121 49 seine
1030 2839 310 67 Empfindung
1367 2837 57 49 ist
1448 2836 163 57 Musik,
1641 2853 48 30 er

148 2928 138 49 denkt
317 2926 120 50 nicht
466 2925 300 67 Philosophie,
811 2924 121 48 nicht
960 2922 253 56 Aesthetik,
1256 2921 120 48 nicht
1409 2917 280 59 Geschichte,

146 3009 124 51 nicht
297 3009 244 49 Romantik
569 3027 45 30 u.
647 3025 31 32 s.
713 3025 73 37 w.,
817 3023 63 32 er
911 3006 108 50 den
1034 3005 57 50 kt
1120 3004 192 51 Musik
1444 3001 120 50 seine
1593 3003 64 46 An-

150 3091 291 65 schauungen
471 3091 92 49 und
596 3090 349 65 Vorstellungen
977 3089 95 48 sind
1103 3086 149 51 Musik
1472 3102 48 31 er
1552 3084 139 48 hört

149 3175 43 50 in
224 3174 89 49 sich
346 3174 125 48 keine
501 3173 165 49 andere
696 3173 200 66 Sprache
926 3171 62 50 als
1019 3170 165 59 Musik,
1216 3169 90 49 und
1336 3185 50 32 so
1425 3168 172 48 redet
1641 3183 50 32 er

150 3259 118 48 denn
311 3258 115 48 auch
470 3257 126 48 keine
639 3255 166 50 andere
949 3254 124 51 darin
1104 3255 55 47 ist
1198 3270 49 31 er
1279 3249 386 67 Original-Schrift-

151 3340 166 57 steller,
350 3339 215 50 während
597 3338 183 49 Andere
811 3337 68 49 die
908 3335 306 51 musicalische
1239 3334 199 67 Sprache
1467 3352 53 30 zu
1553 3331 138 54 reden

150 3423 271 57 vermeinen,
461 3439 132 32 wenn
626 3420 61 50 sie
718 3422 40 47 in
790 3420 120 50 diese
941 3438 52 29 zu
1025 3419 361 47 übersetzen
1426 3415 263 55 versuchen,

151 3524 94 35 was
277 3505 61 50 sie
366 3505 43 49 in
440 3505 80 49 der
549 3503 339 68 gewöhnlichen
907 3503 198 65 Sprache
1129 3500 192 68 gedacht
1571 3497 120 68 (Vgl.

151 3588 216 50 Hanslick
395 3587 43 48 in
470 3588 80 47 der
577 3604 95 32 vor.
701 3588 94 56 Nr.,
826 3587 44 48 S.
907 3584 90 56 52,
1028 3585 76 65 Sp.
1141 3583 67 67 2.)

275 3669 219 50 Dasselbe
524 3669 168 49 Thema
734 3667 266 51 behandelte
1039 3665 42 49 in
1112 3667 76 48 Nr.
1221 3664 73 50 46
1330 3664 118 67 (vom
1487 3662 86 50 17.
1604 3660 87 52 Mai

160 3753 174 69 1851)
379 3753 80 48 der
499 3752 173 49 Artikel
724 3751 274 59 „Plastische
1277 3749 43 49 in
1362 3747 217 49 welchem
1625 3745 66 49 die

164 3836 328 61 „lächerlichen
530 3836 320 48 Prätentionen
896 3834 80 49 der
1014 3848 195 33 neueren
1242 3831 338 67 Componisten,
1623 3828 68 50 die

154 3938 85 34 uns
270 3918 260 59 zumuthen,
572 3918 141 48 durch
742 3918 95 48 ihre
866 3917 150 48 Musik
1044 3914 69 50 die
1145 3914 233 66 speciellen
1409 3912 257 51 Vorstellun-

156 4021 87 48 gen
272 4005 43 48 in
344 4021 86 32 uns
459 4001 367 58 hervorzurufen,
865 3998 172 51 welche
1068 3997 60 49 sie
1159 3996 140 49 durch
1331 3994 360 51 Ueberschriften

156 4104 45 31 u.
247 4086 87 65 dgl.
747 4100 51 33 so
842 4082 85 51 wie
971 4081 69 51 die
1082 4081 299 65 Programme
1424 4096 53 30 zu
1520 4076 141 52 Musik-

1774 1019 188 49 stücken
1993 1023 250 61 verspottet
2274 1015 200 56 werden,
2531 1012 101 59 „bei
2665 1012 143 50 denen
2839 1029 101 32 man
2973 1010 91 49 sich
3095 1010 196 51 einstwei-

1774 1101 72 49 len
1875 1100 117 50 noch
2022 1099 79 49 des
2131 1098 284 66 alltäglichen
2439 1096 167 50 Mittels
2638 1095 80 49 der
2736 1094 308 64 Vermittlung
3074 1091 78 50 der
3182 1092 136 50 Ideen

1773 1184 222 49 zwischen
2021 1183 85 48 den
2129 1181 244 49 Menschen
2398 1180 193 57 bedient,
2622 1179 64 48 bis
2719 1178 134 64 völlig
2881 1175 310 66 ausgebildete
3220 1193 66 30 mu-

1773 1266 226 49 sicalische
2034 1266 195 47 Formen
2260 1263 91 49 und
2383 1263 199 48 Phrasen
2613 1261 68 50 für
2721 1298 19 20 „
2764 1259 127 66 „jede
2923 1256 371 69 Gegenständlich-

1978 1348 217 49 erfunden
2374 1344 166 49 —und
2567 1360 72 33 wo
2665 1360 47 32 es
2736 1350 133 42 unter
2896 1341 231 49 Anderem
3156 1340 163 48 heisst:

1786 1433 91 57 „Es
1908 1432 142 64 klingt
2078 1430 43 50 in
2152 1430 202 51 Worten
2385 1445 111 49 ganz
2538 1425 218 69 prächtig,
2801 1425 101 48 dass
2945 1424 80 49 der
3056 1423 265 67 Componist

1773 1514 70 51 bei
1885 1515 151 49 seinen
2067 1513 321 66 Schöpfungen
2429 1518 140 42 etwas
2609 1509 209 50 Höheres
2850 1508 55 67 (?)
2937 1506 176 50 denken
3152 1509 167 53 müsse,

1773 1598 62 49 als
1865 1597 165 58 Musik,
2073 1597 102 48 dass
2206 1612 49 32 er
2281 1612 79 32 aus
2404 1594 79 50 der
2512 1592 313 67 Subjectivität
2854 1592 41 48 in
2925 1590 70 50 die
3025 1588 294 66 Objectivität

1773 1688 150 42 treten
1952 1684 167 54 müsse,
2140 1697 5 6 ■
2163 1678 137 49 damit
2340 1677 68 50 die
2439 1675 147 51 Musik
2616 1675 70 49 die
2716 1674 236 48 Elemente
2984 1673 78 48 der
3091 1672 113 55 Zeit,
3249 1670 70 50 die

1773 1762 419 66 weltbewegenden
2237 1760 137 50 Ideen
2417 1759 80 48 der
2542 1755 369 69 gegenwärtigen
2954 1753 282 51 Menschheit
3277 1753 43 48 in

1776 1846 92 49 sich
1898 1844 237 50 aufnehme
2164 1843 93 50 und
2288 1842 222 49 darstelle.
2558 1839 174 51 Schade
2763 1854 101 41 nur,
2902 1838 102 48 dass
3034 1838 129 48 Töne
3193 1835 128 50 keine

1774 1929 172 51 Worte
1990 1927 98 49 sind
2133 1927 91 49 und
2267 1926 82 49 der
2378 1924 225 50 Schlüssel
2643 1922 117 51 noch
2803 1920 122 50 nicht
2967 1919 241 68 gefunden,
3251 1919 70 48 die

1776 2011 338 67 Hieroglyphen
2147 2011 80 48 der
2248 2007 306 52 Notenschrift
2581 2006 142 49 durch
2752 2006 85 48 den
2860 2004 150 65 Klang
3038 2003 80 50 der
3146 2003 149 47 Instru-

1776 2102 150 41 mente
1966 2092 264 67 urplötzlich
2268 2091 45 48 in
2354 2091 77 49 das
2472 2088 226 69 Alphabet
2738 2087 80 49 der
2846 2084 365 69 Muttersprache
3240 2084 80 49 der

1776 2176 205 49 Zuhörer
2011 2192 53 31 zu

1899 2258 108 49 Man
2036 2254 249 68 vergleiche
2315 2256 148 47 ferner
2493 2253 78 47 das
2586 2253 269 65 Programm
2879 2268 55 30 zu
2958 2249 102 49 dem
3084 2248 77 50 111.
3188 2248 106 48 Jahr-

1781 2356 146 51 gange
1956 2340 45 48 in
2027 2338 80 50 Nr.
2147 2338 20 49 1
2208 2355 101 32 vom
2342 2334 50 51 3.
2422 2334 90 51 Juli
2548 2333 171 57 1852,
2761 2333 69 50 die
2859 2331 345 50 humoristische
3232 2332 59 47 Po-

1780 2423 134 49 lemik
1942 2422 43 48 in
2017 2421 86 49 den
2125 2420 206 49 Artikeln
2759 2432 143 50 gegen
2934 2414 69 50 die
3019 2412 279 51 After-Philo-

1783 2506 186 67 sophen,
1999 2505 69 49 die
2097 2503 216 50 Aufsätze
2341 2502 114 50 über
2495 2501 182 57 „Kunst
2704 2500 93 48 und
3121 2496 175 67 (Nieder-

1781 2587 250 50 rheinische
2048 2586 288 65 Musik-Ztg.,
2365 2585 32 49 I.
2430 2582 171 65 Jahrg.,
2630 2583 78 47 Nr.
2742 2581 31 49 9
2808 2599 38 31 v.
2882 2578 90 51 27.
2987 2581 121 62 Aug.
3146 2576 172 68 185-3)

1782 2671 69 50 bei
1884 2670 292 65 Gelegenheit
2202 2686 88 31 von
2319 2668 56 47 A.
2408 2666 277 49 Helfferich's
2712 2665 164 48 Schrift
2906 2681 42 31 u.
2980 2680 34 32 s.
3043 2661 243 49 w.—über-

1782 2754 53 48 all
1867 2752 112 51 wird
2008 2751 80 50 auf
2110 2751 86 50 den
2228 2750 141 66 einzig
2398 2747 251 68 möglichen
2671 2746 147 49 Inhalt
2840 2746 80 49 der
2937 2743 163 58 Musik,
3123 2742 196 50 nämlich

1782 2835 86 49 den
1886 2834 352 57 musicalischen,
2261 2831 316 67 hingewiesen,
2606 2846 93 32 was
2723 2831 117 47 denn
2863 2829 42 48 in
2930 2827 103 50 dem
3055 2827 266 64 Programm

1782 2936 102 31 zum
1908 2919 56 48 11.
1980 2917 258 65 Jahrgange
2256 2912 322 52 derNiederrh.
2596 2911 291 66 Musik-Ztg.,
2906 2917 135 42 unter
3057 2909 80 48 der
3154 2906 141 51 Ueber-

1783 3001 153 48 schrift
1975 3000 184 57 „Nichts
2420 2997 44 49 in
2491 2997 77 49 Nr.
2608 2995 100 48 Iv.
2743 2992 49 52 7.
2821 2995 173 48 Januar
3029 2990 153 51 1854
3210 2990 113 49 auch

1781 3084 80 48 mit
1885 3084 166 48 dürren
2063 3084 202 49 Worten
2290 3079 363 67 ausgesprochen
2677 3077 138 50 wird:
2855 3076 181 59 „Wollt
3053 3074 70 49 ihr
3144 3074 179 57 wissen,

1781 3184 94 32 was
1917 3166 100 49 der
2048 3165 194 48 wahre
2271 3163 197 49 Inhalt
2509 3163 80 48 der
2618 3160 147 51 Musik
2797 3160 90 48 ist?
2930 3159 83 48 Die
3042 3156 194 54 Melodie
3265 3156 56 48 ist

1782 3265 62 41 es,
1875 3249 80 49 der
1984 3245 419 51 musicalische
2435 3244 228 57 Gedanke,
2694 3243 77 48 das
2790 3241 195 56 Thema;
3015 3239 94 49 und
3126 3239 70 48 ein
3213 3237 81 50 den-

1783 3331 169 50 kender
1975 3329 304 51 Tonkünstler
2300 3329 57 48 ist
2379 3328 121 49 nicht
2524 3328 92 56 der,
2649 3326 78 49 der
2756 3325 127 48 einen
2914 3323 147 49 Inhalt
3089 3337 198 34 ausser-

1783 3413 129 49 halb
1957 3413 79 48 der
2075 3411 147 50 Musik
2266 3409 187 57 sucht,
2497 3409 196 49 sondern
2723 3408 80 48 der
2832 3406 45 49 in
2907 3405 80 50 der
3018 3404 175 67 Sphäre
3238 3403 80 49 der

1781 3497 150 49 Musik
1957 3494 155 55 bleibt,
2150 3511 87 33 nur
2265 3493 148 51 Musik
2444 3493 139 49 denkt
2622 3491 91 49 und
2754 3490 86 48 den
2872 3486 226 52 Verstand
3126 3503 87 33 nur
3244 3502 50 49 ge-

1782 3578 206 58 braucht,
2004 3578 70 48 die
2091 3577 274 55 Thema's,
2389 3574 70 50 die
2488 3574 108 48 ihm
2620 3589 99 33 aus
2750 3571 101 50 der
2877 3570 171 50 Seele
3080 3566 203 69 gequol-

1782 3662 108 58 len,
1922 3662 62 48 als
2014 3658 418 51 musicalische
2463 3655 242 51 Gedanken
2737 3654 140 50 durch
2910 3651 245 68 diejenigen
3170 3649 148 49 Mittel

1783 3763 56 31 zu
1870 3742 279 56 entwickeln,
2195 3742 171 48 welche
2394 3739 88 50 ihm
2515 3738 161 49 seine
2703 3738 152 48 Kunst
2886 3737 90 48 und
3009 3734 91 50 sein
3131 3731 188 51 Wissen

1782 3827 45 48 in
1857 3827 193 49 dieser

1907 3909 104 51 Wir
2037 3907 231 49 brauchen
2299 3905 118 50 wohl
2446 3904 137 50 kaum
2611 3903 343 65 hinzuzufügen,
2986 3899 100 48 dass
3103 3898 220 48 Niemand

1787 3992 193 67 glauben
2011 3994 150 63 möge,
2202 3989 83 51 wir
2323 3988 187 50 wollten
2540 3987 143 49 durch
2713 3985 118 50 diese
2859 3982 333 64 Anlührungen
3224 3979 101 50 dem

1783 4077 82 49 Dr.
1895 4073 211 51 Hanslick
2138 4078 118 46 etwa
2285 4069 239 60 beweisen,
2569 4068 101 51 dass
2713 4085 48 31 er
2798 4064 145 52 nichts
2972 4064 152 51 Neues
3166 4068 159 61 gesagt

2703 4147 32 51 8
