2720 4427
1099 460 267 39 BULLETIN
1401 457 266 51 FRANÇAIS
1705 457 72 36 DE
1813 457 67 35 LA
1919 456 40 36 S.
1999 456 32 34 I.
2073 459 55 34 M.

563 469 95 37 222

573 612 263 68 Roussel,
873 612 173 55 d'une
1079 610 194 71 poésie
1306 606 248 74 espiègle
1588 610 60 49 et
1681 603 287 72 profonde
2001 610 135 49 tout
2172 605 71 54 de
2277 603 209 69 même,
2519 623 123 45 sans

567 695 53 56 le
663 692 446 74 papillotement
1156 691 80 55 du
1279 690 144 54 faux
1467 685 208 57 orient.
1725 686 155 53 Mme
1926 683 150 72 Jane
2123 682 267 70 Bathori,
2435 682 206 66 sincère

565 781 61 51 et
656 771 350 74 expressive,
1038 790 34 36 a
1100 772 186 54 rendu
1312 767 197 57 l'émoi
1540 765 284 57 délicieux
1856 765 175 56 d'une
2060 764 250 73 ingénue
2342 765 71 54 de
2441 764 196 77 là-bas,

565 854 101 73 qui
708 874 35 36 a
783 870 142 55 peur
966 852 71 55 de
1076 869 107 37 son
1223 850 201 71 galant
1465 855 59 48 et
1568 846 402 56 d'elle-même.

2028 968 551 69 Joseph
2579 968 1 69 Trillat

561 1344 403 59 CONCERTS
1010 1344 376 55 BLANCHE
1429 1344 272 55 SELVA.

675 1506 136 56 Mlle
845 1505 174 57 Selva
1051 1505 99 55 n'a
1183 1522 108 54 pas
1324 1522 66 38 ce
1424 1504 98 71 jeu
1555 1504 183 71 rigide
1772 1510 58 50 et
1867 1505 243 55 articulé
2144 1505 103 71 qui
2280 1513 90 49 est
2404 1508 146 56 celui
2582 1514 60 57 de

558 1604 250 55 presque
836 1590 137 51 tous
999 1584 83 57 les
1109 1584 282 72 pianistes
1419 1584 253 70 français
1791 1585 72 55 de
1885 1590 137 51 tous
2045 1604 149 36 ceux
2223 1585 100 73 qui
2352 1593 107 49 ont
2488 1597 154 63 passé

558 1687 108 53 par
713 1668 53 56 le
816 1665 443 59 Conservatoire
1307 1683 136 37 sans
1490 1665 332 73 exception,
1871 1672 60 49 et
1983 1666 147 56 dont
2181 1668 79 53 M.
2312 1668 233 57 Diémer
2590 1682 52 49 et

560 1750 79 55 M.
681 1748 188 56 Risler
919 1753 135 49 sont
1108 1748 35 53 à
1204 1746 220 56 l'heure
1477 1746 247 56 actuelle
1775 1746 83 56 les
1908 1749 439 70 représentants
2398 1749 83 56 les
2525 1753 117 70 plus

557 1829 259 57 notoires
860 1833 61 51 et
978 1828 84 56 les
1120 1826 134 73 plus
1314 1826 330 73 applaudis.
1706 1826 538 58 N'assistons-nous
2290 1847 109 53 pas
2458 1848 72 38 en
2587 1852 54 39 ce

557 1914 270 52 moment
853 1910 35 54 à
907 1928 85 37 un
1006 1913 382 51 mouvement
1406 1908 71 56 de
1494 1908 263 56 réaction
1773 1914 202 50 contre
1992 1909 326 56 l'ancienne
2336 1910 270 60 méthode
2619 1922 19 49 ?

557 1993 90 54 Ne
681 2009 150 38 nous
865 1995 195 51 a-t-on
1091 2007 109 56 pas
1234 1995 135 66 trop
1404 1990 199 71 répété
1639 1990 218 71 qu'une
1894 1990 380 56 articulation
2308 1990 333 64 formidable

554 2073 149 56 était
732 2072 58 55 la
818 2073 141 54 base
988 2072 191 54 même
1209 2072 82 54 du
1320 2070 189 56 talent
1538 2077 23 48 ?
1593 2072 443 54 N'avons-nous
2065 2088 108 55 pas
2203 2077 137 67 trop
2369 2074 218 57 sacrifié
2614 2079 28 55 à

576 2153 464 72 Vindépendance
1576 2152 93 54 des
1834 2152 200 69 doigts,
1424 2152 189 71 grand
1648 2157 127 48 mot
1825 2152 375 55 absolument
2236 2152 137 55 vide
2417 2154 73 55 de
2524 2172 115 42 sens

553 2234 150 57 dont
729 2251 80 37 on
836 2252 36 37 a
899 2233 219 55 fasciné
1145 2232 288 72 plusieurs
1461 2232 369 72 générations
1861 2233 71 55 de
1961 2233 206 71 jeunes
2194 2233 210 56 élèves.
2439 2235 166 73 Regar-

553 2315 148 56 dons
726 2314 133 56 Mlle
883 2313 193 68 Selva,
1091 2313 108 56 elle
1222 2331 98 38 ose
1343 2313 236 72 frapper
1593 2313 58 55 la
1673 2319 159 64 note,
1849 2314 202 55 tantôt
2077 2315 71 54 de
2172 2315 168 69 haut,
2357 2318 199 53 tantôt
2580 2321 58 55 de

552 2395 127 69 bas,
708 2395 58 54 la
793 2411 253 39 caresser
1075 2394 35 54 à
1136 2393 291 71 l'attaque
1481 2412 79 37 ou
1589 2412 78 37 au
1692 2393 215 70 lâcher,
1936 2394 58 56 la
2022 2394 145 56 faire
2195 2395 195 55 vibrer
2417 2415 107 53 par
2552 2399 86 56 des

550 2475 381 58 ondulations
976 2474 351 56 successives
1376 2475 80 55 du
1499 2474 241 73 poignet
1769 2496 11 33 :
1828 2475 108 56 elle
1980 2493 101 38 ose
2126 2477 190 54 même
2364 2478 162 70 jouer
2571 2482 67 54 du

550 2557 156 70 bras,
783 2558 172 55 chose
1028 2555 103 73 qui
1216 2555 148 55 était
1444 2557 242 72 réputée
1766 2557 283 56 autrefois
2123 2558 290 55 haïssable
2490 2567 147 51 entre

550 2643 201 50 toutes
778 2658 10 33 :
825 2643 59 50 et
917 2637 106 56 elle
1057 2638 100 53 n'a
1188 2655 109 53 pas
1327 2642 144 49 tort.
1507 2638 52 55 A
1590 2657 116 36 une
1740 2638 217 71 grande
1994 2638 276 56 diversité
2307 2641 70 54 de
2411 2658 225 54 moyens

550 2718 356 72 correspond
935 2717 489 57 inévitablement
1456 2737 117 37 une
1607 2719 220 70 grande
1861 2718 277 56 diversité
2187 2718 235 57 d'effets
2450 2741 10 33 :
2510 2740 95 38 vou-

550 2797 109 56 loir
696 2798 231 57 obtenir
966 2799 101 56 des
1103 2798 287 56 sonorités
1424 2799 244 69 variées,
1722 2817 143 37 avec
1915 2820 117 36 une
2086 2806 247 67 attaque
2385 2802 251 71 toujours

549 2878 323 74 identique,
905 2886 88 49 est
1035 2898 117 37 une
1195 2879 319 73 entreprise
1559 2898 77 37 au
1679 2879 192 56 moins
1913 2882 372 56 hasardeuse.
2314 2882 135 56 Mlle
2478 2883 156 56 Selva

550 2961 327 73 n'échappe
916 2978 108 55 pas
1062 2961 459 72 complètement
1561 2963 36 53 à
1635 2980 65 38 ce
1742 2962 227 57 dernier
2007 2964 298 72 reproche.
2363 2966 77 54 Sa
2491 2966 115 54 tech-

548 3039 198 74 nique,
776 3060 149 54 pour
954 3041 165 55 avoir
1151 3041 135 72 déjà
1312 3061 83 35 un
1425 3043 187 71 grand
1639 3043 226 70 coloris,
1896 3043 281 56 n'atteint
2222 3062 108 54 pas
2370 3044 59 55 la
2458 3044 147 73 prodi-

548 3122 194 72 gieuse
771 3122 277 57 diversité
1077 3123 73 56 de
1176 3122 287 57 certaines
1491 3123 186 57 écoles
1717 3124 352 73 étrangères,
2112 3126 140 54 celle
2295 3127 73 55 de
2410 3127 192 55 Lesche-

546 3202 191 74 titsky
788 3210 165 50 entre
1011 3210 216 50 autres.
1302 3204 424 58 Voudrait-elle
1799 3206 186 56 éviter
2056 3207 576 74 systématiquement

546 3288 201 52 toutes
774 3284 84 56 les
884 3284 287 58 sonorités
1199 3284 205 56 molles
1430 3291 61 51 et
1521 3287 312 56 sensuelles
1860 3292 59 51 et
1949 3287 85 56 les
2059 3290 281 69 procédés
2356 3290 71 54 de
2445 3288 187 73 pédale

550 3363 103 74 qui
689 3364 396 74 enveloppent
1119 3364 55 58 le
1208 3382 109 40 son
1352 3367 177 55 d'une
1566 3367 375 72 atmosphère
1976 3368 280 56 musicale
2290 3368 296 74 imprécise
2611 3375 18 49 ?

550 3446 301 56 Peut-être
873 3465 75 38 ne
968 3446 85 57 les
1073 3446 357 73 jugeait-elle
1452 3465 109 54 pas
1584 3450 36 53 à
1640 3448 126 56 leur
1787 3448 167 74 place
1978 3451 148 54 dans
2148 3467 108 38 son
2277 3467 354 56 programme

549 3526 83 57 du
675 3540 33 57 5
753 3527 230 57 février.
1029 3527 78 57 Ce
1128 3527 178 57 serait
1336 3528 152 56 alors
1515 3547 117 40 une
1655 3530 276 73 question
1961 3532 73 56 de
2058 3531 264 73 principe
2350 3538 60 50 et
2434 3550 115 38 non
2570 3530 59 55 de

545 3607 335 72 technique.
922 3607 214 57 C'était
1175 3608 199 73 plaisir
1415 3610 73 55 de
1526 3610 325 58 l'entendre
1882 3612 149 56 dans
2069 3630 95 38 ces
2203 3612 217 74 petites
2458 3612 171 73 pièces

549 3687 74 58 de
676 3688 296 71 Scarlatti,
1029 3691 340 72 auxquelles
1421 3691 110 57 elle
1585 3693 200 56 donna
1838 3712 83 37 un
1974 3693 203 74 esprit,
2232 3714 115 37 une
2404 3691 223 60 drôlerie

548 3768 364 59 charmante.
945 3770 136 57 Mlle
1112 3771 175 57 Selva
1315 3771 117 57 sait
1463 3772 167 56 avoir
1661 3794 23 29 «
2039 3796 40 32 ».
2115 3775 156 56 C'est
2286 3794 116 38 une
2423 3772 204 76 qualité
