2720 4427
496 369 97 47 216

1031 382 267 34 BULLETIN
1333 383 262 48 FRANÇAIS
1633 383 71 34 DE
1741 384 64 35 LA
1844 384 39 35 S.
1924 384 32 35 I.
1998 388 52 32 M.

498 527 155 57 leurs
696 525 221 56 chaises
961 528 71 53 de
1055 527 191 71 paille.
1294 528 359 71 Cependant,
1700 532 35 51 à
1777 530 57 54 la
1877 532 81 53 fin
2003 533 71 52 de
2117 533 57 53 la
2217 536 253 68 marche,
2504 538 71 55 M.

500 607 254 54 Colonne
791 607 108 54 fait
932 608 157 53 lever
1124 613 133 50 tout
1293 627 105 36 son
1434 610 213 55 monde
1681 628 149 52 pour
1864 610 189 55 saluer
2090 612 51 56 le
2174 614 217 70 public.
2428 616 149 58 C'est

496 707 83 37 un
617 687 141 56 effet
797 689 145 55 dont
979 687 41 54 il
1056 688 180 56 abuse
1272 690 251 72 quelque
1561 710 133 52 peu,
1733 697 59 48 et
1830 692 102 70 qui
1970 694 246 69 devrait,
2255 696 168 54 sinon
2461 697 116 58 être

498 767 266 72 proscrit,
805 769 80 55 du
921 767 189 56 moins
1149 770 300 55 demeurer
1487 770 570 72 très-exceptionnel.
2098 776 109 54 Les
2245 776 297 72 applaudis-

498 853 256 50 sements
781 853 147 50 vont
957 847 115 56 soit
1102 850 34 53 à
1163 849 263 70 l'œuvre,
1457 850 113 55 soit
1600 853 36 52 à
1664 870 81 35 un
1773 850 218 70 soliste,
2022 852 114 56 soit
2168 856 34 53 à
2229 856 348 58 l'exécution

498 928 301 56 collective
827 950 14 48 ;
882 929 147 55 dans
1069 947 64 37 ce
1175 931 224 55 dernier
1440 950 117 52 cas,
1599 933 142 53 c'est
1784 951 76 37 au
1901 933 131 55 chef
2071 942 59 47 et
2172 955 76 36 au
2288 937 131 54 chef
2459 942 118 52 seul

496 1008 174 72 qu'ils
706 1009 350 55 s'adressent
1092 1008 442 72 légitimement.

608 1091 259 54 N'est-ce
898 1107 108 55 pas
1037 1097 261 49 montrer
1328 1112 82 34 un
1440 1112 116 52 peu
1587 1099 135 65 trop
1756 1094 70 55 de
1858 1096 428 71 complaisance
2318 1116 149 53 pour
2498 1099 79 56 les

495 1168 296 57 faiblesses
841 1171 78 54 du
968 1169 196 73 public
1211 1190 115 52 que
1375 1174 70 54 de
1493 1173 271 56 s'arrêter
1811 1192 98 37 sur
1954 1176 58 53 la
2059 1176 518 73 vingt-cinquième

498 1268 224 37 mesure
757 1256 183 49 avant
973 1251 57 53 la
1063 1252 82 54 fin
1180 1253 70 55 de
1283 1253 58 53 la
1374 1254 166 54 scène
1576 1272 118 36 aux
1727 1256 245 71 champs
2006 1262 59 48 et
2102 1258 70 54 de
2205 1257 199 56 laisser
2436 1259 141 56 libre

494 1348 169 38 cours
688 1350 117 36 aux
827 1332 217 53 bravos
1069 1338 183 48 avant
1280 1334 71 55 de
1375 1333 142 56 faire
1543 1339 287 51 entonner
1853 1336 52 56 le
1930 1337 122 55 solo
2080 1338 71 56 de
2178 1357 98 37 cor
2302 1341 225 70 anglais
2554 1348 21 49 ?

494 1413 80 55 Le
613 1418 272 50 tonnerre
927 1414 227 68 attend,
1195 1432 150 52 pour
1384 1416 248 69 gronder
1672 1435 77 35 au
1788 1416 140 69 loin,
1970 1437 113 52 que
2121 1418 84 56 les
2244 1421 300 72 applaudis-

491 1497 256 51 sements
789 1492 156 56 aient
985 1494 157 54 cessé
1167 1494 10 54 !

606 1574 89 54 De
738 1574 250 68 Franck,
1030 1573 53 56 le
1139 1592 273 38 morceau
1468 1577 432 72 symphonique
1959 1579 72 55 de
2520 1591 57 47 et

507 1653 214 73 Psyché
749 1661 106 49 ont
900 1656 93 54 été
1039 1657 273 55 exécutés
1355 1675 143 37 avec
1540 1676 84 37 un
1669 1661 188 70 grand
1898 1661 163 54 souci
2107 1662 71 55 de
2222 1681 257 37 nuances
2520 1672 58 47 et

490 1734 241 56 suivant
775 1755 115 37 une
932 1736 367 72 progression
1343 1738 362 74 dynamique
1749 1742 120 53 très
1910 1741 137 56 bien
2090 1743 186 71 réglée
2304 1745 115 69 ;je
2462 1745 115 55 suis

491 1816 277 54 d'autant
806 1816 132 72 plus
975 1817 262 56 heureux
1275 1820 72 53 de
1384 1818 53 56 le
1476 1826 299 51 constater
1815 1840 114 52 que
1967 1821 56 72 je
2060 1841 95 37 me
2193 1823 118 56 suis
2365 1826 214 71 permis

490 1902 135 50 tout
659 1900 34 52 à
722 1898 219 55 l'heure
974 1898 71 55 de
1079 1898 334 74 l'exprimer
1430 1902 34 53 à
1482 1902 58 53 M
1563 1902 288 56 .Colonne.
1865 1903 148 55 Mais
2037 1905 155 54 aussi
2224 1906 142 54 c'est
2382 1906 82 54 lui
2481 1907 97 71 qui

491 1996 146 37 nous
691 1980 264 71 apprend
1006 1981 35 52 à
1092 1980 121 55 être
1266 1980 263 57 difficiles
1580 2001 150 53 pour
1778 1982 301 57 lui-même
2107 1986 9 53 !

604 2060 341 71 Cependant
1011 2060 52 55 le
1129 2067 380 50 mouvement
1558 2062 73 56 de
1694 2063 331 57 l'interlude
2075 2067 72 55 de

490 2140 146 54 était
684 2159 82 36 un
813 2159 115 53 peu
974 2141 123 56 lent
1144 2160 150 53 pour
1341 2145 293 71 exprimer
1680 2145 363 72 l'allégresse.
2079 2148 80 54 Et
2207 2155 188 65 quant
2445 2150 133 57 àla

490 2221 285 54 tradition
827 2221 213 56 établie
1095 2241 76 36 au
1225 2223 267 56 Châtelet
1547 2226 72 55 de
1672 2227 257 71 reléguer
1981 2227 83 56 les
2117 2230 231 54 chœurs
2415 2237 61 50 et
2527 2232 50 56 le

489 2301 251 56 récitant
778 2303 71 54 de
1299 2303 216 70 Psyché
1140 2305 148 53 dans
1323 2305 59 53 la
1418 2305 263 72 coulisse,
1722 2307 55 71 je
1813 2326 73 37 ne
1924 2310 225 54 saurais
2184 2310 391 73 l'approuver,

489 2383 235 55 eût-elle
763 2385 94 53 été
898 2388 133 50 cent
1073 2383 110 55 fois
1216 2385 216 57 tolérée
1472 2405 109 55 par
1619 2388 53 56 le
1712 2391 136 70 père
1890 2391 249 55 Franck.
2182 2394 94 54 On
2315 2411 41 54 y
2395 2413 180 53 gagne

488 2480 135 37 sans
648 2463 180 56 doute
852 2482 83 36 un
956 2482 118 54 peu
1098 2466 72 53 de
1195 2467 274 70 mystère,
1496 2468 148 55 mais
1669 2488 77 38 on
1769 2488 41 53 y
1834 2489 184 53 gagne
2045 2472 154 55 aussi
2222 2491 83 37 un
2329 2474 246 57 fâcheux

488 2543 391 70 harmonium,
904 2550 79 63 et,
1008 2564 137 37 sans
1168 2552 264 66 compter
1454 2547 461 60 l'inconvénient
1935 2552 71 55 de
2029 2571 74 37 ne
2127 2554 131 71 plus
2281 2556 294 71 percevoir

485 2642 84 37 un
592 2626 204 55 traître
822 2631 127 48 mot
975 2627 102 55 des
1100 2627 227 71 paroles
1356 2628 69 70 (si
1450 2648 206 38 encore
1680 2631 52 56 le
1758 2650 370 55 programme
2152 2635 86 56 les
2264 2636 247 56 donnait
2537 2639 35 67 !)

486 2722 76 39 on
613 2724 41 53 y
702 2707 146 70 perd
896 2712 168 51 toute
1115 2709 274 57 cohésion
1437 2716 166 51 entre
1651 2712 84 56 les
1784 2714 140 54 voix
1972 2715 483 58 instrumentales
2517 2725 56 50 et

485 2787 278 55 chorales.
802 2790 82 53 Le
922 2789 203 55 défaut
1163 2791 71 55 de
1270 2791 58 55 la
1364 2792 404 59 combinaison
1805 2797 274 72 apparaît
2116 2799 148 54 dans
2299 2805 137 50 tout
2471 2819 103 37 son

484 2866 181 57 lustre
717 2870 204 71 quand
969 2870 84 56 les
1102 2871 231 72 harpes,
1385 2872 237 59 visibles
1672 2881 60 50 et
1784 2879 299 70 présentes
2135 2880 35 53 à
2220 2880 353 71 l'orchestre,

485 2955 465 67 accompagnent
1020 2951 81 56 les
1170 2952 279 57 lointains
1516 2956 301 56 choristes.

598 3031 199 71 Quant
823 3050 117 37 aux
962 3051 234 39 œuvres
1218 3035 240 67 mêmes,
1483 3036 135 56 elles
1653 3040 343 56 demeurent
2031 3041 287 73 exquises.
2357 3043 216 73 Qu'elle

484 3110 148 54 était
674 3112 352 58 mélodieuse
1064 3114 175 57 l'âme
1280 3135 144 55 pure
1465 3117 73 56 de
1577 3136 65 37 ce
1683 3119 302 72 musicien,
2025 3123 54 55 le
2119 3124 124 56 seul
2281 3125 291 72 peut-être

484 3191 101 71 qui
632 3191 83 55 ait
759 3213 84 53 pu
888 3213 135 37 sans
1068 3195 240 57 ridicule
1355 3197 284 58 affronter
1683 3201 58 54 la
1785 3201 301 73 périlleuse
2132 3205 318 74 entreprise
2504 3208 66 54 de

482 3271 144 56 faire
673 3275 244 55 chanter
961 3276 83 55 les
1092 3295 177 54 anges
1294 3279 10 53 !
1357 3281 157 55 Pour
1559 3281 186 56 n'être
1793 3285 172 70 guère
2019 3288 347 71 chatoyant,
2428 3307 144 53 pour

481 3355 278 70 procéder
795 3374 108 53 par
938 3356 190 73 larges
1163 3361 266 69 touches,
1468 3380 75 36 en
1580 3363 176 71 glacis
1792 3368 366 69 superposés,
2203 3368 367 72 registration

481 3434 198 71 plutôt
721 3454 206 38 encore
968 3437 650 75 qu'instrumentation,
1660 3462 106 38 son
1808 3448 295 56 orchestre
2145 3467 72 37 ne
2258 3449 170 56 laisse
2467 3468 102 55 pas

482 3515 73 55 de
598 3516 272 70 produire
916 3520 186 71 grand
1143 3520 162 56 effet.
1352 3524 94 56 On
1491 3544 34 36 a
1567 3525 391 73 l'impression
2004 3529 72 56 de
2121 3528 189 58 fouler
2353 3530 215 57 l'herbe

481 3595 222 72 épaisse
744 3603 60 49 et
847 3600 197 55 fleurie
1088 3601 101 55 des
1229 3604 178 54 hauts
1449 3608 317 71 pâturages
1810 3608 303 73 alpestres.

594 3680 79 52 M.
715 3680 254 72 Jacques
1004 3683 277 57 Thibaud
1317 3704 34 36 a
1389 3685 154 73 joué,
1584 3707 140 37 avec
1764 3707 66 38 sa
1869 3691 281 55 maestria
2187 3694 378 68 coutumière,
