2720 4427
948 400 269 38 BULLETIN
1252 396 265 52 FRANÇAIS
1554 396 72 36 DE
1662 393 65 37 LA
1766 393 41 37 S.
1847 392 33 38 I.
1920 395 54 35 M.

418 409 92 48 132

418 575 92 38 ses
541 556 342 70 triomphes.
920 552 100 67 Et,
1054 550 125 54 s'ils
1213 547 374 71 disparurent
1621 546 223 54 devant
1877 541 55 56 le
1966 539 284 70 clavecin,
2284 556 226 42 comme

418 637 126 55 leur
577 641 94 50 art
703 630 332 59 s'évanouit
1070 631 223 54 devant
1325 626 241 71 l'opéra,
1601 641 64 38 ce
1698 623 155 55 n'est
1886 637 108 55 pas
2030 622 35 52 à
2097 637 150 38 nous
2283 621 72 53 de
2388 619 121 58 leur

419 736 73 37 en
516 715 143 57 faire
682 713 164 74 grief.
873 713 165 54 Nous
1060 726 74 39 ne
1157 724 256 39 sommes
1434 706 135 72 plus
1592 722 77 38 au
1693 710 196 64 temps
1912 702 76 53 où
2016 699 173 73 Lully
2214 701 296 70 marquait

419 799 149 54 dans
583 791 430 74 l'imagination
1032 788 283 73 publique
1334 786 53 57 le
1406 786 170 72 point
1595 787 73 55 de
1688 786 212 68 départ
1919 783 74 55 de
2012 786 170 49 toute
2203 778 267 73 musique
2495 783 10 54 !

419 876 447 56 Laissons-nous
920 873 152 55 donc
1118 886 217 57 gagner
1382 870 37 53 à
1466 867 58 56 la
1570 884 174 39 cause
1791 866 104 56 des
1938 863 163 56 luths
2147 866 62 52 et
2242 862 72 55 de
2360 859 152 59 leurs

419 956 346 56 tablatures.

531 1035 292 73 Quelques
860 1032 140 56 voix
1039 1030 319 56 autorisées
1395 1046 61 38 se
1494 1032 137 52 sont
1669 1026 314 67 d'ailleurs,
2007 1022 154 72 déjà,
2176 1021 113 57 fait
2310 1026 167 52 enten-

419 1119 101 54 dre
539 1134 73 37 en
633 1116 206 55 faveur
859 1113 175 55 d'une
1053 1110 50 56 si
1124 1111 158 71 juste
1301 1106 460 60 revendication.
1783 1108 82 54 Le
1884 1108 217 52 savant
2130 1102 382 56 Kiesewetter

417 1215 74 38 en
520 1196 162 70 1830,
713 1196 93 55 fut
840 1213 81 36 un
957 1195 100 54 des
1091 1191 280 72 premiers
1405 1192 36 54 à
1474 1188 248 75 signaler
1755 1186 260 56 l'intérêt
2049 1186 74 54 de
2158 1201 94 38 ces
2286 1183 224 56 études.

421 1279 142 53 Plus
596 1275 135 56 tard
765 1275 189 71 (1878)
993 1271 442 69 Wassielewski,
1470 1268 283 58 historien
1785 1266 233 74 patient
2051 1266 73 54 de
2156 1265 57 54 la
2246 1262 268 72 musique

419 1355 468 67 instrumentale,
916 1357 312 52 rencontra
1274 1352 53 55 le
1374 1351 135 56 luth
1556 1367 78 39 au
1681 1366 170 37 cours
1899 1348 74 55 de
2018 1364 92 38 ses
2157 1345 354 57 recherches.

421 1439 178 54 Enfin
632 1437 57 55 la
722 1432 625 75 Vierteljahresschrift
1381 1432 93 56 fur
1509 1426 622 72 Musikwissenschaft,
2156 1431 157 52 cette
2337 1442 178 40 revue

423 1519 71 55 de
517 1520 182 54 haute
722 1516 313 69 érudition,
1060 1515 119 72 prit
1195 1515 130 54 soin
1347 1512 73 57 de
1435 1529 304 39 consacrer
1757 1511 100 55 dès
1877 1510 146 54 1886
2039 1526 115 38 une
2171 1508 119 55 très
2303 1505 212 73 longue

423 1596 421 74 monographie
879 1615 78 37 au
993 1595 249 72 superbe
1279 1591 325 58 manuscrit
1640 1610 74 37 en
1752 1591 299 55 tablature
2088 1586 289 72 française
2415 1585 101 72 qui

421 1696 138 39 orne
579 1679 53 54 le
663 1677 234 58 cabinet
916 1679 100 54 des
1042 1681 294 66 estampes
1361 1675 71 56 de
1452 1672 58 57 la
1537 1672 415 73 Bibliothèque
1974 1670 198 73 royale
2196 1670 71 54 de
2299 1666 216 57 Berlin.

422 1760 155 53 Tout
599 1760 355 53 récemment
977 1774 226 38 encore,
1232 1755 286 73 plusieurs
1542 1771 288 55 ouvrages
1849 1769 152 38 nous
2022 1756 108 50 ont
2153 1747 364 59 familiarisés

423 1858 144 37 avec
599 1841 49 54 le
689 1839 175 71 sujet,
899 1844 63 51 et
1002 1839 102 54 des
1145 1835 447 73 transcriptions
1615 1851 227 38 comme
1882 1831 172 57 celles
2084 1832 73 56 de
2190 1828 326 70 Chilesotti,

423 1920 71 56 de
527 1920 270 71 Morphy,
828 1920 71 55 de
933 1919 171 67 Wolf,
1143 1919 73 56 de
1240 1915 282 76 Quittard
1546 1921 107 50 ont
1682 1915 326 71 encouragé
2039 1919 169 49 notre
2244 1908 275 59 curiosité

422 2001 236 71 jusqu'à
701 2000 58 56 la
803 2000 208 56 rendie
1054 1999 364 72 impérieuse.
1466 1999 166 53 Nous
1675 2014 218 38 savons
1938 1996 153 55 donc
2136 1990 381 73 aujourd'hui

425 2079 143 75 qu'il
606 2081 184 55 existe
828 2082 149 55 dans
1013 2098 248 54 presque
1300 2082 198 53 toutes
1533 2077 84 56 les
1653 2076 438 73 bibliothèques
2128 2075 73 56 de
2239 2074 278 71 l'Europe

423 2160 281 72 quelques
771 2161 252 73 vestiges
1079 2159 301 73 imprimés
1434 2176 78 37 ou
1573 2156 356 57 manuscrits
1984 2156 74 56 de
2114 2160 94 52 cet
2265 2159 94 52 art
2416 2152 103 56 des

422 2241 274 56 luthistes
737 2243 241 69 oubliés,
1021 2259 115 55 que
1178 2258 92 39 ces
1314 2256 232 40 œuvres
1587 2240 405 71 représentent
2032 2255 116 38 une
2169 2240 139 70 part
2331 2239 136 52 tout
2484 2235 36 53 à

426 2320 109 56 fait
568 2321 363 73 importante
967 2321 73 56 de
1072 2326 170 50 notre
1278 2319 354 73 patrimoine
1668 2317 264 72 musical,
1969 2324 61 49 et
2064 2317 243 74 qu'elles
2340 2316 148 55 réser-

423 2408 145 49 vent
600 2404 35 53 à
665 2420 147 37 ceux
844 2401 101 74 qui
976 2403 81 55 les
1089 2403 131 54 font
1249 2400 230 58 revivre
1510 2401 102 56 des
1641 2399 146 73 joies
1819 2400 277 56 délicates
2126 2405 63 50 et
2218 2396 223 57 nobles.

536 2484 52 54 A
605 2483 127 57 vrai
765 2483 138 68 diie,
930 2500 150 38 nous
1109 2500 75 38 ne
1214 2499 216 39 savons
1460 2483 174 72 guère
1665 2486 168 51 autre
1865 2483 193 67 chose,
2089 2485 63 52 et
2182 2480 83 56 les
2294 2479 193 57 recher-

425 2565 134 53 ches
586 2564 350 73 accomplies
962 2564 237 73 jusqu'à
1225 2582 64 36 ce
1315 2564 134 72 jour
1476 2563 245 55 doivent
1748 2564 123 54 être
1898 2561 364 57 considéiées
2289 2577 230 40 comme

422 2643 368 72 provisoiies.
835 2645 110 55 Les
986 2644 312 72 premières
1343 2643 315 55 difficultés
1700 2643 280 57 vaincues
2021 2660 151 38 nous
2214 2644 306 53 montrent

423 2730 135 50 tout
587 2743 65 38 ce
681 2725 102 74 qui
812 2730 152 51 reste
993 2726 37 54 à
1058 2725 163 70 faire,
1251 2730 82 65 et,
1363 2743 136 37 sans
1528 2724 290 70 témérité,
1848 2743 79 38 on
1954 2743 76 37 ne
2058 2724 225 56 saurait
2312 2739 208 39 encore

422 2811 193 65 parier
643 2806 72 56 de
743 2805 278 56 résultats
1051 2805 221 73 acquis.
1303 2805 198 56 Mieux
1529 2809 150 52 vaut
1707 2805 250 73 préciser
1985 2805 247 71 l'aspect
2261 2805 72 55 de
2361 2806 159 54 cette

422 2888 174 54 tâche
634 2885 102 74 qui
775 2885 198 57 s'offre
1014 2888 35 53 à
1085 2904 169 52 nous,
1294 2890 63 51 et
1395 2903 170 56 poser
1604 2891 136 51 tout
1780 2886 251 56 d'abord
2068 2886 82 55 les
2189 2885 331 73 problèmes

423 2966 145 74 qu'il
593 2985 150 39 nous
770 2971 89 53 est
887 2966 254 74 possible
1169 2966 400 74 d'apercevoir
1597 2968 103 56 dès
1728 2969 35 53 à
1790 2969 256 71 présent.
2079 2968 80 54 Ils
2187 2971 137 51 sont
2351 2983 126 39 nom-

421 3048 207 70 breux,
665 3053 61 52 et
760 3048 126 57 leur
920 3048 256 57 solution
1216 3048 358 57 demandera
1608 3049 255 72 quelque
1900 3049 299 57 méthode.

535 3502 81 56 Et
668 3507 135 51 tout
858 3501 268 72 d'abord,
1159 3505 287 74 qu'est-ce
1498 3502 186 77 qu'un
1735 3506 135 56 luth
1899 3511 24 51 ?
1978 3507 263 74 Lorsque
2294 3509 224 56 Musset

419 3582 244 59 écrivait
690 3604 14 36 :

767 3698 188 72 Poète,
985 3699 210 73 prends
1223 3706 94 50 ton
1355 3700 126 58 luth
1507 3706 49 50 et
1581 3720 91 38 me
1703 3703 186 55 donne
1918 3721 81 37 un
2031 3703 185 57 baiser
