2720 4427
773 416 600 42 BECKMESSERIANISME
1406 425 238 34 ANGLAIS

2158 432 95 35 201

164 560 248 56 versités
433 579 102 38 sur
558 562 84 56 les
666 570 146 65 arts,
830 566 238 57 d'autre
1091 577 160 64 part,
1265 572 271 58 donnent
1560 593 82 37 un
1660 575 222 57 intérêt
1906 579 348 71 particulier

163 646 57 51 et
257 642 240 70 général
535 645 34 53 à
605 645 59 54 la
703 646 280 71 question
1023 650 72 54 de
1132 651 59 55 la
1228 652 277 74 musique
1543 656 153 55 dans
1731 657 87 56 les
1856 657 395 59 Universités.

267 1133 121 55 Nul
422 1136 157 54 n'est
615 1136 138 72 plus
788 1138 292 57 éducable
1117 1159 115 53 que
1268 1142 53 56 le
1355 1145 206 71 public
1597 1146 229 72 anglais
1862 1165 152 53 pour
2050 1147 104 73 qui
2188 1147 59 56 la

155 1213 271 73 musique
470 1216 159 56 n'est
675 1217 175 72 point
896 1239 82 36 un
1034 1227 424 69 passe-temps.
1515 1226 168 54 Nous
1734 1226 237 56 l'avons
2025 1246 102 51 vu,
2181 1246 66 38 ce

154 1294 220 74 public,
413 1296 201 57 suivre
653 1316 147 38 avec
840 1301 308 56 attention
1186 1321 102 37 sur
1326 1322 109 37 son
1473 1324 380 54 programme
1892 1310 73 53 de
2004 1315 243 49 concert

154 1377 80 56 les
285 1378 232 55 notices
572 1380 387 73 analytiques
1011 1388 62 50 et
1129 1385 282 56 chercher
1465 1387 478 57 studieusement
1998 1391 34 53 à
2087 1409 120 35 com-

151 1458 270 73 prendre,
455 1460 131 54 soin
617 1461 261 71 louable,
912 1481 161 52 sans,
1106 1467 305 70 peut-être
1444 1468 34 54 à
1510 1474 146 63 tort,
1691 1470 243 54 écouter
1966 1489 164 37 assez
2162 1470 84 57 les

151 1540 334 55 sensations
522 1560 117 53 que
676 1542 60 56 la
772 1543 277 73 musique
1087 1546 234 71 évoque
1358 1566 75 36 en
1470 1547 102 56 lui.
1616 1548 52 55 Il
1705 1568 73 36 ne
1816 1550 59 54 la
1910 1551 167 55 subit
2113 1570 130 53 pas,

151 1620 146 55 mais
322 1620 250 58 l'étudié
600 1645 15 47 ;
643 1622 42 55 il
711 1625 212 56 écoute
950 1625 84 56 les
1061 1627 144 55 voix
1233 1628 329 56 autorisées
1588 1635 62 49 et
1678 1649 65 37 ce
1771 1631 247 70 qu'elles
2046 1632 167 55 décrè-

150 1705 150 64 tent,
342 1702 151 55 croit
535 1702 84 56 les
659 1703 309 74 critiques,
1010 1708 194 69 prend
1242 1708 164 72 parti
1447 1715 59 49 et
1548 1728 61 38 se
1650 1710 323 72 passionne
2013 1730 231 37 comme

150 1797 70 38 en
261 1800 82 37 un
384 1785 208 53 match
634 1802 79 37 ou
753 1805 84 36 un
879 1786 272 56 incident
1193 1788 456 73 international,
1693 1809 179 54 parce
1915 1792 148 71 qu'il
2105 1792 139 73 juge

151 1862 201 55 devoir
377 1863 55 55 le
466 1863 149 56 faire
650 1871 61 50 et
739 1867 150 70 qu'il
916 1867 114 55 fait
1059 1874 206 50 toutes
1293 1871 211 55 choses
1529 1872 454 55 sérieusement.
2016 1874 128 72 Que
2171 1872 71 70 si,

150 1943 144 55 dans
327 1962 82 37 un
445 1952 242 49 concert
724 1947 325 56 dominical
1081 1950 283 71 parisien,
1400 1970 153 38 vous
1586 1971 192 54 voyez
1812 1954 84 54 les
1932 1954 312 55 auditeurs

148 2040 369 42 commencer
553 2029 34 52 à
620 2027 108 56 lire
762 2029 85 55 les
880 2030 233 56 notices
1148 2031 82 56 du
1263 2050 400 55 programme,
1684 2040 61 49 et
1781 2054 75 35 en
1880 2040 244 51 tourner
2158 2035 85 54 les

149 2102 254 60 feuillets
431 2126 123 36 non
582 2126 140 37 sans
749 2110 187 70 bruit,
968 2111 147 55 c'est
1143 2130 118 37 une
1291 2131 226 52 preuve
1546 2133 256 53 presque
1832 2115 264 54 certaine
2125 2134 117 53 que

148 2183 49 56 le
240 2187 291 56 Concerto
576 2208 78 36 ou
699 2190 58 54 la
802 2191 370 72 Symphonie
1218 2194 179 71 qu'ils
1442 2196 287 53 écoutent
1772 2195 85 56 lui
1901 2196 339 71 paraissent

149 2266 217 57 dénués
395 2269 285 55 d'intérêt
708 2289 80 38 ou
817 2274 181 53 d'une
1025 2272 293 73 longueur
1346 2294 116 53 que
1490 2276 127 55 rien
1645 2295 74 37 ne
1746 2276 248 71 justifie.
2026 2276 212 71 Même,

148 2347 314 56 arrive-t-il
502 2351 227 71 parfois
769 2370 137 53 que,
953 2355 103 53 dès
1096 2355 54 55 le
1193 2355 344 56 lendemain
1575 2357 215 70 matin,
1834 2357 58 55 la
1931 2357 141 72 jolie
2115 2376 82 37 ma-

148 2441 167 43 dame
333 2432 118 54 X...
489 2450 61 38 se
589 2434 293 71 précipite
899 2435 212 56 visiter
1142 2436 85 55 les
1251 2437 305 56 fourrures
1576 2439 71 54 de
1674 2439 58 54 la
1752 2439 233 54 Maison
2003 2440 138 53 Dax
2159 2457 79 36 ou

144 2507 379 74 l'exposition
564 2515 72 55 de
683 2515 239 56 Corsets
958 2516 256 73 Hygeia,
1240 2517 85 56 les
1367 2519 158 54 seuls
1552 2519 351 70 rationnels,
1939 2524 211 67 ayant,
2178 2519 59 56 la

145 2590 187 71 veille,
361 2592 62 55 lu
452 2599 139 51 tout
620 2595 55 55 le
705 2613 381 54 programme
1117 2599 72 54 de
1221 2600 77 53 M.
1331 2600 71 53 E.
1429 2599 283 70 Colonne,
1745 2618 302 37 annonces
2077 2618 118 37 com-

145 2670 180 70 prises
382 2691 78 39 au
523 2693 176 38 cours
766 2676 182 56 d'une
1001 2695 207 38 œuvre
1260 2679 554 72 particulièrement
1866 2698 364 54 ennuyeuse.

142 2750 164 57 Ainsi
346 2754 83 56 les
482 2757 222 69 grands
746 2763 274 50 concerts
1072 2765 244 50 servent
1367 2760 54 55 le
1473 2779 334 37 commerce
1859 2760 295 56 national.

254 2832 52 55 Il
342 2835 141 55 n'en
520 2841 92 50 est
649 2855 112 54 pas
799 2838 154 54 ainsi
991 2858 75 35 en
1104 2840 371 72 Angleterre.
1517 2841 105 55 S'il
1664 2841 72 55 lit
1782 2859 109 37 son
1965 2841 265 71 analyse,

142 2909 322 62 l'auditeur
497 2916 325 57 londonien
856 2919 59 54 la
949 2919 72 54 lit
1057 2938 155 53 pour
1245 2920 335 56 s'instruire
1612 2943 10 33 :
1661 2921 41 55 il
1736 2940 74 36 ne
1846 2926 146 50 veut
2027 2939 109 53 pas
2171 2938 61 38 se

145 2995 259 72 tromper
437 3015 102 37 sur
569 2999 60 54 la
661 2999 403 72 signification
1099 3008 212 48 exacte
1345 3004 103 53 des
1481 3004 231 53 thèmes
1746 3004 73 54 de
1849 3003 59 53 la

149 3071 179 59 Héros
356 3076 63 55 ni
455 3095 101 37 sur
589 3079 60 53 la
685 3081 142 54 date
864 3081 73 55 de
972 3081 58 55 la
1890 3081 163 71 Sympho
2054 3081 149 70 Mieux,
2204 3081 43 55 les

144 3154 223 57 décrets
410 3160 106 53 des
559 3160 306 72 critiques,
911 3161 84 55 les
1039 3163 231 54 notices
1315 3164 103 53 des
1462 3180 428 55 programmes,
1936 3161 294 73 l'opinion

144 3232 97 56 des
278 3240 220 67 grands
527 3240 74 55 de
640 3258 65 37 ce
744 3243 240 68 monde,
1012 3243 265 54 forment
1315 3259 106 38 son
1447 3243 331 72 jugement,
1805 3243 137 71 plus
1981 3260 116 54 que
2121 3260 108 37 son

141 3316 140 66 goût
314 3319 192 56 même
544 3338 73 38 ne
649 3321 55 55 le
739 3321 195 71 guide.

249 3395 174 58 Voilà
450 3401 301 72 pourquoi
779 3403 42 53 il
847 3403 262 72 importe
1138 3422 116 53 que
1283 3420 96 39 ces
1407 3403 286 72 critiques
1722 3409 60 50 et
1811 3404 84 55 les
1923 3409 306 50 amateurs

142 3475 98 67 qui
286 3479 268 57 donnent
600 3481 54 55 le
700 3486 109 51 ton
875 3483 231 56 fassent
1171 3489 238 50 montre
1453 3484 371 56 eux-mêmes
1871 3485 74 55 de
1997 3485 230 55 bonnes

141 3555 269 69 opinions
445 3563 335 54 musicales.
818 3564 62 55 Si
915 3564 411 70 l'Université,
1365 3583 77 36 au
1478 3570 199 66 temps
1712 3565 217 71 qu'elle
1964 3565 85 55 les
2083 3565 108 55 édu-

142 3636 186 71 quait,
356 3658 73 38 ne
456 3641 130 56 leur
609 3660 35 37 a
669 3662 111 53 pas
807 3644 280 72 inculqué
1105 3664 83 36 un
1214 3646 311 72 jugement
1552 3645 245 69 sain,un
1824 3648 147 70 goût
1988 3645 235 69 éclairé,

142 3728 110 40 une
288 3721 426 56 connaissance
752 3725 319 70 complète,
1109 3725 128 55 leur
1273 3725 293 56 influence
1603 3725 104 71 qui
1745 3725 197 55 aurait
1979 3743 82 53 pu
2098 3725 127 55 être
