2895 5885
930 407 416 66 BRUNO'S
1478 406 445 67 WEEKLY.

134 416 118 56 110

133 553 158 68 who
347 553 245 68 knows
648 577 157 56 you,
865 553 149 68 told
1070 577 81 44 us
1210 555 212 66 about
1476 575 178 58 your
1711 547 519 72 eccentricities.
2329 550 72 66 Is
2456 547 58 66 it
2567 557 157 57 true

133 638 153 64 that
328 660 139 56 you
514 636 290 68 refused
850 646 72 58 to
970 646 289 58 execute
1303 638 197 66 work
1545 638 153 64 that
1742 636 232 66 would
2020 635 177 66 have
2241 631 307 81 brought
2590 652 141 59 you

132 723 386 67 thousands
572 723 81 67 of
711 723 260 67 dollars
1024 724 295 66 because
1368 745 139 57 you
1561 723 335 67 wouldn't
1947 716 548 71 commercialize
2546 736 180 61 your

137 807 155 66 art?

221 894 32 62 I
306 892 130 66 felt
482 916 39 42 a
565 892 103 66 bit
712 914 266 58 uneasy
1019 892 139 66 and
1207 890 118 68 did
1371 902 125 56 not
1542 892 212 80 reply.
1842 890 154 66 The
2038 889 203 67 black
2284 887 139 69 veil
2467 909 91 46 on
2606 887 125 64 her

138 977 158 66 face
343 975 320 68 irritated
712 999 110 44 me
872 977 118 67 for
1037 978 117 65 the
1200 978 156 66 first
1396 977 170 66 time
1612 977 137 66 and
1798 977 32 64 I
1879 973 378 70 wondered
2304 973 188 66 what
2538 970 193 68 color

137 1063 125 64 her
314 1085 158 56 eyes
523 1061 225 82 might
794 1065 105 66 be.

504 1146 81 68 of
850 1148 121 66 she
1026 1146 264 68 started
1344 1146 223 80 again,
1852 1153 188 57 must
2089 1166 90 58 go
2231 1153 124 56 out
2406 1141 137 66 and
2594 1143 139 77 buy

137 1253 111 44 me
299 1254 193 44 some
543 1231 286 67 clothes.
924 1234 32 63 I
1009 1254 113 43 am
1170 1254 44 43 a
1263 1231 274 81 perfect
1584 1229 459 80 thirty-eight,
2098 1227 138 66 and
2285 1227 56 66 it
2390 1227 212 66 won't
2648 1227 85 65 be

137 1317 177 66 hard
364 1327 74 58 to
489 1327 118 70 get
655 1317 150 80 just
856 1319 188 66 what
1097 1319 30 62 I
1183 1327 205 56 want.
1483 1319 156 78 Buy
1686 1337 110 44 me
1849 1337 40 44 a
1938 1314 415 67 tailormade
2406 1312 155 80 suit,
2614 1312 120 66 the

137 1402 299 81 plainest
487 1425 141 56 you
680 1425 129 43 can
866 1414 134 67 get.
1098 1403 156 78 Buy
1305 1424 112 44 me
1471 1424 41 42 a
1569 1402 141 66 few
1767 1398 435 78 shirtwaists,
2260 1398 137 66 and
2450 1398 169 65 here
2673 1395 60 68 is

137 1508 40 44 a
215 1486 118 68 list
369 1486 81 68 of
489 1488 91 64 all
619 1488 117 66 the
773 1488 202 66 other
1012 1486 234 82 things
1288 1488 31 64 I
1359 1486 195 66 need.
1639 1486 32 65 I
1710 1486 203 65 made
1952 1485 152 64 that
2143 1483 117 66 list
2297 1493 126 58 out
2462 1481 265 68 several

138 1573 171 79 days
353 1595 154 57 ago.
596 1573 184 66 Now
824 1573 193 66 don't
1058 1574 84 65 be
1186 1571 256 69 afraid.
1532 1571 103 66 Go
1681 1569 73 66 in
1798 1593 40 42 a
1879 1569 120 80 big
2043 1569 439 80 department
2526 1578 207 56 store.

142 1657 106 70 Go
294 1668 73 57 at
411 1659 156 66 first
611 1668 73 57 to
733 1659 117 66 the
895 1659 315 66 transfer
1258 1659 436 78 department
1740 1656 136 66 and
1923 1656 180 66 have
2152 1656 189 64 them
2387 1652 161 80 give
2590 1673 141 59 you

138 1764 43 44 a
235 1742 315 66 transfer
606 1744 150 78 slip.
853 1742 200 66 Then
1109 1764 89 58 go
1254 1751 73 55 to
1383 1742 117 64 the
1554 1740 212 68 trunk
1820 1740 438 78 department
2311 1739 139 64 and
2502 1739 141 78 buy
2694 1759 40 44 a

137 1827 135 81 big,
316 1828 225 80 heavy
582 1828 232 66 trunk.
900 1827 156 66 Tell
1098 1827 117 67 the
1259 1849 332 57 manager
1634 1849 138 56 you
1816 1825 175 66 wish
2035 1825 93 64 all
2170 1822 376 83 purchases
2590 1844 141 57 you

138 1932 121 45 are
296 1910 217 81 going
550 1922 73 55 to
662 1911 201 66 make
902 1911 240 80 placed
1183 1910 70 66 in
1291 1910 139 66 this
1469 1911 214 65 trunk
1722 1910 137 66 and
1901 1918 154 56 sent
2092 1918 73 56 to
2206 1930 176 56 your
2424 1906 310 66 address.

140 1996 113 68 Do
299 1996 159 80 this,
506 1998 249 79 please,
800 1996 73 66 in
916 2020 176 56 your
1137 2018 222 44 name.
1447 1996 156 64 Tell
1649 1996 188 64 them
1882 1994 56 66 it
1982 1994 60 66 is
2091 1993 117 67 for
2253 1993 119 66 the
2418 1991 189 68 maid
2653 1991 81 68 of

137 2103 177 57 your
370 2093 185 67 aunt,
611 2104 83 44 or
750 2082 396 78 something
1195 2081 81 67 of
1332 2081 153 66 that
1537 2079 190 81 kind,
1781 2079 139 66 and
1971 2079 164 80 they
2187 2077 142 68 will
2380 2077 159 80 give
2589 2098 142 59 you

140 2165 119 70 the
308 2167 188 80 right
540 2167 169 66 kind
760 2167 81 68 of

226 2252 34 64 I
318 2252 300 66 realized
678 2252 116 66 for
850 2252 116 64 the
1022 2252 156 64 first
1229 2250 167 66 time
1452 2250 149 66 that
1659 2250 120 66 she
1837 2248 218 80 really
2109 2248 119 66 did
2282 2248 212 66 know
2548 2247 186 67 what

140 2335 124 67 she
321 2358 144 44 was
526 2336 213 65 about
794 2345 72 57 to
926 2336 110 65 do.
1141 2336 66 63 It
1263 2335 238 66 struck
1561 2357 110 42 me
1728 2357 75 42 as
1864 2331 420 68 wonderful.
2387 2331 154 66 The
2599 2330 134 81 girl

140 2421 305 78 brought
491 2443 89 56 up
629 2421 72 63 in
750 2421 274 78 luxury,
1071 2419 139 66 had
1258 2419 301 78 actually
1605 2419 115 65 the
1767 2418 141 79 grit
1954 2428 72 56 to
2075 2426 178 58 start
2299 2440 41 42 a
2382 2438 156 44 new
2585 2414 148 78 life,

138 2504 219 80 really
394 2528 41 42 a
474 2528 154 44 new
670 2504 146 68 life.
904 2504 139 68 She
1082 2504 276 66 wanted
1398 2514 73 56 to
1512 2504 313 78 improve
1866 2504 116 64 the
2025 2502 223 66 world
2291 2502 137 65 and
2472 2501 262 67 started

138 2601 124 55 out
309 2592 92 76 by
450 2589 398 81 improving
895 2589 290 67 herself.
1283 2590 68 65 It
1400 2611 144 44 was
1595 2587 345 66 Hercules
1993 2587 215 78 work,
2260 2585 301 82 planned
2616 2585 118 68 for

135 2675 230 68 weeks
404 2675 220 66 ahead
663 2675 315 80 perhaps,
1019 2675 206 66 down
1263 2685 73 56 to
1373 2673 117 68 the
1527 2684 184 57 most
1752 2672 263 67 minute
2055 2672 230 66 detail.

223 2760 141 66 She
408 2760 276 66 handed
726 2782 110 44 me
878 2770 141 56 two
1063 2758 320 68 hundred
1429 2758 259 66 dollars
1735 2758 136 64 and
1916 2780 39 42 a
2001 2756 168 80 long
2211 2756 117 66 list
2372 2755 81 67 of
2497 2755 237 81 things

140 2844 34 66 I
230 2846 250 66 should
536 2846 359 78 purchase.
993 2844 155 66 Her
1202 2844 222 66 hands
1481 2843 274 67 seemed
1811 2866 78 43 so
1945 2851 247 70 strong
2243 2841 137 66 and
2436 2865 76 42 so
2570 2863 161 46 sure

140 2929 32 64 I
226 2929 205 66 could
482 2939 125 56 not
658 2929 278 80 explain
988 2929 161 66 how
1200 2927 54 65 it
1305 2927 378 80 happened,
1737 2927 188 66 what
1974 2927 300 66 induced
2324 2948 110 44 me
2485 2936 73 56 to
2612 2944 121 61 say

137 3014 56 67 it
225 3017 125 64 but
389 3015 30 65 I
457 3015 313 66 believed
807 3014 54 66 it
899 3037 142 44 was
1080 3014 117 67 the
1232 3015 154 65 best
1425 3012 102 68 bit
1564 3012 80 68 of
1684 3010 412 83 inspiration
2140 3014 30 62 I
2209 3012 141 68 had
2390 3032 161 46 ever
2590 3010 141 66 had

138 3098 73 66 in
267 3122 117 56 my
440 3098 145 66 life.

780 3185 32 64 I
858 3183 169 80 said,
1198 3205 115 46 see
1352 3205 141 58 you
1539 3183 218 78 really
1799 3203 202 44 mean
2047 3181 189 68 what
2275 3203 139 58 you
2463 3203 141 58 say.
2692 3178 35 68 I

142 3268 140 66 feel
325 3291 137 56 you
507 3290 121 42 are
672 3268 215 79 going
929 3278 73 54 to
1051 3268 90 64 do
1188 3268 186 64 what
1418 3290 138 56 you
1603 3266 239 64 intend
1888 3276 72 56 to
2009 3266 111 68 do.
2209 3266 32 63 I
2289 3266 193 64 don't
2524 3266 209 66 know

137 3354 189 66 what
369 3352 325 68 vocation
741 3376 137 56 you
926 3352 137 65 like
1110 3363 73 55 to
1234 3351 261 78 follow,
1542 3351 125 66 but
1715 3352 32 63 I
1791 3349 210 68 know
2048 3373 134 42 one
2228 3349 237 81 thing!
2536 3349 197 68 there

135 3437 59 68 is
255 3461 41 42 a
355 3437 102 66 lot
513 3437 83 68 of
655 3437 272 66 trouble
988 3437 136 66 and
1186 3435 605 80 disappointment,
1852 3434 442 67 humiliation
2357 3434 137 66 and
2555 3434 174 67 hard

135 3523 198 66 work
374 3522 71 66 in
491 3532 187 56 store
723 3522 118 66 for
880 3545 159 55 you.
1126 3522 30 64 I
1197 3522 210 64 know
1447 3544 139 56 you
1628 3542 119 44 are
1791 3520 339 78 prepared
2175 3518 117 68 for
2333 3520 118 64 the
2494 3529 239 57 worst.

137 3608 191 80 Why
369 3618 125 56 not
536 3608 90 66 do
670 3608 54 66 it
768 3606 515 80 immediately?
1374 3608 31 63 I
1451 3605 199 66 think
1698 3606 32 63 I
1781 3605 210 66 know
2035 3628 40 43 a
2118 3627 156 57 way
2314 3605 234 66 where
2590 3625 141 59 you

138 3693 207 67 could
406 3715 205 56 carry
670 3701 124 56 out
851 3715 176 56 your
1087 3691 220 80 plans.
1412 3691 284 64 Instead
1759 3689 81 66 of
1901 3689 241 80 giving
2199 3698 73 57 to
2333 3689 117 66 the
2509 3689 225 68 world

138 3799 134 44 one
331 3777 239 68 useful
631 3777 307 65 member
999 3776 83 67 of
1142 3774 265 80 society
1463 3798 138 57 you
1662 3774 205 68 could
1926 3776 268 64 bestow
2253 3796 187 59 upon
2501 3772 57 68 it
2616 3774 118 68 the

135 3862 142 81 gift
316 3862 81 66 of
438 3872 161 58 two.

563 3947 148 66 me!
812 3947 161 66 You
1029 3945 142 68 will
1225 3945 178 66 have
1459 3943 93 68 all
1605 3945 118 64 the
1777 3943 309 68 troubles
2140 3967 140 56 you
2335 3945 177 66 have
2568 3957 163 54 eve?

138 4030 254 71 looked
441 4031 117 68 for
606 4033 69 64 in
721 4053 178 58 your
946 4031 147 66 life.
1181 4031 163 66 You
1390 4030 145 69 will
1588 4031 156 65 face
1793 4028 357 68 economic
2192 4030 351 81 problems
2590 4052 141 57 you

138 4140 214 44 never
411 4118 328 64 dreamed
802 4116 80 66 of
943 4116 135 64 and
1141 4114 140 66 still
1339 4114 196 66 there
1596 4114 141 66 will
1794 4116 87 64 be
1938 4114 237 80 plenty
2233 4113 81 67 of
2374 4114 169 66 time
2600 4114 134 68 left

138 4211 75 57 to
257 4202 85 65 be
387 4201 231 79 happy
662 4201 137 64 and
844 4209 75 58 to
966 4197 214 80 enjoy
1224 4196 359 67 lifereal
1628 4196 148 79 life,
1828 4197 114 66 far
1989 4219 198 58 away
2236 4197 190 68 from
2473 4197 260 80 society

138 4285 137 68 and
331 4287 190 64 from
574 4296 165 67 teas,
795 4285 137 65 and
985 4284 151 64 that
1183 4292 153 56 sort
1386 4282 82 66 of
1520 4280 219 82 thing.
1832 4282 172 68 Will
2053 4306 141 56 you
2243 4306 241 57 marry

137 4370 137 66 and
331 4372 31 62 I
416 4370 205 66 could
673 4379 126 55 not
848 4367 298 67 restrain
1203 4367 188 67 from
1446 4367 333 79 grasping
1827 4367 127 64 her
2004 4367 209 69 hand.

460 4478 139 56 you
662 4455 191 66 don't
912 4475 171 46 even
1142 4451 210 68 know
1410 4453 161 66 how
1634 4453 30 63 I
2015 4453 123 66 she
2197 4451 170 70 said.

353 4541 210 64 know
616 4561 139 58 you
812 4560 119 44 are
1454 4538 32 64 I
1545 4534 170 82 said,
1933 4536 214 81 you'll
2201 4538 161 66 take
2418 4536 105 69 off
2577 4538 154 67 that

138 4624 137 68 veil
323 4624 81 66 of
452 4646 233 58 yours,
731 4622 212 80 you'll
993 4643 216 59 prove

147 4709 445 81 (Concluded
651 4709 72 66 in
782 4717 173 58 next
1012 4707 257 80 issue).

130 4900 305 66 Bruno's
484 4898 322 78 Weekly,
858 4898 379 78 published
1285 4895 300 79 weekly,
1635 4896 97 76 by
1781 4896 301 65 Charles
2131 4894 293 78 Edison;
2477 4896 252 68 Edited

128 4984 146 66 and
308 4986 284 64 written
626 4983 98 78 by
760 4983 234 64 Guido
1031 4981 264 76 Bruno,
1334 4983 100 62 58
1471 4979 474 80 Washington
1976 4979 306 80 Square,
2318 4979 176 68 New
2526 4981 202 69 York

133 5071 192 78 City.
425 5067 496 80 Subscription
966 5066 92 76 $1
1110 5091 48 42 a
1200 5086 198 59 year.

203 5149 389 64 Application
650 5147 93 52 for
800 5155 180 55 entry
1039 5164 68 35 as
1168 5145 420 54 second-class
1645 5152 229 47 matter
1930 5152 64 47 at
2052 5145 105 54 the
2214 5145 153 54 Post
2423 5145 189 56 Office
2672 5145 64 56 of

140 5218 147 52 New
326 5215 168 54 York
535 5213 284 63 pending.
