2837 4217
184 301 1743 274 EAST&WE
1957 301 163 264 S
2151 301 254 254 T

159 720 233 54 Volume
420 718 24 52 I
839 716 142 53 New
1019 716 175 61 York,
1235 714 315 62 December,
1599 711 139 74 1899
2123 715 251 55 Number
2401 730 31 40 2

949 984 711 130 Night-Wind

900 1154 273 71 Beatrix
1229 1158 367 65 Demarest
1650 1151 226 101 Lloyd

742 1160 103 82 By

609 1305 124 49 Tike
926 1323 129 31 some
1235 1314 151 53 great
1583 1305 155 62 pearl
1924 1307 147 58 from

670 1369 313 61 Upheld
1198 1370 58 60 by
1383 1385 176 31 unseen
1800 1369 160 45 hands

743 1432 85 47 An
981 1434 217 60 offering
1474 1440 48 38 to
1637 1432 157 46 adorn
2025 1447 33 30 a

613 1496 137 47 That
952 1511 128 32 some
1273 1497 265 60 dependent
1852 1496 233 59 princelin

614 1559 108 49 The
893 1576 139 30 moon
1236 1561 121 45 slow
1546 1561 123 45 rises
1862 1561 102 45 into

746 1623 105 47 The
1005 1624 237 60 pulseless
1543 1623 84 47 air
1778 1624 122 46 with

675 1686 131 47 N<ra/
1071 1688 229 59 quickens'
1115 1688 148 45 neath
1988 1688 90 45 her

614 1750 107 48 The
891 1750 293 61 still-poised
1531 1751 251 60 midnight

750 1812 146 48 With
1082 1815 201 60 jealous
1546 1815 141 44 haste
1895 1815 59 45 he
2077 1815 8 44 d

616 1877 127 48 And
926 1877 60 61 by
1109 1877 80 47 his
1333 1877 141 61 right
1659 1877 205 59 forbids

675 1940 75 49 To
964 1949 108 38 note
1245 1942 88 45 her
1491 1942 174 58 beauty
1902 1940 108 47 and

620 2004 140 48 Then
973 2014 64 51 up
1165 2020 60 31 on
1354 2004 174 47 lover's
1767 2004 161 61 wings

748 2067 270 62 Impatient
1330 2070 97 58 for
1589 2069 81 45 the
1786 2069 94 59 joy
2041 2069 44 58 of

611 2132 127 47 And
766 2140 48 39 to
849 2132 81 47 the
962 2131 145 47 earth
1138 2147 88 29 are
1259 2131 201 60 wafted
1486 2131 144 47 down
1664 2131 79 47 his
1775 2131 148 60 sighs.

640 2548 83 46 the
761 2563 90 32 one
889 2548 167 46 article
1094 2548 49 44 in
1182 2547 82 47 the

393 2609 100 45 first
517 2611 202 46 number
742 2610 55 47 of
820 2611 135 45 EAST
980 2624 108 32 AND
1112 2610 153 47 WEST

170 2657 59 55 J.
393 2672 155 45 which
580 2672 233 47 attracted
844 2672 81 46 the
955 2679 127 39 most
1113 2679 127 39 atten-

392 2733 101 46 tion
522 2748 99 32 was
653 2734 123 45 Miss
807 2733 278 46 Edwards's
1161 2733 106 45 The

172 2790 183 61 Eclipse
384 2794 53 46 of
751 2795 119 46 This
900 2809 116 45 very
1047 2795 194 46 interest-

172 2853 81 59 ing
271 2856 91 46 and
385 2859 276 57 suggestive
682 2873 138 43 essay
841 2856 186 47 elicited
1047 2864 85 39 not
1152 2858 115 58 only

172 2916 315 48 considerable
510 2920 170 57 praise,
703 2920 86 46 but
811 2926 49 38 at
883 2920 117 44 least
1023 2934 90 30 one
1137 2934 96 30 com-

172 2977 118 56 plete
319 2980 259 47 refutation
607 2996 53 31 as
690 2980 121 47 well.
874 2981 123 46 Miss
1027 2980 237 47 Edwards

172 3038 207 57 claimed,
411 3042 35 46 it
473 3043 96 46 will
595 3043 58 47 be
681 3043 338 55 remembered,
1048 3044 106 45 that
1182 3058 57 44 po-

173 3107 100 52 etry
303 3117 96 30 was
431 3103 136 56 dead,
599 3104 95 46 and
724 3105 104 45 that
863 3104 58 45 its
954 3104 179 46 demise
1165 3119 100 32 was

174 3160 89 47 due
287 3169 49 39 to
360 3165 79 46 the
463 3166 232 56 coldness,
719 3174 84 38 not
828 3166 54 46 of
905 3166 172 55 critics,
1104 3168 85 45 but
1213 3166 55 47 of

173 3222 78 48 the
279 3229 381 55 unappreciative
690 3229 151 45 world
872 3237 48 39 at
950 3229 145 59 large.
1160 3229 108 47 Our

173 3288 379 56 correspondent,
591 3305 63 30 on
691 3291 82 44 the
811 3289 137 46 other
986 3289 143 56 hand,
1169 3289 96 47 will

174 3344 117 48 have
314 3348 36 46 it
370 3349 102 46 that
492 3358 168 53 poetry
681 3352 41 45 is
743 3359 84 38 not
851 3352 135 54 dead,
1010 3352 86 45 but
1119 3353 125 58 sleep-

174 3406 94 60 ing,
301 3411 94 45 and
426 3411 103 47 that
560 3414 243 46 whatever
836 3413 277 59 indignities
1146 3415 122 46 have

173 3467 116 47 been
312 3471 121 46 done
456 3479 50 40 to
529 3474 81 45 the
634 3475 145 46 Muse
802 3490 81 31 are
906 3483 85 39 not
1014 3481 51 40 to
1089 3475 58 49 be
1171 3476 97 46 laid

1345 2555 50 39 at
1418 2549 80 46 the
1522 2549 119 46 door
1663 2547 54 48 of
1739 2548 80 46 the
1843 2545 409 61 much-maligned
2275 2545 175 60 public,

1348 2610 159 46 which
1536 2610 39 46 is
1604 2609 103 59 just
1734 2625 52 31 as
1815 2624 145 44 eager
1985 2624 55 32 as
2068 2624 112 32 ever
2208 2609 37 47 it
2272 2623 100 31 was
2401 2614 51 40 to

1348 2671 226 47 welcome
1602 2671 81 46 the
1710 2677 107 40 true
1844 2677 112 52 poet
1983 2670 96 47 and
2106 2677 52 40 to
2185 2676 165 52 accept
2377 2668 75 46 his

1348 2748 168 31 wares.
1578 2732 58 47 In
1663 2740 201 52 support
1891 2732 55 47 of
1974 2732 75 47 his
2076 2732 289 55 contention,
2393 2731 61 45 he

1349 2795 238 46 instances
1621 2795 81 47 the
1735 2809 257 32 enormous
2026 2795 203 59 popular
2264 2808 189 32 success

1349 2856 55 46 of
1486 2856 192 60 Cyrano
1715 2856 58 46 de
2131 2856 96 46 and
2264 2855 54 47 of
2355 2854 95 47 Mr.

1352 2919 299 47 Markham's
1681 2919 257 45 Lucretian
1968 2933 155 44 poem,
2199 2917 104 46 The
2333 2916 120 46 Man

1349 2981 118 47 with
1493 2982 80 45 the
1817 2981 125 46 Now
1969 2981 49 44 in
2043 2981 96 46 this
2164 2978 289 59 contrariety

1350 3043 54 46 of
1436 3043 236 59 opinions,
1706 3043 114 46 dear
1852 3043 192 46 readers
2045 3042 158 46 and
2236 3042 111 44 here
2379 3055 74 30 we

1352 3119 81 31 are
1472 3105 146 46 about
1656 3112 50 39 to
1745 3104 140 47 make
1923 3119 92 32 our
2051 3102 282 60 pointlies
2372 3100 82 46 the

1348 3166 199 59 making
1564 3166 54 46 of
1635 3182 62 30 an
1716 3166 231 46 excellent
1966 3173 320 49 controversy.
2337 3162 117 46 And

1353 3230 102 46 that
1476 3230 40 44 is
1538 3229 102 58 just
1659 3229 128 47 what
1808 3244 71 30 we
1900 3236 129 38 want
2050 3227 78 46 for
2147 3226 94 46 this
2264 3225 163 58 depart-

1350 3298 131 37 ment
1507 3289 53 47 of
1585 3291 136 44 EAST
1743 3303 107 32 AND
1874 3289 152 46 WEST
2026 3302 92 32 a
2142 3286 142 59 good,
2311 3286 143 61 lusty,

1352 3353 402 58 self-supporting
1796 3358 306 50 controversy
2147 3364 62 31 on
2253 3349 97 46 this
2396 3363 58 33 or

1350 3429 94 45 any
1470 3416 137 45 other
1635 3414 183 58 subject
1844 3411 55 47 of
1922 3410 137 60 equal
2086 3410 194 61 literary
2307 3411 122 46 inter-

1352 3484 84 38 est.
1504 3476 51 46 If
1585 3490 185 44 anyone
1800 3475 85 44 has
1918 3474 131 56 such,
2082 3474 65 45 let
2176 3472 102 47 him
2308 3474 146 60 bring

1007 2358 590 94 Comments
