2837 4217
1233 277 244 97 East
1556 277 96 97 &
1700 277 305 94 West

473 306 73 57 62

475 465 169 46 nected
665 465 117 46 with
804 465 251 55 Emerson,
1077 465 82 46 the
1182 471 211 53 greatest
1415 464 54 47 of
1489 478 89 32 our

475 527 195 59 literary
716 526 226 46 idealists.
1022 526 106 46 The
1222 526 186 46 Letters
1455 532 50 40 to
1549 540 29 31 a

722 588 211 59 recently
955 588 160 46 edited
1138 587 63 61 by
1225 588 198 46 Charles
1449 587 129 46 Eliot

475 651 208 55 Norton,
720 665 82 31 are
837 652 228 44 welcome
1102 651 50 45 in
1188 651 105 47 that
1328 651 113 59 they
1477 656 100 40 cast

472 727 135 31 more
630 712 123 60 light
777 727 64 31 on
863 713 83 45 the
970 713 246 45 character
1241 713 54 47 of
1318 728 28 30 a
1369 728 112 30 man
1505 727 72 31 we

471 789 178 32 revere.
702 774 137 59 They
860 789 96 41 are,
978 781 127 40 most
1124 775 56 46 of
1199 775 144 53 them,
1366 781 135 38 notes
1523 789 54 32 so

472 836 150 58 slight
647 836 105 46 that
776 836 84 46 the
885 836 183 58 simple,
1097 836 126 47 clear
1249 836 121 58 style
1398 836 39 47 is
1465 850 111 32 seen

471 898 121 46 little
612 913 135 32 more
768 898 118 47 than
909 898 51 45 in
981 898 207 56 outline;
1227 905 81 53 yet
1329 898 113 59 they
1465 912 84 32 con-

468 960 179 46 tribute
679 960 189 47 toward
903 960 296 60 illustrating
1230 959 145 60 again
1408 959 135 46 Emer-

471 1023 128 45 son's
635 1023 148 47 views
816 1038 64 30 on
915 1023 282 58 friendship,
1233 1038 53 30 so
1319 1023 103 45 that
1455 1037 117 31 even

470 1084 216 59 through
721 1084 81 45 the
837 1099 197 44 meagre
1068 1084 253 47 substance
1355 1082 54 49 of
1441 1082 135 47 these

470 1146 162 46 letters
653 1161 73 31 we
748 1161 127 31 seem
895 1153 51 39 to
968 1147 115 46 hear
1102 1145 99 47 him
1222 1145 137 47 teach
1379 1160 57 32 us
1458 1160 118 32 once

468 1222 136 32 more
622 1208 107 47 that
794 1208 82 46 the
895 1208 113 60 only
1028 1223 108 43 way
1154 1213 51 41 to
1224 1207 122 47 have
1366 1222 30 31 a
1416 1207 159 46 friend

471 1269 41 47 is
528 1277 51 39 to
597 1269 58 47 be

536 1333 59 44 In
635 1333 194 57 dealing
866 1331 49 46 in
954 1333 81 45 the
1074 1347 131 31 same
1243 1331 175 47 review
1456 1331 117 47 with

470 1393 221 60 writings
717 1393 56 46 of
799 1393 236 46 Emerson
1061 1392 97 47 and
1183 1392 55 47 of
1267 1393 97 46 Mr.
1394 1393 178 55 Mabie,

468 1471 73 30 we
560 1470 81 31 are
659 1454 234 60 willingly
910 1454 292 60 associating
1219 1454 81 47 the
1317 1454 155 60 living
1489 1470 58 31 au-

468 1518 112 46 thor
606 1518 116 47 with
749 1518 81 46 the
856 1524 137 54 great
1021 1518 134 46 dead.
1216 1518 46 46 It
1289 1533 124 43 may,
1440 1519 100 45 how-

468 1594 125 41 ever,
622 1580 57 46 be
706 1587 85 39 not
818 1580 146 46 amiss
990 1587 51 39 to
1069 1587 202 53 suggest
1296 1580 107 47 that
1430 1580 143 46 while

462 1641 114 60 only
589 1640 81 48 the
686 1640 287 48 intellectual
992 1641 96 47 few
1103 1656 89 32 can
1208 1641 58 47 be
1281 1641 83 47 the
1379 1641 196 61 literary

467 1711 266 52 exponents
761 1703 55 47 of
843 1703 241 56 Idealism,
1112 1705 37 45 it
1175 1705 40 45 is
1243 1711 85 39 not
1355 1705 138 45 alone
1520 1711 52 39 to

462 1767 81 46 the
560 1766 288 47 intellectual
865 1766 96 47 few
976 1767 106 46 that
1098 1767 115 60 they
1227 1772 129 41 must
1373 1766 198 47 address

463 1828 300 47 themselves.
833 1828 164 48 Christ
1032 1829 141 46 made
1210 1829 75 46 his
1322 1829 249 59 teachings

465 1890 284 60 interesting
768 1890 215 61 through
1006 1890 233 60 parables,
1263 1891 96 46 and
1382 1891 85 46 hid
1489 1891 82 47 the

465 1952 92 47 law
587 1954 49 44 in
664 1952 81 47 the
773 1960 170 53 poetry
973 1952 54 47 of
1056 1954 242 59 imagery;
1343 1954 83 45 the
1454 1954 118 59 long

461 2015 96 47 line
580 2015 56 47 of
659 2022 138 53 great
820 2016 153 46 moral
998 2016 188 47 writers
1214 2015 128 48 from
1370 2016 199 47 Marcus

462 2075 229 49 Aurelius
714 2086 52 39 to
790 2077 317 47 Maeterlinck
1129 2077 141 47 made
1291 2077 82 47 the
1394 2078 177 58 beauty

463 2139 55 47 of
536 2139 127 47 their
682 2139 161 47 words
863 2154 58 32 or
940 2140 81 46 the
1042 2139 190 60 sparkle
1252 2139 56 47 of
1327 2139 126 47 their
1472 2140 75 59 epi-

465 2216 138 45 gram
651 2201 174 47 relieve
871 2201 83 47 the
1001 2201 297 47 didacticism
1346 2201 56 48 of
1445 2202 126 46 their

462 2263 225 60 thought,
716 2263 109 56 and,
854 2265 153 47 above
1032 2265 79 54 all,
1139 2265 113 59 they
1279 2263 141 47 made
1445 2265 126 45 their

462 2327 169 58 appeal
651 2341 55 32 so
724 2327 231 60 humanly
974 2327 216 46 intimate
1206 2327 120 55 that,
1346 2327 225 47 however

466 2389 272 47 diversified
768 2389 126 47 their
924 2389 244 56 audience,
1201 2390 62 47 all
1296 2389 89 47 felt
1417 2390 122 46 them-

463 2453 154 45 selves
640 2451 272 61 personally
934 2451 275 47 addressed.
1266 2453 147 45 From
1436 2453 133 47 these

463 2514 162 59 points
647 2514 56 47 of
724 2514 124 47 view
871 2514 56 47 of
948 2514 130 47 what
1098 2529 112 44 may
1232 2514 59 47 be
1315 2514 149 47 called
1487 2514 81 47 the

463 2576 289 47 accessories
794 2582 52 41 to
890 2576 232 47 idealistic
1164 2576 259 56 literature,
1470 2577 97 46 Mr.

463 2638 168 47 Mabie
660 2638 111 55 will,
801 2653 74 32 we
903 2653 82 32 are
1013 2638 253 56 confident,
1296 2639 60 46 be
1384 2639 184 60 willing

460 2707 52 40 to
531 2700 128 60 yield
678 2700 49 46 in
748 2700 120 47 rank
886 2707 52 40 to
959 2700 236 49 Emerson
1215 2702 97 45 and
1332 2702 160 47 others
1514 2702 54 47 of

458 2763 78 47 his
560 2763 259 59 superiors.

578 2898 280 49 RECENT
894 2897 234 50 SHORT
1167 2898 287 49 STORIES

458 2999 188 49 SAND
688 2999 150 47 AND
881 2996 282 50 CACTUS.
1239 2999 75 59 By
1352 2999 214 47 Wolcott

519 3061 219 48 LeClear
762 3060 172 48 Beard.
992 3060 144 47 THE
1161 3058 287 50 POWERS
1473 3061 93 47 AT

518 3125 198 46 PLAY.
769 3126 75 58 By
865 3123 128 47 Bliss
1016 3123 165 60 Perry.
1233 3119 143 51 THE
1396 3123 170 50 LION

515 3188 153 47 AND
708 3187 145 47 THE
894 3184 339 51 UNICORN.
1307 3187 75 59 By
1420 3187 117 47 Rich-

513 3249 89 48 ard
620 3249 231 60 Harding
866 3248 166 48 Davis.
1084 3248 198 48 Charles
1302 3246 262 50 Scribner's

518 3312 141 49 Sons.

518 3389 52 45 If
594 3389 81 47 the
702 3387 137 49 short
866 3395 135 53 story
1027 3386 41 48 is
1095 3392 52 41 to
1175 3386 58 47 be
1261 3385 82 48 the
1370 3386 195 61 literary

454 3450 129 48 form
602 3452 54 47 of
673 3452 81 46 the
773 3451 179 56 future,
973 3448 321 61 superseding
1309 3448 81 49 the
1409 3451 154 56 novel,

453 3530 55 31 as
534 3514 82 47 the
641 3516 140 45 novel
807 3513 293 61 superseded
1125 3513 83 47 the
1234 3513 192 47 written
1453 3513 111 61 play

1656 464 48 44 in
1737 464 203 57 popular
1977 464 154 56 favor,
2169 465 38 46 it
2240 465 41 45 is
2316 465 189 45 natural
2540 464 105 46 that
2679 480 73 31 we

1655 525 171 46 should
1854 526 110 46 take
1990 540 66 45 up
2084 526 115 47 each
2226 541 107 31 new
2359 526 192 46 volume
2580 526 49 45 in
2657 526 96 46 this

1655 587 119 46 class
1803 587 206 58 eagerly,
2038 587 50 46 in
2113 588 81 46 the
2221 587 302 60 expectation
2550 586 55 47 of
2631 586 97 47 find-

1653 649 85 57 ing
1763 648 81 46 the
1869 649 201 46 modern
2097 649 322 59 masterpiece.
2479 648 151 48 What
2657 649 94 46 this

1653 710 96 47 will
1775 710 59 48 be
1860 710 96 46 like
1981 712 141 45 when
2150 727 74 31 we
2250 712 62 45 do
2338 725 134 32 come
2499 725 161 32 across
2690 712 62 55 it;

1653 774 143 53 what,
1832 772 186 56 indeed,
2055 774 40 45 is
2130 774 81 45 the
2244 774 98 47 real
2376 780 171 39 nature
2582 772 54 47 of
2671 774 81 47 the

1653 835 132 45 short
1810 841 147 52 story,
1981 850 81 30 are
2084 842 197 40 matters
2307 836 49 44 in
2378 835 145 45 much
2547 835 202 58 dispute.

1652 896 86 56 Or,
1759 905 49 39 to
1829 897 111 58 give
1959 897 82 46 the
2061 897 220 58 question
2300 912 52 31 as
2375 898 37 45 it
2432 897 38 46 is
2490 897 261 60 ordinarily

1655 959 166 55 stated,
1862 959 113 46 does
2011 959 83 46 the
2132 960 135 46 short
2304 967 132 52 story
2471 959 127 46 exist
2632 974 54 32 as
2723 976 28 30 a

1652 1021 126 46 form
1801 1020 54 47 of
1877 1028 75 39 art
1973 1021 381 60 fundamentally
2376 1021 225 46 different
2624 1021 125 47 from

1651 1085 166 57 longer
1834 1098 142 44 prose
1991 1084 178 55 fiction,
2188 1099 56 30 or
2263 1085 39 44 is
2324 1084 241 47 whatever
2585 1084 141 47 differ-

1651 1161 112 31 ence
1778 1146 132 46 there
1925 1161 111 43 may
2052 1146 71 53 be,
2142 1161 28 29 a
2189 1147 167 57 simple
2373 1161 91 31 one
2481 1146 54 44 of
2555 1146 164 58 length
2732 1147 16 45 ?

1653 1207 110 47 One
1796 1207 141 58 thing
1972 1222 152 31 seems
2163 1208 205 55 certain;
2420 1207 42 46 if
2498 1207 81 46 the
2616 1207 132 47 short

1653 1277 130 50 story
1807 1269 38 44 is
1872 1284 29 29 a
1925 1269 262 58 legitimate
2212 1269 127 46 form
2365 1269 54 46 of
2443 1277 89 47 art,
2560 1270 36 43 it
2622 1278 126 38 must

1652 1331 104 46 deal
1777 1331 113 46 with
1911 1331 80 46 the
2011 1331 218 46 material
2250 1347 221 30 common
2489 1338 51 39 to
2560 1331 64 46 all
2644 1347 78 43 pre-

1650 1393 186 59 viously
1863 1393 283 59 recognized
2173 1393 165 46 forms.
2400 1393 46 45 It
2471 1400 130 39 must
2627 1400 120 40 treat

1648 1456 55 47 of
1723 1456 84 45 life
1827 1456 93 45 and
1940 1456 181 45 human
2140 1456 280 58 experience
2442 1456 304 56 dramatized,

1648 1518 278 55 intensified,
1962 1518 140 46 made
2135 1518 190 58 typical,
2361 1518 255 56 universal,
2653 1518 71 60 sig-

1651 1580 206 46 nificant.
1920 1580 47 46 It
1996 1580 40 46 is
2065 1580 112 46 thus
2208 1580 201 46 obvious
2439 1580 106 48 that
2574 1580 50 46 in
2653 1580 91 47 this

1650 1656 135 32 sense
1806 1642 131 46 there
1957 1656 87 32 can
2064 1642 58 46 be
2144 1656 63 32 no
2229 1641 331 47 fundamental
2583 1642 140 47 differ-

1651 1719 114 31 ence
1794 1705 211 45 between
2038 1705 80 45 the
2152 1705 134 45 short
2319 1711 132 53 story
2484 1703 95 47 and
2612 1705 132 47 other

1648 1767 195 58 literary
2137 1782 82 43 genres.
2220 1768 86 43 The
2307 1767 102 58 only
2453 1767 290 58 permissible

1651 1828 259 46 difference
1939 1828 39 46 is
2009 1843 90 31 one
2128 1828 55 47 of
2211 1834 269 50 treatment,
2511 1828 96 47 and
2636 1843 81 32 con-

1648 1890 111 46 sists
1780 1891 50 45 in
1850 1890 80 47 the
1949 1898 189 52 greater
2159 1891 341 46 condensation
2521 1907 57 30 or
2598 1891 50 46 in
2668 1891 75 46 the

1648 1952 172 59 higher
1864 1952 172 60 degree
2077 1952 55 47 of
2174 1954 183 45 artistic
2399 1952 225 47 selection
2667 1954 50 47 de-

1647 2015 204 44 manded
1876 2016 59 57 by
1961 2016 80 44 the
2066 2016 126 58 rigid
2217 2016 244 44 exactions
2489 2016 53 44 of
2566 2016 174 58 length.

1650 2075 118 46 This
1796 2083 110 51 puts
1935 2077 82 45 the
2044 2077 135 45 short
2207 2084 133 52 story
2367 2092 64 32 on
2458 2092 28 30 a
2516 2092 87 44 par
2630 2078 109 46 with

1646 2139 82 46 the
1757 2139 167 46 drama
1952 2139 48 46 in
2028 2154 29 32 a
2086 2140 301 59 comparison
2417 2140 118 46 with
2564 2140 175 60 longer,

1650 2201 143 46 fuller
1829 2201 152 47 forms
2018 2201 56 47 of
2109 2202 328 59 composition.
2508 2202 104 46 The
2650 2201 89 47 real

1646 2263 219 59 question
1884 2279 153 30 seems
2055 2272 50 40 to
2123 2265 59 45 be
2199 2265 214 45 whether
2431 2265 80 45 the
2530 2265 118 59 high
2668 2265 48 45 de-

1644 2341 113 43 gree
1780 2326 55 47 of
1858 2327 223 46 selection
2104 2327 95 46 and
2222 2327 342 47 condensation
2588 2342 126 32 neces-

1647 2388 173 46 sitated
1853 2388 63 60 by
1950 2388 81 47 the
2065 2389 213 60 physical
2315 2390 343 58 requirements
2691 2387 48 49 of

1644 2450 82 45 the
1754 2450 134 46 short
1916 2456 132 54 story
2076 2465 88 32 can
2191 2451 58 46 be
2277 2451 207 59 actually
2509 2449 229 62 practised

1646 2512 203 46 without
1891 2512 259 60 impairing
2191 2514 81 45 the
2315 2514 295 58 importance
2652 2511 85 50 and

1644 2575 304 58 significance
1966 2576 265 46 demanded
2250 2576 55 46 of
2321 2591 94 45 any
2433 2577 136 46 work
2587 2576 54 47 of
2657 2581 78 41 art.

1644 2637 115 46 And
1790 2638 202 46 because
2024 2655 73 30 we
2128 2638 123 47 have
2282 2646 138 52 great
2455 2639 203 55 dramas,
2690 2651 45 33 as

1643 2700 106 46 well
1765 2716 53 30 as
1835 2708 136 52 great
1987 2702 164 45 novels
2169 2702 95 45 and
2282 2702 142 58 epics,
2443 2702 135 47 there
2596 2713 139 36 seems

1643 2769 51 39 to
1718 2763 59 45 be
1801 2778 62 32 no
1891 2778 169 32 reason
2085 2764 112 60 why
2221 2764 135 46 there
2381 2765 173 46 should
2579 2770 84 41 not
2686 2763 48 47 be

1644 2832 136 51 great
1823 2826 134 45 short
2000 2826 169 46 stories
2213 2841 52 31 as
2309 2827 122 45 well.
2505 2826 144 58 Only,
2690 2822 45 47 of

1642 2901 181 42 course,
1843 2887 80 47 the
1940 2887 174 60 degree
2131 2887 53 47 of
2201 2888 183 46 artistic
2401 2888 108 46 skill
2526 2883 208 65 required

1644 2949 40 45 is
1718 2951 401 59 extraordinarily
2151 2951 134 59 high,
2320 2951 103 59 just
2455 2967 53 31 as
2542 2952 38 46 it
2611 2949 121 47 takes

1643 3013 81 45 the
1755 3014 329 46 master-hand
2116 3020 50 40 to
2197 3014 140 46 make
2370 3023 138 51 great
2540 3014 192 47 dramas.

1644 3075 105 46 The
1775 3076 183 60 danger
1985 3078 39 44 is
2051 3076 103 46 that
2182 3076 48 45 in
2258 3078 199 58 seeking
2480 3084 52 39 to
2558 3076 111 60 gain
2691 3072 39 46 in

1644 3137 135 46 small
1803 3154 219 43 compass
2044 3138 82 46 the
2149 3138 137 59 unity
2309 3138 103 47 that
2437 3140 148 45 exists
2611 3138 47 45 in
2678 3132 52 50 all

1643 3207 88 48 art,
1752 3202 96 44 and
1869 3202 158 46 which
2048 3202 40 46 is
2111 3202 252 60 especially
2385 3202 259 60 important
2666 3198 64 47 for

1642 3263 81 46 the
1747 3264 135 46 short
1907 3271 134 53 story
2064 3264 158 46 which
2245 3264 211 60 depends
2483 3265 80 47 for
2587 3264 58 46 its
2669 3258 40 49 ef-

1644 3324 98 48 fect
1771 3326 183 60 largely
1984 3342 132 43 upon
2146 3328 81 47 the
2258 3328 189 59 totality
2479 3328 54 47 of
2564 3328 60 45 its
2654 3325 50 45 im-

1642 3389 230 57 pression,
1900 3390 81 46 the
2009 3389 174 47 author
2210 3390 38 46 is
2276 3396 82 41 too
2386 3390 144 61 likely
2556 3396 51 40 to
2632 3384 72 50 sub-

1643 3450 163 48 stitute
1830 3451 79 47 for
1930 3452 81 46 the
2033 3451 173 61 higher
2227 3453 138 60 unity
2387 3452 55 48 of
2464 3451 162 49 novels
2646 3443 80 54 and

1642 3513 140 59 epics,
1799 3514 82 47 the
1900 3514 214 58 inferior,
2135 3516 266 58 superficial
2422 3516 136 58 unity
2577 3512 52 49 of
2646 3511 80 47 sin-
