3370 4572
582 465 52 37 26

1594 469 138 37 DER
1777 471 139 35 ZWE
1937 469 246 37 EMANN

587 608 130 37 Wirre
748 609 111 37 Stille
894 609 232 38 übertäubte
1156 611 64 36 die
1249 611 182 37 Minuten
1461 613 61 36 bis
1551 625 48 25 zu
1629 616 172 35 meinem

588 674 134 38 Gehn.
776 675 89 37 Wie
898 687 70 25 aus
1001 676 144 37 hohler
1174 676 112 38 Tiefe
1321 679 110 36 eines
1469 679 159 38 Möbels
1663 681 141 36 herauf

585 740 153 38 seufzte
768 750 134 28 etwas:
931 742 288 38 Barbaren!

587 808 66 36 Sie
682 808 139 36 drehte
849 808 86 36 sich
965 809 110 37 nicht
1103 820 79 36 um,
1213 811 47 36 da
1285 811 62 37 ich
1374 811 64 37 die
1462 812 224 39 Türklinke
1710 814 91 37 hob.

588 873 91 37 Und
714 874 63 36 ich
807 873 141 38 fühlte:
977 875 204 38 vielleicht
1209 877 65 37 hat
1302 879 58 35 sie
1390 878 122 38 recht.
1570 879 91 38 Und
1690 881 112 47 jedes

585 939 157 48 längere
772 940 189 38 Hiersein
1001 943 49 35 ist
1088 943 211 37 zwecklos.
1356 945 66 36 Ich
1462 945 104 38 hatte
1606 954 117 29 etwas
1763 949 38 34 in

585 1005 61 38 ihr
682 1006 163 37 erstickt
874 1008 80 36 und
985 1008 129 38 nichts
1143 1009 118 37 dafür
1290 1010 220 48 aufgebaut.
1567 1013 91 36 Was
1688 1013 113 37 sollte

584 1074 58 35 sie
671 1072 99 37 tun?
823 1074 92 37 Was
945 1074 92 37 ich?

584 1138 105 37 Früh
718 1139 69 37 sah
818 1140 62 36 ich
910 1142 58 36 sie
996 1142 102 37 weiß
1128 1143 127 37 durch
1285 1145 65 36 die
1374 1145 183 37 betauten
1584 1145 217 38 Gebüsche

583 1205 273 48 schwimmen,
896 1208 80 36 und
1018 1208 63 38 die
1113 1210 244 38 Landschaft
1389 1212 94 36 wild
1512 1212 289 38 zerschneiden

583 1273 71 35 mit
682 1274 110 35 einer
823 1272 307 50 Unbändigkeit,
1160 1276 64 37 die
1254 1277 106 37 mich
1390 1278 267 38 erschreckte.

583 1338 88 37 Wie
700 1349 79 26 war
807 1341 57 36 sie
894 1351 44 26 so
968 1352 95 36 ganz
1093 1342 130 47 allein,
1253 1343 202 38 Marlene!

583 1404 75 37 Wo
688 1404 103 38 lebte
821 1406 104 37 noch
954 1408 158 45 jemand
1143 1409 282 38 beherrschter
1453 1411 56 37 als
1538 1412 87 36 sie?

583 1470 159 48 Mittags
771 1472 67 36 auf
864 1472 71 37 der
953 1473 189 39 Terrasse
1172 1476 79 36 rief
1276 1478 57 35 sie
1364 1477 106 37 mich
1493 1478 151 37 wieder
1667 1478 135 38 heran.

584 1537 65 36 Sie
694 1538 203 47 sprudelte
942 1540 356 49 Aufgeräumtheit,
1342 1543 94 37 aber
1480 1545 206 37 unterhalb
1732 1545 70 37 des

587 1603 195 38 Lächelns
816 1613 126 30 zerrte
975 1618 95 36 ganz
1105 1608 98 37 leise
1237 1610 82 36 und
1349 1611 195 46 erregend
1573 1613 89 35 eine
1692 1612 88 36 Strö-

585 1681 121 37 mung
735 1671 211 48 abseitiger
972 1672 190 49 Gefühle,
1192 1676 64 36 die
1286 1676 106 37 mich
1422 1678 197 37 irritierte.

587 1736 132 37 Unten
736 1749 131 26 waren
887 1739 65 37 die
967 1739 179 39 Knechte
1161 1743 107 46 innig
1283 1744 67 35 mit
1364 1744 76 35 den
1456 1743 155 47 Tieren,
1632 1744 79 36 und
1731 1745 70 35 der

586 1802 152 38 Garten
774 1805 166 37 ordnete
975 1806 64 37 die
1070 1808 169 37 Früchte
1273 1820 79 26 von
1382 1810 153 46 Spalier
1568 1822 48 24 zu
1646 1811 155 46 Spalier

585 1870 38 35 in
659 1870 176 37 deutlich
871 1871 274 40 erkennbaren
1181 1875 134 37 Arten.
1370 1876 226 38 Prachtvoll
1634 1878 164 36 standen

585 1937 53 35 im
670 1936 275 48 Hintergrund
975 1940 64 36 die
1068 1940 171 38 Massivs
1269 1942 71 36 der
1368 1942 210 38 Walnüsse
1608 1944 80 36 und
1719 1943 53 37 Ka-

583 2003 164 36 stanien.
791 2004 76 37 Die
890 2005 264 39 wolkenhafte
1179 2008 127 37 Wand
1331 2019 68 26 aus
1420 2008 116 38 Grün
1560 2010 79 36 und
1664 2010 132 37 Braun

582 2067 132 38 hoben
754 2070 64 37 die
848 2071 134 38 Sonne
1022 2072 103 38 hoch
1163 2085 140 36 empor
1336 2076 81 36 und
1451 2075 130 37 faßten
1617 2078 69 35 mit
1719 2077 77 37 den

583 2133 164 39 Lücken
776 2136 71 37 des
878 2137 170 38 Geästes
1077 2140 147 37 Stücke
1253 2140 160 39 tiefsten
1443 2142 133 37 Blaus.

582 2201 263 48 Erstaunlich,
879 2206 73 35 wie
987 2205 132 37 dieses
1155 2208 194 37 intensive
1380 2208 147 37 Dasein
1561 2220 78 26 von
1670 2210 125 36 Natur

580 2267 298 39 beherrschend
919 2272 38 35 in
997 2272 95 37 alles
1123 2273 169 38 Denken
1333 2276 231 37 einströmte
1604 2276 79 37 und
1724 2278 70 36 mit

580 2333 170 38 leichten
781 2335 284 49 Betäubungen
1095 2339 153 47 spielte.

581 2399 37 37 O
654 2401 111 37 diese
795 2402 103 38 Insel
928 2405 39 35 in
997 2406 131 35 einem
1158 2406 127 46 Meer,
1312 2418 62 25 wo
1403 2407 128 37 Welle
1561 2407 68 38 auf
1653 2408 141 47 Welle,

580 2466 146 37 Kultur
764 2469 79 37 und
886 2469 182 38 Gottheit
1106 2471 85 37 sich
1230 2472 215 38 berannten
1485 2474 81 36 und
1606 2475 189 36 einander

576 2534 235 37 zerstörten!

578 2599 179 38 Susanne
782 2601 104 37 hatte
912 2613 44 26 es
982 2604 182 46 erreicht,
1184 2605 106 36 mich
1309 2607 210 36 sensitiver
1542 2618 47 25 zu
1615 2607 177 40 machen.

577 2665 265 48 Irgendetwas
882 2668 120 38 brach
1039 2680 78 26 von
1156 2673 75 34 mir
1265 2671 45 36 ab
1344 2674 74 35 wie
1454 2674 88 35 eine
1570 2674 222 37 zermürbte

577 2731 142 38 Rinde.

576 2798 164 38 Seufzer
768 2800 219 38 klemmten
1016 2803 85 37 sich
1131 2803 125 38 durch
1288 2806 130 35 meine
1448 2805 141 37 Kehle.

575 2864 67 37 Ich
671 2866 142 46 sprach
842 2878 89 26 zum
958 2876 131 30 ersten
1114 2869 118 47 Male,
1256 2870 193 48 Marlene,
1478 2880 128 39 erregt
1629 2883 162 37 gegen

574 2931 76 37 den
681 2932 142 48 Krieg!

573 2998 88 36 Wie
691 2999 86 37 ihre
806 3000 140 48 Augen
977 3002 48 36 da
1054 3002 247 38 aufschrien!

563 3064 62 47 Ja,
665 3065 85 37 dies
787 3077 80 27 war
905 3078 54 35 es,
1000 3080 66 24 um
1107 3069 145 37 dessen
1291 3070 187 37 Existenz
1512 3073 58 35 sie
1604 3071 185 47 plötzlich

571 3138 118 29 etwas
729 3132 299 48 Entsetzliches,
1070 3134 263 48 Unerhörtes,
1378 3139 89 35 eine
1511 3137 278 49 Beleidigung,

573 3196 123 38 Unrat
715 3199 80 36 und
812 3198 90 38 Gift
921 3202 38 34 in
980 3203 130 35 meine
1126 3202 365 38 Erschrockenheit
1509 3204 278 38 ausschüttete.

570 3262 66 37 Ich
674 3263 76 49 bog
784 3266 105 36 mich
922 3268 75 36 wie
1032 3269 63 35 ein
1126 3269 266 47 ungehorsam
1423 3281 230 36 gewesenes
1683 3271 104 40 Tier.

569 3330 162 37 Danach
761 3342 79 27 war
868 3332 96 38 alles
993 3334 116 48 ruhig
1138 3346 46 26 an
1215 3336 62 36 ihr
1303 3348 80 26 von
1414 3337 71 37 der
1514 3337 106 37 Stirn
1650 3337 60 37 bis
1738 3349 48 25 zu

569 3396 76 36 den
676 3397 184 38 Schläfen
891 3400 80 36 und
1001 3402 64 36 die
1095 3402 177 47 Wangen
1302 3403 130 37 hinab.

569 3462 181 49 Sprünge
780 3466 109 36 eines
917 3466 312 49 gelbgefleckten
1255 3469 222 38 Kätzchens
1508 3473 129 35 einem
1671 3471 92 48 Sing-

566 3529 114 46 vogel
715 3530 110 46 nach,
849 3532 188 38 brachten
1062 3534 87 37 ihre
1172 3536 424 47 heisergeschriehene
1620 3538 164 37 Stimme

565 3595 150 37 wieder
743 3607 89 27 zum
864 3598 183 49 Klingen.

565 3661 67 36 Ich
670 3662 79 37 hob
787 3664 252 48 schweigend
1077 3668 65 36 die
1178 3668 168 37 Brauen.
1401 3670 66 36 Ich
1505 3670 197 47 grübelte:
1732 3671 50 37 ob

564 3729 77 36 mir
658 3730 61 35 ein
738 3729 160 38 solcher
916 3731 154 38 Ausfall
1091 3732 236 40 fanatischer
1347 3735 285 49 Gehässigkeit
1650 3737 133 37 dieser

561 3802 132 30 zarten
722 3796 101 37 Frau
851 3798 37 45 je
918 3799 172 47 möglich
1121 3800 236 39 erschienen
1385 3804 115 36 wäre.

563 3861 76 37 Die
672 3872 121 38 ganze
823 3863 157 39 Kontur
1015 3865 106 39 ihres
1152 3867 178 48 Körpers
1359 3870 90 47 ging
1478 3871 67 37 auf
1571 3871 182 47 Schmieg-

1868 616 180 35 samkeit.
2088 616 92 35 Und
2200 616 64 35 die
2284 616 139 46 Augen
2443 616 130 36 hatten
2594 617 116 36 meist
2727 618 118 45 jenen
2864 617 226 38 Schimmer

1867 681 68 36 auf
1959 681 187 36 Zartheit.

1867 748 85 36 Wir
1980 746 232 38 schweiften
2241 748 150 36 wieder
2420 748 112 47 lange
2558 748 275 48 Nachmittage
2859 750 126 37 durch
3011 751 77 37 den

1869 814 114 46 Park,
2025 814 71 37 der
2134 814 64 37 die
2229 813 240 38 Landschaft
2507 815 61 37 bis
2606 827 49 25 zu
2690 816 77 37 den
2798 816 186 38 Dächern
3019 819 69 36 mit

1866 882 151 35 seinem
2038 881 346 47 tausendjährigen
2399 882 173 36 Bestand
2587 882 373 38 überschwemmte.
2992 884 96 37 Eine

1865 947 210 46 seelische,
2097 947 233 47 übermäßig
2349 947 145 49 heftige
2513 949 212 47 Begierde,
2740 949 348 39 Gemeinsamkeit

1866 1013 186 37 erstickte
2082 1025 121 25 unser
2234 1013 118 38 Herz.

1868 1079 91 37 Und
1989 1082 72 35 wir
2090 1081 130 36 hatten
2247 1091 145 27 unsere
2417 1081 323 48 kämpferischen
2767 1082 235 48 Gespräche
3026 1084 61 37 bis

1866 1147 64 36 die
1962 1147 131 36 Kühle
2121 1158 93 26 vom
2245 1147 142 38 Boden
2417 1148 200 37 hochkam
2647 1149 81 36 und
2759 1160 61 25 am
2853 1149 139 38 Gatter
3022 1150 65 37 die

1866 1213 83 37 drei
1980 1214 167 47 Doggen
2176 1214 266 37 rebellierten.

1867 1280 56 36 Im
1949 1279 207 47 Gebüsch,
2179 1292 74 26 vor
2276 1281 72 37 der
2370 1281 177 48 gewaltig
2565 1282 298 47 aufsteigenden
2882 1283 204 47 Terrasse,

1867 1346 78 37 ließ
1976 1348 75 35 mir
2079 1347 181 38 Suzanne
2290 1349 77 36 den
2397 1348 203 37 schmalen
2631 1349 127 37 Mund
2786 1361 90 25 zum
2908 1349 106 38 Kuß.

1868 1413 51 37 Es
1949 1412 89 37 kam
2067 1424 95 36 ganz
2191 1414 188 47 plötzlich
2398 1415 81 36 und
2499 1415 105 38 ohne
2623 1415 283 48 körperlichen
2925 1417 159 47 Zwang.

1869 1479 92 37 Und
2001 1479 63 37 ich
2104 1482 155 46 spürte:
2298 1483 58 35 sie
2396 1480 127 39 fühlte
2563 1484 38 35 in
2641 1483 152 37 diesem
2833 1483 253 48 Augenblick

1867 1545 129 37 nichts
2025 1546 115 37 mehr
2166 1557 79 27 von
2275 1547 98 46 sich,
2402 1559 44 25 so
2473 1548 192 37 unerhört
2688 1550 241 37 benommen
2955 1552 48 35 ist
3026 1552 58 35 sie

1865 1623 79 26 von
1978 1612 235 38 kreisender
2240 1613 270 49 Verwirrung,
2545 1615 63 37 die
2643 1615 85 37 sich
2768 1615 116 38 dreht
2916 1618 75 35 wie
3020 1618 63 36 ein

1867 1678 136 37 Ballen
2043 1680 38 35 in
2123 1679 71 37 der
2221 1679 85 38 Boe
2341 1682 110 35 eines
2488 1680 226 48 Gewitters,
2750 1682 48 37 da
2831 1684 58 35 sie
2924 1682 160 39 betäubt

1867 1745 78 36 und
1980 1745 64 37 die
2072 1756 80 26 von
2183 1746 90 36 dem
2303 1747 229 47 gewaltigen
2563 1748 140 37 Druck
2732 1749 71 37 der
2833 1748 152 48 Kräfte,
3015 1751 69 36 mit

1865 1811 89 37 dem
1986 1811 69 37 das
2079 1811 199 39 Zärtliche
2308 1813 98 37 über
2434 1815 58 36 sie
2516 1814 277 48 hereinbrach,
2817 1815 264 39 hinterlassen

1864 1879 59 35 ist.

1862 2062 52 37 III

1862 2144 97 37 Eine
1988 2156 120 36 ganze
2126 2145 129 39 Weile
2285 2146 128 38 haben
2439 2149 73 35 wir
2535 2158 74 27 uns
2633 2149 103 36 dann
2761 2149 109 37 nicht
2893 2150 186 47 gesehen.

1863 2210 91 38 Und
1975 2212 63 36 ich
2058 2212 194 38 fürchtete
2266 2213 106 37 mich
2385 2225 75 26 vor
2473 2214 113 38 ihren
2600 2215 267 48 Angstaugen,
2883 2216 195 38 Marlene!

1860 2277 153 37 Einmal
2048 2279 94 37 aber
2175 2279 70 37 des
2276 2280 162 47 Nachts,
2468 2280 57 38 als
2553 2281 72 37 der
2654 2281 130 38 Nebel
2814 2284 38 35 in
2884 2281 194 48 Quadern

1857 2344 243 46 geschichtet
2118 2345 59 47 lag
2196 2345 69 37 auf
2283 2346 76 37 den
2380 2346 138 38 Höfen
2538 2347 81 37 und
2639 2348 72 37 der
2730 2349 348 49 Rasenbuchtung,

1858 2409 137 38 klirrte
2031 2412 103 36 noch
2164 2412 63 36 ihr
2255 2412 164 38 Fenster
2447 2413 100 37 über
2575 2415 87 37 mir.
2720 2415 92 37 Und
2842 2416 69 37 das
2941 2417 114 37 nacht-

1858 2476 138 48 äugige
2026 2476 212 49 Raubzeug
2277 2489 143 38 sprang
2457 2480 69 37 das
2560 2480 152 39 Massiv
2747 2482 72 37 der
2848 2483 146 47 Wipfel
3029 2495 47 26 an

1858 2542 81 37 und
1968 2543 263 49 beunruhigte
2260 2546 77 36 den
2367 2546 132 38 Wind.

1858 2608 66 37 Ich
1954 2611 112 36 stand
2097 2610 104 38 ohne
2231 2612 115 37 Licht
2375 2615 38 34 in
2443 2613 91 37 dem
2565 2614 139 38 Raum.
2756 2615 184 38 Nervöse
2965 2616 110 37 Füße

1857 2674 97 38 über
1992 2678 77 35 mir
2106 2677 180 38 stäubten
2324 2679 104 37 feine
2457 2680 162 47 Splitter
2655 2681 71 37 des
2756 2681 145 38 Stucks
2940 2682 135 38 herab.

1857 2741 252 39 Denkfetzen
2133 2746 144 36 zweier
2295 2744 183 39 Gehirne
2502 2757 196 37 sprangen
2718 2749 191 37 einander
2925 2760 48 26 an
2993 2750 81 37 und

1857 2808 63 37 die
1950 2808 161 39 Raserei
2147 2810 70 37 des
2246 2811 138 37 Blutes
2419 2812 126 37 hetzte
2579 2815 57 35 sie
2666 2815 39 35 in
2735 2815 113 37 ihren
2878 2815 195 39 höchsten

1855 2874 120 37 Zorn.
2039 2876 126 37 Etwas
2201 2876 235 49 Unheiliges
2470 2878 60 48 lag
2561 2880 199 38 zwischen
2794 2881 134 39 ihnen.
2983 2882 90 38 Wie

1856 2939 102 38 hätte
1988 2953 88 26 man
2106 2943 99 37 auch
2235 2943 179 39 schlafen
2439 2944 175 48 können,
2637 2958 62 26 wo
2723 2947 96 37 alles
2843 2948 228 38 revoltierte

1855 3008 38 35 in
1922 3008 259 39 wachsender
2210 3010 185 38 Inbrunst
2416 3024 67 24 —:
2509 3013 64 37 die
2603 3013 129 38 Nacht
2760 3015 81 36 und
2872 3015 71 37 der
2966 3015 107 37 Park

1855 3074 80 36 und
1966 3075 68 36 das
2064 3075 180 38 Brausen
2274 3079 52 35 im
2356 3078 176 38 Westen.

1854 3139 76 37 Die
1949 3140 151 39 Stunde
2126 3142 160 49 drängte
2304 3155 70 26 zur
2393 3144 204 49 Ewigkeit.
2644 3146 255 39 Grenzenlos
2919 3148 151 38 dünkte

1852 3217 54 26 es.
1938 3207 92 38 Und
2050 3208 104 38 doch
2172 3221 81 26 war
2269 3211 90 47 jede
2377 3212 164 47 gezählt.
2571 3212 65 38 Sie
2656 3213 76 37 traf
2747 3213 103 37 noch
2865 3215 204 46 irgendwo

1851 3273 68 36 auf
1958 3276 80 35 und
2083 3287 155 37 sprang,
2283 3278 161 37 endlich
2491 3278 211 49 Erhörung
2741 3280 219 47 erflehend,
3000 3282 70 36 mit

1851 3339 201 39 Flammen
2081 3353 125 37 gegen
2236 3344 64 37 die
2329 3345 176 37 Fenster.

1851 3405 179 40 Suzanne
2064 3416 123 31 tanzte
2223 3412 70 35 mit
2326 3412 199 37 nervösen
2556 3411 151 48 Zehen,
2736 3412 76 38 daß
2843 3413 71 37 der
2944 3413 125 38 Stuck

1849 3483 78 26 von
1962 3474 70 37 der
2065 3476 139 37 Decke
2239 3485 173 39 regnete.
2468 3478 81 37 Das
2584 3478 129 38 weiße
2753 3479 190 38 Gerinsel
2977 3491 69 26 ver-

1850 3539 169 39 dichtete
2039 3542 85 37 sich
2144 3555 89 25 zum
2250 3543 224 48 Rauschen,
2487 3556 70 25 aus
2572 3545 90 38 dem
2678 3546 209 48 unzählige
2899 3546 167 48 Zungen

1847 3604 182 41 brüllten.

1847 3673 66 37 Ich
1957 3683 157 30 wartete
2154 3676 60 37 bis
2253 3687 90 26 zum
2379 3677 182 48 Morgen,
2603 3678 75 37 daß
2714 3679 181 37 Suzanne
2938 3680 128 38 käme.

1846 3739 66 37 Ich
1946 3740 79 38 ließ
2059 3744 53 35 im
2143 3743 198 38 Leuchter
2374 3744 64 37 die
2473 3743 90 38 fünf
2591 3745 156 38 Kerzen
2784 3746 280 49 anschwingen

1845 3807 80 36 und
1954 3808 153 37 löschte
2136 3810 58 35 sie
2224 3820 69 26 aus
2323 3810 81 37 und
2433 3812 169 37 zündete
2633 3814 58 36 sie
2720 3812 152 38 wieder
2899 3823 61 27 an.

1844 3872 181 40 Suzanne
2055 3875 90 39 kam
2175 3875 120 38 nicht.
