<?xml version="1.0" encoding="UTF-8"?>
<alto xmlns:xsi="http://www.w3.org/2001/XMLSchema-instance" xmlns="http://www.loc.gov/standards/alto/ns-v2#" xsi:schemaLocation="http://www.loc.gov/standards/alto/ns-v2# http://www.loc.gov/standards/alto/v2/alto-2-0.xsd" xmlns:xlink="http://www.w3.org/1999/xlink">
	<Description>
		<MeasurementUnit>mm10</MeasurementUnit>
		<sourceImageInformation>
			<fileName>./bmtnabq_1920-06_01_0002.jp2</fileName>
		</sourceImageInformation>
		<OCRProcessing ID="OCRPROCESSING_1">
			<preProcessingStep>
				<processingSoftware>
					<softwareCreator>CCS Content Conversion Specialists GmbH, Germany</softwareCreator>
					<softwareName>CCS docWorks</softwareName>
					<softwareVersion>6.8-1.27</softwareVersion>
				</processingSoftware>
			</preProcessingStep>
			<ocrProcessingStep>
				<processingSoftware>
					<softwareCreator>ABBYY (BIT Software), Russia</softwareCreator>
					<softwareName>FineReader</softwareName>
					<softwareVersion>11.0</softwareVersion>
				</processingSoftware>
			</ocrProcessingStep>
			<postProcessingStep>
				<processingSoftware>
					<softwareCreator>CCS Content Conversion Specialists GmbH, Germany</softwareCreator>
					<softwareName>CCS docWorks</softwareName>
					<softwareVersion>6.8-1.27</softwareVersion>
					<applicationDescription>docWorks: Text modified manually, or automatically replaced</applicationDescription>
				</processingSoftware>
			</postProcessingStep>
		</OCRProcessing>
	</Description>
	<Styles>
		<TextStyle ID="TXT_0" FONTSIZE="27" FONTFAMILY="Times New Roman"/>
		<TextStyle ID="TXT_1" FONTSIZE="15" FONTFAMILY="Times New Roman"/>
		<TextStyle ID="TXT_2" FONTSIZE="38" FONTFAMILY="Times New Roman"/>
		<TextStyle ID="TXT_3" FONTSIZE="23" FONTFAMILY="Times New Roman" FONTSTYLE="bold"/>
		<TextStyle ID="TXT_4" FONTSIZE="24" FONTFAMILY="Times New Roman" FONTSTYLE="italics underline"/>
		<ParagraphStyle ID="PAR_LEFT" ALIGN="Left"/>
	</Styles>
	<Layout>
		<Page ID="P2" PHYSICAL_IMG_NR="2" HEIGHT="4572" WIDTH="3260" PRINTED_IMG_NR="2" PC="0.868">
			<TopMargin ID="P2_TM00001" HPOS="0" VPOS="0" WIDTH="3260" HEIGHT="460">
				<TextBlock ID="P2_TB00001" HPOS="509" VPOS="422" WIDTH="28" HEIGHT="36" STYLEREFS="TXT_0 PAR_LEFT">
					<TextLine ID="P2_TL00001" HPOS="509" VPOS="422" WIDTH="28" HEIGHT="36">
						<String ID="P2_ST00001" HPOS="509" VPOS="422" WIDTH="28" HEIGHT="36" CONTENT="2" WC="1.00" CC="0"/>
					</TextLine>
				</TextBlock>
			</TopMargin>
			<LeftMargin ID="P2_LM00001" HPOS="0" VPOS="460" WIDTH="507" HEIGHT="3478"/>
			<RightMargin ID="P2_RM00001" HPOS="3170" VPOS="460" WIDTH="90" HEIGHT="3478"/>
			<BottomMargin ID="P2_BM00001" HPOS="0" VPOS="3938" WIDTH="3260" HEIGHT="634"/>
			<PrintSpace ID="P2_PS00001" HPOS="507" VPOS="460" WIDTH="2663" HEIGHT="3478">
				<ComposedBlock ID="P2_CB00001" HPOS="549" VPOS="552" WIDTH="2385" HEIGHT="3271" TYPE="Advertisement">
					<TextBlock ID="P2_TB00002" HPOS="549" VPOS="552" WIDTH="2385" HEIGHT="3271" STYLEREFS="TXT_1 PAR_LEFT">
						<TextLine ID="P2_TL00002" HPOS="602" VPOS="552" WIDTH="2332" HEIGHT="118">
							<String ID="P2_ST00002" HPOS="602" VPOS="552" WIDTH="485" HEIGHT="98" CONTENT="WERKE" WC="0.98" CC="70043" STYLEREFS="TXT_2"/>
							<SP ID="P2_SP00001" HPOS="1087" VPOS="650" WIDTH="44"/>
							<String ID="P2_ST00003" HPOS="1131" VPOS="556" WIDTH="243" HEIGHT="96" CONTENT="DES" WC="0.97" CC="610" STYLEREFS="TXT_2"/>
							<SP ID="P2_SP00002" HPOS="1374" VPOS="652" WIDTH="38"/>
							<String ID="P2_ST00004" HPOS="1412" VPOS="559" WIDTH="1522" HEIGHT="111" CONTENT="ZWEEMANN-VERLAGES" WC="0.84" CC="09320000213100010" STYLEREFS="TXT_2"/>
						</TextLine>
						<TextLine ID="P2_TL00003" HPOS="795" VPOS="847" WIDTH="1963" HEIGHT="80">
							<String ID="P2_ST00005" HPOS="795" VPOS="847" WIDTH="293" HEIGHT="64" CONTENT="OSCAR" WC="1.00" CC="00000" STYLEREFS="TXT_3"/>
							<SP ID="P2_SP00003" HPOS="1088" VPOS="911" WIDTH="24"/>
							<String ID="P2_ST00006" HPOS="1112" VPOS="853" WIDTH="274" HEIGHT="60" CONTENT="WILDE" WC="0.97" CC="44064" STYLEREFS="TXT_3"/>
							<SP ID="P2_SP00004" HPOS="1386" VPOS="913" WIDTH="39"/>
							<String ID="P2_ST00007" HPOS="1425" VPOS="854" WIDTH="38" HEIGHT="59" CONTENT="/" WC="0.75" CC="2" STYLEREFS="TXT_3"/>
							<SP ID="P2_SP00005" HPOS="1463" VPOS="913" WIDTH="40"/>
							<String ID="P2_ST00008" HPOS="1503" VPOS="856" WIDTH="125" HEIGHT="61" CONTENT="Der" WC="0.95" CC="714" STYLEREFS="TXT_3"/>
							<SP ID="P2_SP00006" HPOS="1628" VPOS="917" WIDTH="49"/>
							<String ID="P2_ST00009" HPOS="1677" VPOS="859" WIDTH="259" HEIGHT="61" CONTENT="Priester" WC="0.99" CC="65000102" STYLEREFS="TXT_3"/>
							<SP ID="P2_SP00007" HPOS="1936" VPOS="920" WIDTH="40"/>
							<String ID="P2_ST00010" HPOS="1976" VPOS="864" WIDTH="120" HEIGHT="57" CONTENT="und" WC="0.98" CC="060" STYLEREFS="TXT_3"/>
							<SP ID="P2_SP00008" HPOS="2096" VPOS="921" WIDTH="41"/>
							<String ID="P2_ST00011" HPOS="2137" VPOS="865" WIDTH="108" HEIGHT="57" CONTENT="der" WC="0.95" CC="434" STYLEREFS="TXT_3"/>
							<SP ID="P2_SP00009" HPOS="2245" VPOS="922" WIDTH="39"/>
							<String ID="P2_ST00012" HPOS="2284" VPOS="864" WIDTH="474" HEIGHT="63" CONTENT="Messnerknabe" WC="1.00" CC="000000060202" STYLEREFS="TXT_3"/>
						</TextLine>
						<TextLine ID="P2_TL00004" HPOS="793" VPOS="930" WIDTH="1964" HEIGHT="57">
							<String ID="P2_ST00013" HPOS="793" VPOS="930" WIDTH="178" HEIGHT="39" CONTENT="Deutsch" WC="0.99" CC="4002003"/>
							<SP ID="P2_SP00010" HPOS="971" VPOS="969" WIDTH="29"/>
							<String ID="P2_ST00014" HPOS="1000" VPOS="943" WIDTH="79" HEIGHT="28" CONTENT="von" WC="0.99" CC="003"/>
							<SP ID="P2_SP00011" HPOS="1079" VPOS="971" WIDTH="32"/>
							<String ID="P2_ST00015" HPOS="1111" VPOS="934" WIDTH="42" HEIGHT="37" CONTENT="E." WC="0.96" CC="00"/>
							<SP ID="P2_SP00012" HPOS="1153" VPOS="971" WIDTH="25"/>
							<String ID="P2_ST00016" HPOS="1178" VPOS="934" WIDTH="181" HEIGHT="39" CONTENT="Sander" WC="1.00" CC="020003"/>
							<SP ID="P2_SP00013" HPOS="1359" VPOS="973" WIDTH="20"/>
							<String ID="P2_ST00017" HPOS="1379" VPOS="934" WIDTH="25" HEIGHT="39" CONTENT="/" WC="1.00" CC="0"/>
							<SP ID="P2_SP00014" HPOS="1404" VPOS="973" WIDTH="23"/>
							<String ID="P2_ST00018" HPOS="1427" VPOS="936" WIDTH="210" HEIGHT="41" CONTENT="Illustriert" WC="0.99" CC="33500300007"/>
							<SP ID="P2_SP00015" HPOS="1637" VPOS="977" WIDTH="23"/>
							<String ID="P2_ST00019" HPOS="1660" VPOS="950" WIDTH="78" HEIGHT="28" CONTENT="von" WC="0.98" CC="220"/>
							<SP ID="P2_SP00016" HPOS="1738" VPOS="978" WIDTH="27"/>
							<String ID="P2_ST00020" HPOS="1765" VPOS="941" WIDTH="137" HEIGHT="39" CONTENT="Ernst" WC="0.99" CC="02013"/>
							<SP ID="P2_SP00017" HPOS="1902" VPOS="980" WIDTH="29"/>
							<String ID="P2_ST00021" HPOS="1931" VPOS="943" WIDTH="193" HEIGHT="38" CONTENT="Schütte" WC="0.99" CC="0000620"/>
							<SP ID="P2_SP00018" HPOS="2124" VPOS="981" WIDTH="28"/>
							<String ID="P2_ST00022" HPOS="2152" VPOS="943" WIDTH="24" HEIGHT="38" CONTENT="/" WC="1.00" CC="0"/>
							<SP ID="P2_SP00019" HPOS="2176" VPOS="981" WIDTH="23"/>
							<String ID="P2_ST00023" HPOS="2199" VPOS="948" WIDTH="36" HEIGHT="34" CONTENT="3." WC="1.00" CC="00"/>
							<SP ID="P2_SP00020" HPOS="2235" VPOS="982" WIDTH="23"/>
							<String ID="P2_ST00024" HPOS="2258" VPOS="944" WIDTH="109" HEIGHT="39" CONTENT="Aufl." WC="0.87" CC="00600"/>
							<SP ID="P2_SP00021" HPOS="2367" VPOS="983" WIDTH="24"/>
							<String ID="P2_ST00025" HPOS="2391" VPOS="944" WIDTH="24" HEIGHT="39" CONTENT="/" WC="1.00" CC="0"/>
							<SP ID="P2_SP00022" HPOS="2415" VPOS="983" WIDTH="24"/>
							<String ID="P2_ST00026" HPOS="2439" VPOS="946" WIDTH="103" HEIGHT="40" CONTENT="Geb." WC="0.99" CC="0050"/>
							<SP ID="P2_SP00023" HPOS="2542" VPOS="986" WIDTH="27"/>
							<String ID="P2_ST00027" HPOS="2569" VPOS="949" WIDTH="53" HEIGHT="37" CONTENT="M." WC="1.00" CC="00"/>
							<SP ID="P2_SP00024" HPOS="2622" VPOS="986" WIDTH="29"/>
							<String ID="P2_ST00028" HPOS="2651" VPOS="953" WIDTH="106" HEIGHT="34" CONTENT="10.—" WC="0.74" CC="5220"/>
						</TextLine>
						<TextLine ID="P2_TL00005" HPOS="795" VPOS="1014" WIDTH="1962" HEIGHT="89">
							<String ID="P2_ST00029" HPOS="795" VPOS="1014" WIDTH="63" HEIGHT="59" CONTENT="E." WC="0.73" CC="04" STYLEREFS="TXT_3"/>
							<SP ID="P2_SP00025" HPOS="858" VPOS="1073" WIDTH="48"/>
							<String ID="P2_ST00030" HPOS="906" VPOS="1015" WIDTH="73" HEIGHT="60" CONTENT="A." WC="0.80" CC="04" STYLEREFS="TXT_3"/>
							<SP ID="P2_SP00026" HPOS="979" VPOS="1075" WIDTH="49"/>
							<String ID="P2_ST00031" HPOS="1028" VPOS="1015" WIDTH="193" HEIGHT="61" CONTENT="POE" WC="0.99" CC="002" STYLEREFS="TXT_3"/>
							<SP ID="P2_SP00027" HPOS="1221" VPOS="1076" WIDTH="45"/>
							<String ID="P2_ST00032" HPOS="1266" VPOS="1016" WIDTH="37" HEIGHT="61" CONTENT="/" WC="0.49" CC="5" STYLEREFS="TXT_3"/>
							<SP ID="P2_SP00028" HPOS="1303" VPOS="1077" WIDTH="44"/>
							<String ID="P2_ST00033" HPOS="1347" VPOS="1019" WIDTH="52" HEIGHT="60" CONTENT="R" WC="0.63" CC="3" STYLEREFS="TXT_3"/>
							<SP ID="P2_SP00029" HPOS="1399" VPOS="1079" WIDTH="19"/>
							<String ID="P2_ST00034" HPOS="1418" VPOS="1028" WIDTH="489" HEIGHT="57" CONTENT="omantische" WC="0.99" CC="2056000231" STYLEREFS="TXT_3"/>
							<SP ID="P2_SP00030" HPOS="1907" VPOS="1085" WIDTH="48"/>
							<String ID="P2_ST00035" HPOS="1955" VPOS="1027" WIDTH="802" HEIGHT="76" CONTENT="Liebesgeschichten" WC="1.00" CC="03100024005006014" STYLEREFS="TXT_3"/>
						</TextLine>
						<TextLine ID="P2_TL00006" HPOS="792" VPOS="1094" WIDTH="1965" HEIGHT="60">
							<String ID="P2_ST00036" HPOS="792" VPOS="1094" WIDTH="179" HEIGHT="38" CONTENT="Deutsch" WC="0.99" CC="5023000"/>
							<SP ID="P2_SP00031" HPOS="971" VPOS="1132" WIDTH="29"/>
							<String ID="P2_ST00037" HPOS="1000" VPOS="1107" WIDTH="80" HEIGHT="26" CONTENT="von" WC="0.98" CC="005"/>
							<SP ID="P2_SP00032" HPOS="1080" VPOS="1133" WIDTH="32"/>
							<String ID="P2_ST00038" HPOS="1112" VPOS="1098" WIDTH="112" HEIGHT="36" CONTENT="Paul" WC="0.99" CC="0200"/>
							<SP ID="P2_SP00033" HPOS="1224" VPOS="1134" WIDTH="37"/>
							<String ID="P2_ST00039" HPOS="1261" VPOS="1099" WIDTH="308" HEIGHT="49" CONTENT="Steegemann" WC="0.96" CC="0000000200"/>
							<SP ID="P2_SP00034" HPOS="1569" VPOS="1148" WIDTH="30"/>
							<String ID="P2_ST00040" HPOS="1599" VPOS="1101" WIDTH="25" HEIGHT="39" CONTENT="/" WC="0.74" CC="2"/>
							<SP ID="P2_SP00035" HPOS="1624" VPOS="1148" WIDTH="28"/>
							<String ID="P2_ST00041" HPOS="1652" VPOS="1104" WIDTH="211" HEIGHT="39" CONTENT="Illustriert" WC="1.00" CC="10000344006"/>
							<SP ID="P2_SP00036" HPOS="1863" VPOS="1148" WIDTH="26"/>
							<String ID="P2_ST00042" HPOS="1889" VPOS="1117" WIDTH="79" HEIGHT="28" CONTENT="von" WC="0.98" CC="060"/>
							<SP ID="P2_SP00037" HPOS="1968" VPOS="1148" WIDTH="37"/>
							<String ID="P2_ST00043" HPOS="2005" VPOS="1107" WIDTH="136" HEIGHT="38" CONTENT="Ernst" WC="1.00" CC="10000"/>
							<SP ID="P2_SP00038" HPOS="2141" VPOS="1148" WIDTH="37"/>
							<String ID="P2_ST00044" HPOS="2178" VPOS="1108" WIDTH="193" HEIGHT="39" CONTENT="Schütte" WC="1.00" CC="0000220"/>
							<SP ID="P2_SP00039" HPOS="2371" VPOS="1148" WIDTH="28"/>
							<String ID="P2_ST00045" HPOS="2399" VPOS="1109" WIDTH="23" HEIGHT="41" CONTENT="/" WC="1.00" CC="0"/>
							<SP ID="P2_SP00040" HPOS="2422" VPOS="1150" WIDTH="29"/>
							<String ID="P2_ST00046" HPOS="2451" VPOS="1110" WIDTH="105" HEIGHT="41" CONTENT="Geb." WC="1.00" CC="0000"/>
							<SP ID="P2_SP00041" HPOS="2556" VPOS="1151" WIDTH="31"/>
							<String ID="P2_ST00047" HPOS="2587" VPOS="1113" WIDTH="54" HEIGHT="41" CONTENT="M." WC="0.64" CC="51"/>
							<SP ID="P2_SP00042" HPOS="2641" VPOS="1154" WIDTH="28"/>
							<String ID="P2_ST00048" HPOS="2669" VPOS="1117" WIDTH="88" HEIGHT="35" CONTENT="6;75" WC="0.70" CC="0740"/>
						</TextLine>
						<TextLine ID="P2_TL00007" HPOS="791" VPOS="1178" WIDTH="1965" HEIGHT="90">
							<String ID="P2_ST00049" HPOS="791" VPOS="1178" WIDTH="794" HEIGHT="67" CONTENT="VOLTAIRE" WC="0.99" CC="00060603" STYLEREFS="TXT_3"/>
							<SP ID="P2_SP00043" HPOS="1585" VPOS="1245" WIDTH="90"/>
							<String ID="P2_ST00050" HPOS="1675" VPOS="1187" WIDTH="37" HEIGHT="59" CONTENT="/" WC="0.44" CC="5" STYLEREFS="TXT_3"/>
							<SP ID="P2_SP00044" HPOS="1712" VPOS="1246" WIDTH="92"/>
							<String ID="P2_ST00051" HPOS="1804" VPOS="1189" WIDTH="216" HEIGHT="61" CONTENT="Die" WC="0.99" CC="003" STYLEREFS="TXT_3"/>
							<SP ID="P2_SP00045" HPOS="2020" VPOS="1250" WIDTH="98"/>
							<String ID="P2_ST00052" HPOS="2118" VPOS="1192" WIDTH="638" HEIGHT="76" CONTENT="Jungfrau" WC="0.99" CC="60690000" STYLEREFS="TXT_3"/>
						</TextLine>
						<TextLine ID="P2_TL00008" HPOS="790" VPOS="1258" WIDTH="1966" HEIGHT="64">
							<String ID="P2_ST00053" HPOS="790" VPOS="1258" WIDTH="177" HEIGHT="38" CONTENT="Deutsch" WC="0.98" CC="5216055"/>
							<SP ID="P2_SP00046" HPOS="967" VPOS="1296" WIDTH="37"/>
							<String ID="P2_ST00054" HPOS="1004" VPOS="1260" WIDTH="215" HEIGHT="40" CONTENT="bearbeitet" WC="0.99" CC="0161622271"/>
							<SP ID="P2_SP00047" HPOS="1219" VPOS="1300" WIDTH="34"/>
							<String ID="P2_ST00055" HPOS="1253" VPOS="1275" WIDTH="79" HEIGHT="26" CONTENT="von" WC="0.97" CC="034"/>
							<SP ID="P2_SP00048" HPOS="1332" VPOS="1301" WIDTH="38"/>
							<String ID="P2_ST00056" HPOS="1370" VPOS="1265" WIDTH="119" HEIGHT="38" CONTENT="Gurt" WC="0.96" CC="6315"/>
							<SP ID="P2_SP00049" HPOS="1489" VPOS="1303" WIDTH="33"/>
							<String ID="P2_ST00057" HPOS="1522" VPOS="1267" WIDTH="195" HEIGHT="38" CONTENT="Moreck" WC="0.62" CC="046253"/>
							<SP ID="P2_SP00050" HPOS="1717" VPOS="1305" WIDTH="28"/>
							<String ID="P2_ST00058" HPOS="1745" VPOS="1267" WIDTH="24" HEIGHT="39" CONTENT="/" WC="1.00" CC="0"/>
							<SP ID="P2_SP00051" HPOS="1769" VPOS="1306" WIDTH="29"/>
							<String ID="P2_ST00059" HPOS="1798" VPOS="1269" WIDTH="105" HEIGHT="39" CONTENT="Geb." WC="0.98" CC="0604"/>
							<SP ID="P2_SP00052" HPOS="1903" VPOS="1308" WIDTH="30"/>
							<String ID="P2_ST00060" HPOS="1933" VPOS="1271" WIDTH="54" HEIGHT="37" CONTENT="M." WC="0.79" CC="04"/>
							<SP ID="P2_SP00053" HPOS="1987" VPOS="1308" WIDTH="35"/>
							<String ID="P2_ST00061" HPOS="2022" VPOS="1274" WIDTH="55" HEIGHT="34" CONTENT="14." WC="0.83" CC="500"/>
							<String ID="P2_ST00062" HPOS="2084" VPOS="1293" WIDTH="45" HEIGHT="3" CONTENT="—" WC="0.20" CC="8"/>
							<SP ID="P2_SP00054" HPOS="2129" VPOS="1308" WIDTH="28"/>
							<String ID="P2_ST00063" HPOS="2157" VPOS="1271" WIDTH="24" HEIGHT="38" CONTENT="/" WC="0.64" CC="3"/>
							<SP ID="P2_SP00055" HPOS="2181" VPOS="1309" WIDTH="30"/>
							<String ID="P2_ST00064" HPOS="2211" VPOS="1274" WIDTH="311" HEIGHT="48" CONTENT="Luxusausgabe" WC="0.99" CC="420106206600"/>
							<SP ID="P2_SP00056" HPOS="2522" VPOS="1322" WIDTH="37"/>
							<String ID="P2_ST00065" HPOS="2559" VPOS="1277" WIDTH="54" HEIGHT="37" CONTENT="M." WC="0.78" CC="04"/>
							<SP ID="P2_SP00057" HPOS="2613" VPOS="1322" WIDTH="29"/>
							<String ID="P2_ST00066" HPOS="2642" VPOS="1281" WIDTH="61" HEIGHT="34" CONTENT="45." WC="0.80" CC="004"/>
							<String ID="P2_ST00067" HPOS="2707" VPOS="1299" WIDTH="49" HEIGHT="4" CONTENT="—" WC="0.20" CC="8"/>
						</TextLine>
						<TextLine ID="P2_TL00009" HPOS="785" VPOS="1412" WIDTH="1974" HEIGHT="86">
							<String ID="P2_ST00068" HPOS="785" VPOS="1412" WIDTH="178" HEIGHT="61" CONTENT="DIE" WC="0.96" CC="044" STYLEREFS="TXT_4"/>
							<SP ID="P2_SP00058" HPOS="963" VPOS="1473" WIDTH="61"/>
							<String ID="P2_ST00069" HPOS="1024" VPOS="1414" WIDTH="660" HEIGHT="67" CONTENT="EINMALIGEN" WC="0.99" CC="2002005440" STYLEREFS="TXT_4"/>
							<SP ID="P2_SP00059" HPOS="1684" VPOS="1481" WIDTH="51"/>
							<String ID="P2_ST00070" HPOS="1735" VPOS="1422" WIDTH="1024" HEIGHT="76" CONTENT="ZWEEMANNDRUCKE" WC="0.88" CC="05003000250000" STYLEREFS="TXT_4"/>
						</TextLine>
						<TextLine ID="P2_TL00010" HPOS="790" VPOS="1541" WIDTH="1964" HEIGHT="92">
							<String ID="P2_ST00071" HPOS="790" VPOS="1541" WIDTH="379" HEIGHT="74" CONTENT="JEAN" WC="0.97" CC="7500" STYLEREFS="TXT_3"/>
							<SP ID="P2_SP00060" HPOS="1169" VPOS="1615" WIDTH="114"/>
							<String ID="P2_ST00072" HPOS="1283" VPOS="1544" WIDTH="406" HEIGHT="66" CONTENT="PAUL" WC="0.96" CC="7155" STYLEREFS="TXT_3"/>
							<SP ID="P2_SP00061" HPOS="1689" VPOS="1615" WIDTH="107"/>
							<String ID="P2_ST00073" HPOS="1796" VPOS="1552" WIDTH="36" HEIGHT="58" CONTENT="/" WC="0.50" CC="4" STYLEREFS="TXT_3"/>
							<SP ID="P2_SP00062" HPOS="1832" VPOS="1615" WIDTH="109"/>
							<String ID="P2_ST00074" HPOS="1941" VPOS="1554" WIDTH="813" HEIGHT="79" CONTENT="Polymeter" WC="0.98" CC="717053655" STYLEREFS="TXT_3"/>
						</TextLine>
						<TextLine ID="P2_TL00011" HPOS="786" VPOS="1622" WIDTH="1964" HEIGHT="65">
							<String ID="P2_ST00075" HPOS="786" VPOS="1622" WIDTH="183" HEIGHT="48" CONTENT="Ausgabe" WC="0.99" CC="0004600"/>
							<SP ID="P2_SP00063" HPOS="969" VPOS="1670" WIDTH="17"/>
							<String ID="P2_ST00076" HPOS="986" VPOS="1635" WIDTH="80" HEIGHT="27" CONTENT="von" WC="0.99" CC="010"/>
							<SP ID="P2_SP00064" HPOS="1066" VPOS="1670" WIDTH="22"/>
							<String ID="P2_ST00077" HPOS="1088" VPOS="1625" WIDTH="38" HEIGHT="37" CONTENT="F." WC="0.91" CC="10"/>
							<SP ID="P2_SP00065" HPOS="1126" VPOS="1670" WIDTH="15"/>
							<String ID="P2_ST00078" HPOS="1141" VPOS="1626" WIDTH="61" HEIGHT="37" CONTENT="W." WC="0.66" CC="60"/>
							<SP ID="P2_SP00066" HPOS="1202" VPOS="1670" WIDTH="16"/>
							<String ID="P2_ST00079" HPOS="1218" VPOS="1626" WIDTH="191" HEIGHT="49" CONTENT="Wagner" WC="0.99" CC="630000"/>
							<SP ID="P2_SP00067" HPOS="1409" VPOS="1675" WIDTH="18"/>
							<String ID="P2_ST00080" HPOS="1427" VPOS="1627" WIDTH="22" HEIGHT="41" CONTENT="/" WC="1.00" CC="0"/>
							<SP ID="P2_SP00068" HPOS="1449" VPOS="1675" WIDTH="21"/>
							<String ID="P2_ST00081" HPOS="1470" VPOS="1632" WIDTH="149" HEIGHT="36" CONTENT="I—loo" WC="0.74" CC="48000"/>
							<SP ID="P2_SP00069" HPOS="1619" VPOS="1675" WIDTH="20"/>
							<String ID="P2_ST00082" HPOS="1639" VPOS="1631" WIDTH="339" HEIGHT="51" CONTENT="Halbpergament" WC="1.00" CC="4510000000002"/>
							<SP ID="P2_SP00070" HPOS="1978" VPOS="1682" WIDTH="18"/>
							<String ID="P2_ST00083" HPOS="1996" VPOS="1636" WIDTH="55" HEIGHT="38" CONTENT="M." WC="0.92" CC="01"/>
							<SP ID="P2_SP00071" HPOS="2051" VPOS="1682" WIDTH="14"/>
							<String ID="P2_ST00084" HPOS="2065" VPOS="1640" WIDTH="113" HEIGHT="33" CONTENT="45." WC="0.99" CC="000"/>
							<SP ID="P2_SP00072" HPOS="2178" VPOS="1682" WIDTH="16"/>
							<String ID="P2_ST00085" HPOS="2194" VPOS="1635" WIDTH="26" HEIGHT="39" CONTENT="/" WC="1.00" CC="0"/>
							<SP ID="P2_SP00073" HPOS="2220" VPOS="1682" WIDTH="20"/>
							<String ID="P2_ST00086" HPOS="2240" VPOS="1641" WIDTH="198" HEIGHT="34" CONTENT="101—500" WC="0.72" CC="5060204"/>
							<SP ID="P2_SP00074" HPOS="2438" VPOS="1682" WIDTH="18"/>
							<String ID="P2_ST00087" HPOS="2456" VPOS="1640" WIDTH="86" HEIGHT="47" CONTENT="geb." WC="0.75" CC="9000"/>
							<SP ID="P2_SP00075" HPOS="2542" VPOS="1687" WIDTH="20"/>
							<String ID="P2_ST00088" HPOS="2562" VPOS="1640" WIDTH="55" HEIGHT="38" CONTENT="M." WC="1.00" CC="00"/>
							<SP ID="P2_SP00076" HPOS="2617" VPOS="1687" WIDTH="27"/>
							<String ID="P2_ST00089" HPOS="2644" VPOS="1644" WIDTH="106" HEIGHT="34" CONTENT="12." WC="0.67" CC="310"/>
						</TextLine>
						<TextLine ID="P2_TL00012" HPOS="786" VPOS="1705" WIDTH="1963" HEIGHT="87">
							<String ID="P2_ST00090" HPOS="786" VPOS="1705" WIDTH="66" HEIGHT="59" CONTENT="B." WC="0.53" CC="54" STYLEREFS="TXT_3"/>
							<SP ID="P2_SP00077" HPOS="852" VPOS="1764" WIDTH="51"/>
							<String ID="P2_ST00091" HPOS="903" VPOS="1706" WIDTH="78" HEIGHT="60" CONTENT="H." WC="0.81" CC="03" STYLEREFS="TXT_3"/>
							<SP ID="P2_SP00078" HPOS="981" VPOS="1766" WIDTH="49"/>
							<String ID="P2_ST00092" HPOS="1030" VPOS="1707" WIDTH="450" HEIGHT="66" CONTENT="BROCKES" WC="0.72" CC="6004530" STYLEREFS="TXT_3"/>
							<SP ID="P2_SP00079" HPOS="1480" VPOS="1773" WIDTH="44"/>
							<String ID="P2_ST00093" HPOS="1524" VPOS="1711" WIDTH="36" HEIGHT="60" CONTENT="/" WC="0.73" CC="2" STYLEREFS="TXT_3"/>
							<SP ID="P2_SP00080" HPOS="1560" VPOS="1773" WIDTH="49"/>
							<String ID="P2_ST00094" HPOS="1609" VPOS="1714" WIDTH="349" HEIGHT="62" CONTENT="Irdisches" WC="0.99" CC="450401040" STYLEREFS="TXT_3"/>
							<SP ID="P2_SP00081" HPOS="1958" VPOS="1776" WIDTH="37"/>
							<String ID="P2_ST00095" HPOS="1995" VPOS="1717" WIDTH="421" HEIGHT="75" CONTENT="Vergnügen" WC="0.99" CC="041050026" STYLEREFS="TXT_3"/>
							<SP ID="P2_SP00082" HPOS="2416" VPOS="1792" WIDTH="47"/>
							<String ID="P2_ST00096" HPOS="2463" VPOS="1730" WIDTH="66" HEIGHT="50" CONTENT="in" WC="0.81" CC="03" STYLEREFS="TXT_3"/>
							<SP ID="P2_SP00083" HPOS="2529" VPOS="1792" WIDTH="49"/>
							<String ID="P2_ST00097" HPOS="2578" VPOS="1721" WIDTH="171" HEIGHT="61" CONTENT="Gott" WC="1.00" CC="0000" STYLEREFS="TXT_3"/>
						</TextLine>
						<TextLine ID="P2_TL00013" HPOS="782" VPOS="1786" WIDTH="1963" HEIGHT="62">
							<String ID="P2_ST00098" HPOS="782" VPOS="1786" WIDTH="184" HEIGHT="49" CONTENT="Ausgabe" WC="1.00" CC="0000070"/>
							<SP ID="P2_SP00084" HPOS="966" VPOS="1835" WIDTH="29"/>
							<String ID="P2_ST00099" HPOS="995" VPOS="1800" WIDTH="79" HEIGHT="25" CONTENT="von" WC="0.98" CC="006"/>
							<SP ID="P2_SP00085" HPOS="1074" VPOS="1835" WIDTH="31"/>
							<String ID="P2_ST00100" HPOS="1105" VPOS="1789" WIDTH="60" HEIGHT="38" CONTENT="W." WC="0.50" CC="90"/>
							<SP ID="P2_SP00086" HPOS="1165" VPOS="1835" WIDTH="32"/>
							<String ID="P2_ST00101" HPOS="1197" VPOS="1791" WIDTH="196" HEIGHT="48" CONTENT="Pranger" WC="0.99" CC="6160000"/>
							<SP ID="P2_SP00087" HPOS="1393" VPOS="1839" WIDTH="26"/>
							<String ID="P2_ST00102" HPOS="1419" VPOS="1791" WIDTH="25" HEIGHT="38" CONTENT="/" WC="1.00" CC="0"/>
							<SP ID="P2_SP00088" HPOS="1444" VPOS="1839" WIDTH="29"/>
							<String ID="P2_ST00103" HPOS="1473" VPOS="1794" WIDTH="68" HEIGHT="36" CONTENT="Nr." WC="0.99" CC="030"/>
							<SP ID="P2_SP00089" HPOS="1541" VPOS="1839" WIDTH="36"/>
							<String ID="P2_ST00104" HPOS="1577" VPOS="1799" WIDTH="11" HEIGHT="31" CONTENT="1" WC="0.51" CC="4"/>
							<SP ID="P2_SP00090" HPOS="1588" VPOS="1839" WIDTH="85"/>
							<String ID="P2_ST00105" HPOS="1673" VPOS="1799" WIDTH="70" HEIGHT="34" CONTENT="100" WC="0.80" CC="500"/>
							<SP ID="P2_SP00091" HPOS="1743" VPOS="1839" WIDTH="28"/>
							<String ID="P2_ST00106" HPOS="1771" VPOS="1796" WIDTH="56" HEIGHT="38" CONTENT="M." WC="1.00" CC="00"/>
							<SP ID="P2_SP00092" HPOS="1827" VPOS="1839" WIDTH="28"/>
							<String ID="P2_ST00107" HPOS="1855" VPOS="1801" WIDTH="113" HEIGHT="33" CONTENT="45." WC="0.90" CC="120"/>
							<SP ID="P2_SP00093" HPOS="1968" VPOS="1839" WIDTH="29"/>
							<String ID="P2_ST00108" HPOS="1997" VPOS="1797" WIDTH="22" HEIGHT="41" CONTENT="/" WC="1.00" CC="0"/>
							<SP ID="P2_SP00094" HPOS="2019" VPOS="1839" WIDTH="33"/>
							<String ID="P2_ST00109" HPOS="2052" VPOS="1802" WIDTH="218" HEIGHT="36" CONTENT="101—500" WC="0.91" CC="2000300"/>
							<SP ID="P2_SP00095" HPOS="2270" VPOS="1839" WIDTH="33"/>
							<String ID="P2_ST00110" HPOS="2303" VPOS="1801" WIDTH="212" HEIGHT="47" CONTENT="gebunden" WC="0.99" CC="90003004"/>
							<SP ID="P2_SP00096" HPOS="2515" VPOS="1848" WIDTH="36"/>
							<String ID="P2_ST00111" HPOS="2551" VPOS="1802" WIDTH="55" HEIGHT="37" CONTENT="M." WC="1.00" CC="00"/>
							<SP ID="P2_SP00097" HPOS="2606" VPOS="1848" WIDTH="35"/>
							<String ID="P2_ST00112" HPOS="2641" VPOS="1806" WIDTH="104" HEIGHT="35" CONTENT="15." WC="0.89" CC="400"/>
						</TextLine>
						<TextLine ID="P2_TL00014" HPOS="781" VPOS="1935" WIDTH="1964" HEIGHT="82">
							<String ID="P2_ST00113" HPOS="781" VPOS="1940" WIDTH="152" HEIGHT="58" CONTENT="DIE" WC="0.98" CC="005" STYLEREFS="TXT_4"/>
							<SP ID="P2_SP00098" HPOS="933" VPOS="1998" WIDTH="48"/>
							<String ID="P2_ST00114" HPOS="981" VPOS="1935" WIDTH="887" HEIGHT="81" CONTENT="ZWEEMÄNNBÜCHER" WC="0.76" CC="24005000021555" STYLEREFS="TXT_4"/>
							<SP ID="P2_SP00099" HPOS="1868" VPOS="2016" WIDTH="52"/>
							<String ID="P2_ST00115" HPOS="1920" VPOS="1952" WIDTH="301" HEIGHT="65" CONTENT="NEUER" WC="0.97" CC="26562" STYLEREFS="TXT_4"/>
							<SP ID="P2_SP00100" HPOS="2221" VPOS="2017" WIDTH="52"/>
							<String ID="P2_ST00116" HPOS="2273" VPOS="1954" WIDTH="472" HEIGHT="63" CONTENT="DICHTUNG" WC="0.99" CC="02062302" STYLEREFS="TXT_4"/>
						</TextLine>
						<TextLine ID="P2_TL00015" HPOS="781" VPOS="2069" WIDTH="1962" HEIGHT="75">
							<String ID="P2_ST00117" HPOS="781" VPOS="2069" WIDTH="77" HEIGHT="60" CONTENT="V." WC="0.83" CC="03" STYLEREFS="TXT_3"/>
							<SP ID="P2_SP00101" HPOS="858" VPOS="2129" WIDTH="50"/>
							<String ID="P2_ST00118" HPOS="908" VPOS="2069" WIDTH="75" HEIGHT="61" CONTENT="C." WC="0.83" CC="03" STYLEREFS="TXT_3"/>
							<SP ID="P2_SP00102" HPOS="983" VPOS="2130" WIDTH="50"/>
							<String ID="P2_ST00119" HPOS="1033" VPOS="2070" WIDTH="590" HEIGHT="65" CONTENT="HABICHT" WC="0.99" CC="0027105" STYLEREFS="TXT_3"/>
							<SP ID="P2_SP00103" HPOS="1623" VPOS="2135" WIDTH="78"/>
							<String ID="P2_ST00120" HPOS="1701" VPOS="2077" WIDTH="37" HEIGHT="59" CONTENT="/" WC="0.55" CC="4" STYLEREFS="TXT_3"/>
							<SP ID="P2_SP00104" HPOS="1738" VPOS="2136" WIDTH="79"/>
							<String ID="P2_ST00121" HPOS="1817" VPOS="2079" WIDTH="193" HEIGHT="60" CONTENT="Der" WC="0.98" CC="040" STYLEREFS="TXT_3"/>
							<SP ID="P2_SP00105" HPOS="2010" VPOS="2139" WIDTH="77"/>
							<String ID="P2_ST00122" HPOS="2087" VPOS="2082" WIDTH="342" HEIGHT="61" CONTENT="Funke" WC="0.98" CC="00073" STYLEREFS="TXT_3"/>
							<SP ID="P2_SP00106" HPOS="2429" VPOS="2143" WIDTH="73"/>
							<String ID="P2_ST00123" HPOS="2502" VPOS="2083" WIDTH="241" HEIGHT="61" CONTENT="Gott" WC="0.99" CC="0014" STYLEREFS="TXT_3"/>
						</TextLine>
						<TextLine ID="P2_TL00016" HPOS="1100" VPOS="2154" WIDTH="1315" HEIGHT="48">
							<String ID="P2_ST00124" HPOS="1100" VPOS="2156" WIDTH="81" HEIGHT="34" CONTENT="600" WC="0.40" CC="907"/>
							<SP ID="P2_SP00107" HPOS="1181" VPOS="2190" WIDTH="30"/>
							<String ID="P2_ST00125" HPOS="1211" VPOS="2154" WIDTH="237" HEIGHT="48" CONTENT="Exemplare" WC="0.99" CC="403607700"/>
							<SP ID="P2_SP00108" HPOS="1448" VPOS="2202" WIDTH="29"/>
							<String ID="P2_ST00126" HPOS="1477" VPOS="2155" WIDTH="23" HEIGHT="37" CONTENT="/" WC="0.55" CC="4"/>
							<SP ID="P2_SP00109" HPOS="1500" VPOS="2202" WIDTH="30"/>
							<String ID="P2_ST00127" HPOS="1530" VPOS="2156" WIDTH="229" HEIGHT="40" CONTENT="Gebunden" WC="0.99" CC="40104401"/>
							<SP ID="P2_SP00110" HPOS="1759" VPOS="2202" WIDTH="459"/>
							<String ID="P2_ST00128" HPOS="2218" VPOS="2163" WIDTH="54" HEIGHT="36" CONTENT="M." WC="0.78" CC="04"/>
							<SP ID="P2_SP00111" HPOS="2272" VPOS="2202" WIDTH="35"/>
							<String ID="P2_ST00129" HPOS="2307" VPOS="2166" WIDTH="55" HEIGHT="35" CONTENT="10." WC="0.63" CC="423"/>
							<String ID="P2_ST00130" HPOS="2366" VPOS="2185" WIDTH="49" HEIGHT="4" CONTENT="—" WC="0.20" CC="8"/>
						</TextLine>
						<TextLine ID="P2_TL00017" HPOS="780" VPOS="2235" WIDTH="1961" HEIGHT="74">
							<String ID="P2_ST00131" HPOS="780" VPOS="2235" WIDTH="58" HEIGHT="58" CONTENT="F." WC="0.71" CC="50" STYLEREFS="TXT_3"/>
							<SP ID="P2_SP00112" HPOS="838" VPOS="2293" WIDTH="69"/>
							<String ID="P2_ST00132" HPOS="907" VPOS="2235" WIDTH="97" HEIGHT="58" CONTENT="W." WC="0.65" CC="70" STYLEREFS="TXT_3"/>
							<SP ID="P2_SP00113" HPOS="1004" VPOS="2293" WIDTH="66"/>
							<String ID="P2_ST00133" HPOS="1070" VPOS="2235" WIDTH="650" HEIGHT="66" CONTENT="WAGNER" WC="0.98" CC="710430" STYLEREFS="TXT_3"/>
							<SP ID="P2_SP00114" HPOS="1720" VPOS="2301" WIDTH="86"/>
							<String ID="P2_ST00134" HPOS="1806" VPOS="2243" WIDTH="36" HEIGHT="58" CONTENT="/" WC="0.40" CC="5" STYLEREFS="TXT_3"/>
							<SP ID="P2_SP00115" HPOS="1842" VPOS="2301" WIDTH="89"/>
							<String ID="P2_ST00135" HPOS="1931" VPOS="2245" WIDTH="810" HEIGHT="64" CONTENT="Irrenhaus" WC="0.98" CC="654665736" STYLEREFS="TXT_3"/>
						</TextLine>
						<TextLine ID="P2_TL00018" HPOS="1105" VPOS="2317" WIDTH="1304" HEIGHT="47">
							<String ID="P2_ST00136" HPOS="1105" VPOS="2317" WIDTH="227" HEIGHT="38" CONTENT="Kartoniert" WC="1.00" CC="0510400002"/>
							<SP ID="P2_SP00116" HPOS="1332" VPOS="2355" WIDTH="897"/>
							<String ID="P2_ST00137" HPOS="2229" VPOS="2326" WIDTH="54" HEIGHT="37" CONTENT="M." WC="0.69" CC="23"/>
							<SP ID="P2_SP00117" HPOS="2283" VPOS="2363" WIDTH="56"/>
							<String ID="P2_ST00138" HPOS="2339" VPOS="2331" WIDTH="70" HEIGHT="33" CONTENT="3" WC="0.50" CC="2"/>
						</TextLine>
						<TextLine ID="P2_TL00019" HPOS="779" VPOS="2394" WIDTH="1961" HEIGHT="78">
							<String ID="P2_ST00139" HPOS="779" VPOS="2397" WIDTH="549" HEIGHT="63" CONTENT="LEONHARD" WC="1.00" CC="02000000" STYLEREFS="TXT_3"/>
							<SP ID="P2_SP00118" HPOS="1328" VPOS="2460" WIDTH="60"/>
							<String ID="P2_ST00140" HPOS="1388" VPOS="2394" WIDTH="458" HEIGHT="70" CONTENT="SCHÜLER" WC="0.99" CC="0000630" STYLEREFS="TXT_3"/>
							<SP ID="P2_SP00119" HPOS="1846" VPOS="2464" WIDTH="59"/>
							<String ID="P2_ST00141" HPOS="1905" VPOS="2406" WIDTH="38" HEIGHT="59" CONTENT="/" WC="0.40" CC="5" STYLEREFS="TXT_3"/>
							<SP ID="P2_SP00120" HPOS="1943" VPOS="2465" WIDTH="58"/>
							<String ID="P2_ST00142" HPOS="2001" VPOS="2407" WIDTH="255" HEIGHT="61" CONTENT="Schlaf" WC="0.98" CC="000655" STYLEREFS="TXT_3"/>
							<SP ID="P2_SP00121" HPOS="2256" VPOS="2468" WIDTH="52"/>
							<String ID="P2_ST00143" HPOS="2308" VPOS="2412" WIDTH="141" HEIGHT="57" CONTENT="und" WC="0.99" CC="020" STYLEREFS="TXT_3"/>
							<SP ID="P2_SP00122" HPOS="2449" VPOS="2469" WIDTH="60"/>
							<String ID="P2_ST00144" HPOS="2509" VPOS="2411" WIDTH="231" HEIGHT="61" CONTENT="Nacht" WC="0.99" CC="06003" STYLEREFS="TXT_3"/>
						</TextLine>
						<TextLine ID="P2_TL00020" HPOS="1102" VPOS="2481" WIDTH="1309" HEIGHT="47">
							<String ID="P2_ST00145" HPOS="1102" VPOS="2481" WIDTH="227" HEIGHT="38" CONTENT="Kartoniert" WC="1.00" CC="2000025004"/>
							<SP ID="P2_SP00123" HPOS="1329" VPOS="2519" WIDTH="748"/>
							<String ID="P2_ST00146" HPOS="2077" VPOS="2490" WIDTH="108" HEIGHT="36" CONTENT="zirka" WC="0.99" CC="23004"/>
							<SP ID="P2_SP00124" HPOS="2185" VPOS="2526" WIDTH="32"/>
							<String ID="P2_ST00147" HPOS="2217" VPOS="2491" WIDTH="53" HEIGHT="35" CONTENT="M." WC="0.68" CC="32"/>
							<SP ID="P2_SP00125" HPOS="2270" VPOS="2526" WIDTH="55"/>
							<String ID="P2_ST00148" HPOS="2325" VPOS="2495" WIDTH="86" HEIGHT="33" CONTENT="4." WC="0.99" CC="00"/>
						</TextLine>
						<TextLine ID="P2_TL00021" HPOS="773" VPOS="2559" WIDTH="1966" HEIGHT="91">
							<String ID="P2_ST00149" HPOS="773" VPOS="2559" WIDTH="428" HEIGHT="64" CONTENT="WALTER" WC="0.99" CC="900030" STYLEREFS="TXT_3"/>
							<SP ID="P2_SP00126" HPOS="1201" VPOS="2623" WIDTH="60"/>
							<String ID="P2_ST00150" HPOS="1261" VPOS="2563" WIDTH="348" HEIGHT="62" CONTENT="PETRY" WC="0.85" CC="30003" STYLEREFS="TXT_3"/>
							<SP ID="P2_SP00127" HPOS="1609" VPOS="2625" WIDTH="54"/>
							<String ID="P2_ST00151" HPOS="1663" VPOS="2567" WIDTH="37" HEIGHT="60" CONTENT="/" WC="0.47" CC="5" STYLEREFS="TXT_3"/>
							<SP ID="P2_SP00128" HPOS="1700" VPOS="2627" WIDTH="55"/>
							<String ID="P2_ST00152" HPOS="1755" VPOS="2570" WIDTH="273" HEIGHT="73" CONTENT="Angst" WC="1.00" CC="00000" STYLEREFS="TXT_3"/>
							<SP ID="P2_SP00129" HPOS="2028" VPOS="2643" WIDTH="54"/>
							<String ID="P2_ST00153" HPOS="2082" VPOS="2578" WIDTH="162" HEIGHT="54" CONTENT="und" WC="1.00" CC="000" STYLEREFS="TXT_3"/>
							<SP ID="P2_SP00130" HPOS="2244" VPOS="2643" WIDTH="58"/>
							<String ID="P2_ST00154" HPOS="2302" VPOS="2573" WIDTH="437" HEIGHT="77" CONTENT="Erlösung" WC="1.00" CC="03500000" STYLEREFS="TXT_3"/>
						</TextLine>
						<TextLine ID="P2_TL00022" HPOS="1101" VPOS="2644" WIDTH="1308" HEIGHT="47">
							<String ID="P2_ST00155" HPOS="1101" VPOS="2644" WIDTH="228" HEIGHT="40" CONTENT="Kartoniert" WC="1.00" CC="1005400004"/>
							<SP ID="P2_SP00131" HPOS="1329" VPOS="2684" WIDTH="745"/>
							<String ID="P2_ST00156" HPOS="2074" VPOS="2653" WIDTH="109" HEIGHT="38" CONTENT="zirka" WC="0.99" CC="30005"/>
							<SP ID="P2_SP00132" HPOS="2183" VPOS="2691" WIDTH="29"/>
							<String ID="P2_ST00157" HPOS="2212" VPOS="2653" WIDTH="55" HEIGHT="37" CONTENT="M." WC="0.77" CC="40"/>
							<SP ID="P2_SP00133" HPOS="2267" VPOS="2691" WIDTH="54"/>
							<String ID="P2_ST00158" HPOS="2321" VPOS="2658" WIDTH="88" HEIGHT="33" CONTENT="4." WC="1.00" CC="00"/>
						</TextLine>
						<TextLine ID="P2_TL00023" HPOS="772" VPOS="2726" WIDTH="1962" HEIGHT="85">
							<String ID="P2_ST00159" HPOS="772" VPOS="2726" WIDTH="79" HEIGHT="58" CONTENT="V." WC="0.80" CC="03" STYLEREFS="TXT_3"/>
							<SP ID="P2_SP00134" HPOS="851" VPOS="2784" WIDTH="48"/>
							<String ID="P2_ST00160" HPOS="899" VPOS="2726" WIDTH="76" HEIGHT="61" CONTENT="C." WC="0.71" CC="23" STYLEREFS="TXT_3"/>
							<SP ID="P2_SP00135" HPOS="975" VPOS="2787" WIDTH="50"/>
							<String ID="P2_ST00161" HPOS="1025" VPOS="2728" WIDTH="449" HEIGHT="61" CONTENT="HABICHT" WC="0.99" CC="0075000" STYLEREFS="TXT_3"/>
							<SP ID="P2_SP00136" HPOS="1474" VPOS="2789" WIDTH="42"/>
							<String ID="P2_ST00162" HPOS="1516" VPOS="2731" WIDTH="37" HEIGHT="60" CONTENT="/" WC="1.00" CC="0" STYLEREFS="TXT_3"/>
							<SP ID="P2_SP00137" HPOS="1553" VPOS="2791" WIDTH="46"/>
							<String ID="P2_ST00163" HPOS="1599" VPOS="2732" WIDTH="401" HEIGHT="79" CONTENT="Odysseus" WC="1.00" CC="00600010" STYLEREFS="TXT_3"/>
							<SP ID="P2_SP00138" HPOS="2000" VPOS="2811" WIDTH="53"/>
							<String ID="P2_ST00164" HPOS="2053" VPOS="2740" WIDTH="142" HEIGHT="57" CONTENT="und" WC="1.00" CC="000" STYLEREFS="TXT_3"/>
							<SP ID="P2_SP00139" HPOS="2195" VPOS="2811" WIDTH="56"/>
							<String ID="P2_ST00165" HPOS="2251" VPOS="2740" WIDTH="118" HEIGHT="57" CONTENT="die" WC="0.97" CC="053" STYLEREFS="TXT_3"/>
							<SP ID="P2_SP00140" HPOS="2369" VPOS="2811" WIDTH="53"/>
							<String ID="P2_ST00166" HPOS="2422" VPOS="2738" WIDTH="312" HEIGHT="61" CONTENT="Sirenen" WC="1.00" CC="0001005" STYLEREFS="TXT_3"/>
						</TextLine>
						<TextLine ID="P2_TL00024" HPOS="771" VPOS="2806" WIDTH="1964" HEIGHT="53">
							<String ID="P2_ST00167" HPOS="771" VPOS="2806" WIDTH="69" HEIGHT="37" CONTENT="Nr." WC="0.99" CC="200"/>
							<SP ID="P2_SP00141" HPOS="840" VPOS="2843" WIDTH="36"/>
							<String ID="P2_ST00168" HPOS="876" VPOS="2810" WIDTH="13" HEIGHT="34" CONTENT="1" WC="0.61" CC="3"/>
							<SP ID="P2_SP00142" HPOS="889" VPOS="2844" WIDTH="90"/>
							<String ID="P2_ST00169" HPOS="979" VPOS="2811" WIDTH="76" HEIGHT="34" CONTENT="200" WC="1.00" CC="000"/>
							<SP ID="P2_SP00143" HPOS="1055" VPOS="2845" WIDTH="25"/>
							<String ID="P2_ST00170" HPOS="1080" VPOS="2807" WIDTH="26" HEIGHT="39" CONTENT="/" WC="0.67" CC="3"/>
							<SP ID="P2_SP00144" HPOS="1106" VPOS="2846" WIDTH="28"/>
							<String ID="P2_ST00171" HPOS="1134" VPOS="2810" WIDTH="312" HEIGHT="49" CONTENT="Luxusausgabe" WC="1.00" CC="224000000400"/>
							<SP ID="P2_SP00145" HPOS="1446" VPOS="2859" WIDTH="41"/>
							<String ID="P2_ST00172" HPOS="1487" VPOS="2841" WIDTH="9" HEIGHT="9" CONTENT="." WC="1.00" CC="0"/>
							<SP ID="P2_SP00146" HPOS="1496" VPOS="2859" WIDTH="30"/>
							<String ID="P2_ST00173" HPOS="1526" VPOS="2843" WIDTH="8" HEIGHT="7" CONTENT="." WC="1.00" CC="0"/>
							<SP ID="P2_SP00147" HPOS="1534" VPOS="2859" WIDTH="30"/>
							<String ID="P2_ST00174" HPOS="1564" VPOS="2843" WIDTH="8" HEIGHT="7" CONTENT="." WC="1.00" CC="0"/>
							<SP ID="P2_SP00148" HPOS="1572" VPOS="2859" WIDTH="30"/>
							<String ID="P2_ST00175" HPOS="1602" VPOS="2815" WIDTH="108" HEIGHT="36" CONTENT="zirka" WC="1.00" CC="02000"/>
							<SP ID="P2_SP00149" HPOS="1710" VPOS="2859" WIDTH="31"/>
							<String ID="P2_ST00176" HPOS="1741" VPOS="2815" WIDTH="53" HEIGHT="38" CONTENT="M." WC="0.69" CC="60"/>
							<SP ID="P2_SP00150" HPOS="1794" VPOS="2859" WIDTH="31"/>
							<String ID="P2_ST00177" HPOS="1825" VPOS="2820" WIDTH="47" HEIGHT="33" CONTENT="35" WC="0.84" CC="30"/>
							<SP ID="P2_SP00151" HPOS="1872" VPOS="2859" WIDTH="91"/>
							<String ID="P2_ST00178" HPOS="1963" VPOS="2815" WIDTH="25" HEIGHT="39" CONTENT="/" WC="1.00" CC="0"/>
							<SP ID="P2_SP00152" HPOS="1988" VPOS="2859" WIDTH="30"/>
							<String ID="P2_ST00179" HPOS="2018" VPOS="2817" WIDTH="228" HEIGHT="38" CONTENT="Kartoniert" WC="0.99" CC="0514061005"/>
							<SP ID="P2_SP00153" HPOS="2246" VPOS="2859" WIDTH="38"/>
							<String ID="P2_ST00180" HPOS="2284" VPOS="2846" WIDTH="9" HEIGHT="9" CONTENT="." WC="0.79" CC="2"/>
							<SP ID="P2_SP00154" HPOS="2293" VPOS="2859" WIDTH="31"/>
							<String ID="P2_ST00181" HPOS="2324" VPOS="2846" WIDTH="7" HEIGHT="9" CONTENT="." WC="1.00" CC="0"/>
							<SP ID="P2_SP00155" HPOS="2331" VPOS="2859" WIDTH="32"/>
							<String ID="P2_ST00182" HPOS="2363" VPOS="2846" WIDTH="6" HEIGHT="9" CONTENT="." WC="0.97" CC="0"/>
							<SP ID="P2_SP00156" HPOS="2369" VPOS="2859" WIDTH="30"/>
							<String ID="P2_ST00183" HPOS="2399" VPOS="2820" WIDTH="109" HEIGHT="37" CONTENT="zirka" WC="1.00" CC="03000"/>
							<SP ID="P2_SP00157" HPOS="2508" VPOS="2859" WIDTH="29"/>
							<String ID="P2_ST00184" HPOS="2537" VPOS="2820" WIDTH="56" HEIGHT="38" CONTENT="M." WC="1.00" CC="00"/>
							<SP ID="P2_SP00158" HPOS="2593" VPOS="2859" WIDTH="55"/>
							<String ID="P2_ST00185" HPOS="2648" VPOS="2825" WIDTH="87" HEIGHT="34" CONTENT="5." WC="0.70" CC="00"/>
						</TextLine>
						<TextLine ID="P2_TL00025" HPOS="764" VPOS="2959" WIDTH="1256" HEIGHT="88">
							<String ID="P2_ST00186" HPOS="764" VPOS="2959" WIDTH="554" HEIGHT="88" CONTENT="SCMRIETEN_" WC="0.71" CC="0075072041" STYLEREFS="TXT_4"/>
							<SP ID="P2_SP00159" HPOS="1318" VPOS="3047" WIDTH="52"/>
							<String ID="P2_ST00187" HPOS="1370" VPOS="2965" WIDTH="193" HEIGHT="60" CONTENT="VON" WC="0.93" CC="387" STYLEREFS="TXT_4"/>
							<SP ID="P2_SP00160" HPOS="1563" VPOS="3047" WIDTH="48"/>
							<String ID="P2_ST00188" HPOS="1611" VPOS="2966" WIDTH="409" HEIGHT="67" CONTENT="CRISTOE" WC="0.66" CC="5600307" STYLEREFS="TXT_4"/>
							<SP ID="P2_SP00161" HPOS="2020" VPOS="3047" WIDTH="0"/>
						</TextLine>
						<TextLine ID="P2_TL00026" HPOS="768" VPOS="3089" WIDTH="1966" HEIGHT="74">
							<String ID="P2_ST00189" HPOS="768" VPOS="3089" WIDTH="156" HEIGHT="60" CONTENT="Die" WC="0.99" CC="012" STYLEREFS="TXT_3"/>
							<SP ID="P2_SP00162" HPOS="924" VPOS="3149" WIDTH="52"/>
							<String ID="P2_ST00190" HPOS="976" VPOS="3093" WIDTH="436" HEIGHT="59" CONTENT="bildende" WC="0.99" CC="01501502" STYLEREFS="TXT_3"/>
							<SP ID="P2_SP00163" HPOS="1412" VPOS="3152" WIDTH="48"/>
							<String ID="P2_ST00191" HPOS="1460" VPOS="3094" WIDTH="278" HEIGHT="61" CONTENT="Kunst" WC="0.98" CC="50504" STYLEREFS="TXT_3"/>
							<SP ID="P2_SP00164" HPOS="1738" VPOS="3155" WIDTH="51"/>
							<String ID="P2_ST00192" HPOS="1789" VPOS="3105" WIDTH="103" HEIGHT="51" CONTENT="im" WC="0.76" CC="40" STYLEREFS="TXT_3"/>
							<SP ID="P2_SP00165" HPOS="1892" VPOS="3156" WIDTH="51"/>
							<String ID="P2_ST00193" HPOS="1943" VPOS="3118" WIDTH="273" HEIGHT="41" CONTENT="neuen" WC="0.98" CC="13005" STYLEREFS="TXT_3"/>
							<SP ID="P2_SP00166" HPOS="2216" VPOS="3159" WIDTH="49"/>
							<String ID="P2_ST00194" HPOS="2265" VPOS="3100" WIDTH="469" HEIGHT="63" CONTENT="Hannover" WC="0.99" CC="00460030" STYLEREFS="TXT_3"/>
						</TextLine>
						<TextLine ID="P2_TL00027" HPOS="1096" VPOS="3173" WIDTH="1312" HEIGHT="47">
							<String ID="P2_ST00195" HPOS="1096" VPOS="3173" WIDTH="195" HEIGHT="47" CONTENT="Flugblatt" WC="0.98" CC="306507667"/>
							<SP ID="P2_SP00167" HPOS="1291" VPOS="3220" WIDTH="26"/>
							<String ID="P2_ST00196" HPOS="1317" VPOS="3173" WIDTH="25" HEIGHT="38" CONTENT="/" WC="0.69" CC="3"/>
							<SP ID="P2_SP00168" HPOS="1342" VPOS="3220" WIDTH="27"/>
							<String ID="P2_ST00197" HPOS="1369" VPOS="3175" WIDTH="237" HEIGHT="37" CONTENT="Broschiert" WC="0.99" CC="0520504002"/>
							<SP ID="P2_SP00169" HPOS="1606" VPOS="3220" WIDTH="606"/>
							<String ID="P2_ST00198" HPOS="2212" VPOS="3181" WIDTH="55" HEIGHT="37" CONTENT="M." WC="0.83" CC="03"/>
							<SP ID="P2_SP00170" HPOS="2267" VPOS="3220" WIDTH="61"/>
							<String ID="P2_ST00199" HPOS="2328" VPOS="3185" WIDTH="29" HEIGHT="33" CONTENT="1." WC="0.66" CC="24"/>
							<String ID="P2_ST00200" HPOS="2363" VPOS="3203" WIDTH="45" HEIGHT="3" CONTENT="—" WC="0.20" CC="8"/>
						</TextLine>
						<TextLine ID="P2_TL00028" HPOS="771" VPOS="3254" WIDTH="1958" HEIGHT="72">
							<String ID="P2_ST00201" HPOS="771" VPOS="3254" WIDTH="381" HEIGHT="61" CONTENT="Kunst" WC="0.98" CC="61500" STYLEREFS="TXT_3"/>
							<SP ID="P2_SP00171" HPOS="1152" VPOS="3315" WIDTH="67"/>
							<String ID="P2_ST00202" HPOS="1219" VPOS="3257" WIDTH="38" HEIGHT="59" CONTENT="/" WC="0.58" CC="4" STYLEREFS="TXT_3"/>
							<SP ID="P2_SP00172" HPOS="1257" VPOS="3316" WIDTH="72"/>
							<String ID="P2_ST00203" HPOS="1329" VPOS="3258" WIDTH="605" HEIGHT="63" CONTENT="Künstler" WC="0.99" CC="00301403" STYLEREFS="TXT_3"/>
							<SP ID="P2_SP00173" HPOS="1934" VPOS="3321" WIDTH="67"/>
							<String ID="P2_ST00204" HPOS="2001" VPOS="3260" WIDTH="38" HEIGHT="61" CONTENT="/" WC="0.43" CC="5" STYLEREFS="TXT_3"/>
							<SP ID="P2_SP00174" HPOS="2039" VPOS="3321" WIDTH="71"/>
							<String ID="P2_ST00205" HPOS="2110" VPOS="3263" WIDTH="619" HEIGHT="63" CONTENT="Publikum" WC="1.00" CC="31050000" STYLEREFS="TXT_3"/>
						</TextLine>
						<TextLine ID="P2_TL00029" HPOS="1094" VPOS="3335" WIDTH="1311" HEIGHT="50">
							<String ID="P2_ST00206" HPOS="1094" VPOS="3335" WIDTH="230" HEIGHT="41" CONTENT="Gebunden" WC="1.00" CC="00001000"/>
							<SP ID="P2_SP00175" HPOS="1324" VPOS="3376" WIDTH="885"/>
							<String ID="P2_ST00207" HPOS="2209" VPOS="3344" WIDTH="54" HEIGHT="37" CONTENT="M." WC="1.00" CC="00"/>
							<SP ID="P2_SP00176" HPOS="2263" VPOS="3381" WIDTH="53"/>
							<String ID="P2_ST00208" HPOS="2316" VPOS="3348" WIDTH="89" HEIGHT="37" CONTENT="5.20" WC="0.86" CC="0320"/>
						</TextLine>
						<TextLine ID="P2_TL00030" HPOS="767" VPOS="3419" WIDTH="1962" HEIGHT="71">
							<String ID="P2_ST00209" HPOS="767" VPOS="3419" WIDTH="185" HEIGHT="59" CONTENT="Die" WC="0.99" CC="011" STYLEREFS="TXT_3"/>
							<SP ID="P2_SP00177" HPOS="952" VPOS="3478" WIDTH="81"/>
							<String ID="P2_ST00210" HPOS="1033" VPOS="3419" WIDTH="562" HEIGHT="64" CONTENT="Wahrheit" WC="0.99" CC="05055550" STYLEREFS="TXT_3"/>
							<SP ID="P2_SP00178" HPOS="1595" VPOS="3483" WIDTH="81"/>
							<String ID="P2_ST00211" HPOS="1676" VPOS="3427" WIDTH="251" HEIGHT="58" CONTENT="über" WC="0.98" CC="0343" STYLEREFS="TXT_3"/>
							<SP ID="P2_SP00179" HPOS="1927" VPOS="3485" WIDTH="86"/>
							<String ID="P2_ST00212" HPOS="2013" VPOS="3427" WIDTH="280" HEIGHT="59" CONTENT="Anna" WC="0.98" CC="0046" STYLEREFS="TXT_3"/>
							<SP ID="P2_SP00180" HPOS="2293" VPOS="3486" WIDTH="84"/>
							<String ID="P2_ST00213" HPOS="2377" VPOS="3429" WIDTH="352" HEIGHT="61" CONTENT="Blume" WC="0.98" CC="67002" STYLEREFS="TXT_3"/>
						</TextLine>
						<TextLine ID="P2_TL00031" HPOS="1097" VPOS="3500" WIDTH="1304" HEIGHT="46">
							<String ID="P2_ST00214" HPOS="1097" VPOS="3500" WIDTH="228" HEIGHT="40" CONTENT="Kartoniert" WC="1.00" CC="0000203006"/>
							<SP ID="P2_SP00181" HPOS="1325" VPOS="3540" WIDTH="881"/>
							<String ID="P2_ST00215" HPOS="2206" VPOS="3509" WIDTH="52" HEIGHT="35" CONTENT="M." WC="0.56" CC="44"/>
							<SP ID="P2_SP00182" HPOS="2258" VPOS="3544" WIDTH="55"/>
							<String ID="P2_ST00216" HPOS="2313" VPOS="3512" WIDTH="35" HEIGHT="34" CONTENT="3." WC="0.60" CC="34"/>
							<String ID="P2_ST00217" HPOS="2352" VPOS="3529" WIDTH="49" HEIGHT="4" CONTENT="—" WC="0.20" CC="8"/>
						</TextLine>
					</TextBlock>
				</ComposedBlock>
			</PrintSpace>
		</Page>
	</Layout>
</alto>
