3360 4572
1250 449 138 39 DER
1435 452 424 39 ZWEEMANN

2782 462 51 38 45

1108 3090 150 40 Christof
1274 3092 224 39 Spengemann

281 589 108 35 mein
405 589 159 37 Bruder
583 591 51 36 im
651 590 143 39 Walde
813 592 69 37 auf
897 594 113 36 einer
1024 593 115 38 Bank
1159 605 66 26 um
1246 596 77 37 den
1340 597 153 48 Kragen-

280 650 119 47 vogel
435 662 48 25 zu
519 652 264 38 beobachten.
836 654 94 37 Und
966 663 116 29 unter
1112 656 72 38 der
1213 657 115 39 Bank
1357 659 61 49 lag
1447 661 73 36 der

282 711 259 39 Oberländer
566 715 81 36 und
672 714 162 39 kitzelte
855 716 68 37 ihn
943 718 72 36 mit
1033 719 113 36 einer
1165 719 205 39 Hutnadel
1509 750 9 8 .

282 773 73 47 Na,
395 785 44 27 es
477 776 101 37 wird
619 776 128 38 schon
788 779 176 37 werden.
1022 780 110 37 Mein
1171 783 199 48 gemäßigt
1410 793 109 29 roter

281 835 160 38 Bruder
478 839 49 36 ist
560 838 70 37 auf
661 839 90 37 dem
788 839 195 50 richtigen
1014 842 136 49 Wege.
1208 845 52 36 Er
1293 845 117 47 weiß,
1441 846 76 38 daß

282 898 134 38 Kritik
439 901 40 35 in
504 899 110 39 ihrer
636 901 247 47 niedrigsten
903 904 83 37 und
1007 904 197 39 höchsten
1225 907 117 37 Form
1363 908 132 38 Selbst-

280 960 265 50 offenbarung
556 964 61 35 ist.
642 963 149 37 Immer
806 964 155 39 hübsch
978 968 38 36 in
1031 967 65 38 die
1109 968 142 39 Sterne
1265 970 194 37 schauen!

280 1022 68 37 Ich
378 1023 102 38 habe
508 1025 266 47 gesprochen.

738 1177 19 20 *
898 1164 5 8 ‘
1041 1180 20 20 ♦

279 1272 177 38 Seitdem
487 1273 71 37 der
588 1273 286 46 „Volkswille“
907 1278 40 34 in
976 1277 73 36 der
1077 1278 153 46 großen
1262 1280 227 37 November-

277 1335 159 37 wäsche
472 1336 65 36 die
573 1336 124 37 Farbe
731 1338 148 46 verlor,
917 1337 105 37 kann
1059 1350 43 26 er
1136 1341 72 36 der
1244 1341 131 37 Kunst
1409 1341 110 38 nicht

279 1397 115 36 mehr
423 1397 145 49 folgen.
627 1398 52 37 Es
708 1399 93 47 geht
830 1400 63 36 ein
925 1400 175 38 bißchen
1132 1402 128 37 durch
1292 1403 113 37 Korn
1436 1404 81 37 und

279 1459 154 39 Flachs.
481 1460 93 36 Sein
600 1461 162 47 eigener
780 1461 356 39 Theaterreferent
1237 1475 18 26 s
1279 1465 147 38 —sch“
1453 1466 66 37 hat

279 1521 68 36 ihn
376 1523 93 46 jetzt
496 1533 118 36 sogar
642 1534 98 37 ganz
770 1523 296 48 hundsgemein
1096 1526 282 49 hineingelegt.
1434 1529 85 37 Der

277 1592 90 39 gute
405 1584 140 37 Vetter
580 1585 115 36 Hans
736 1585 104 38 hatte
880 1586 64 38 bei
985 1587 400 40 unterschiedlichen
1425 1602 69 25 aus-

277 1647 188 46 wärtigen
507 1646 198 48 Kollegen
746 1660 72 25 zur
857 1648 132 38 Nacht
1027 1652 189 46 gespeist,
1251 1651 104 38 hatte
1394 1663 122 37 ganze

279 1708 302 37 Fleischstücke
620 1710 259 47 eingesteckt,
917 1711 70 37 das
1025 1711 198 39 Gemisch
1260 1713 257 48 aufgewärmt

280 1771 81 36 und
396 1770 57 37 als
484 1772 140 46 eigene
656 1772 192 48 Leistung
877 1774 265 47 ausgegeben.
1182 1775 77 38 Die
1290 1776 226 38 Redaktion

276 1831 325 39 veröffentlichte
626 1834 134 37 dieses
785 1835 187 37 Produkt
995 1837 53 36 im
1074 1845 119 39 guten
1220 1837 188 39 Glauben
1433 1840 82 37 und

277 1894 97 37 roch
406 1895 72 36 des
508 1895 168 38 Bratens
701 1896 210 38 Herkunft
940 1905 93 38 erst,
1062 1898 57 37 als
1149 1900 65 36 die
1245 1900 271 39 Konkurrenz

277 1956 228 38 freundlich
536 1957 143 38 darauf
707 1959 182 37 hinwies.

278 2019 84 37 Der
394 2018 133 38 Unfall
558 2021 49 35 ist
636 2020 238 48 begreiflich
905 2022 81 37 und
1015 2023 262 38 verzeihlich.
1324 2025 192 48 Weniger

277 2080 236 48 begreiflich
543 2082 82 37 und
654 2082 218 38 verzeilich
903 2085 61 46 ist,
994 2084 76 37 daß
1101 2086 65 36 die
1192 2086 226 38 Redaktion
1450 2090 64 36 nie

275 2143 183 47 gemerkt
498 2143 76 48 hat,
613 2145 182 37 welchen
838 2145 158 37 Unsinn
1027 2147 138 37 Vetter
1206 2148 115 38 Hans
1361 2151 39 35 in
1443 2150 73 37 der

275 2204 185 38 wirklich
486 2208 168 46 eigenen
681 2207 254 37 Produktion
955 2209 75 37 seit
1041 2209 102 47 Jahr
1161 2211 82 37 und
1263 2211 82 47 Tag
1364 2213 150 36 redete.

277 2267 94 37 Nun
386 2267 178 38 schreibt
577 2271 74 37 sie:
667 2270 110 45 „Wir
790 2270 129 37 haben
933 2270 103 38 auch
1048 2282 45 26 so
1105 2274 149 45 gutwie
1263 2274 251 46 jedeandere

275 2330 233 48 anständige
528 2331 226 38 Redaktion
773 2343 81 26 von
874 2343 164 27 unserm
1056 2333 249 39 Mitarbeiter
1321 2336 192 48 verlangt,

276 2392 78 37 daß
383 2403 44 26 er
456 2404 76 25 nur
561 2394 112 36 seine
703 2395 141 46 eigene
874 2395 195 48 Meinung
1098 2395 223 39 schreibe.“
1432 2399 82 37 Das

275 2455 50 36 ist
354 2455 39 36 in
419 2455 72 36 der
521 2455 88 37 hier
637 2456 40 36 in
702 2456 189 38 Betracht
915 2457 276 38 kommenden
1218 2459 192 39 Hinsicht
1439 2472 50 26 un-

273 2516 165 48 bedingt
465 2516 214 48 glaubhaft.

277 2578 93 38 Und
401 2579 187 37 dennoch
619 2580 165 38 berührt
813 2582 108 36 mich
951 2582 73 36 der
1047 2582 240 48 Ausspruch
1312 2584 200 39 komisch.

275 2640 68 37 Ich
382 2641 132 37 kenne
550 2643 118 36 einen
705 2642 93 47 Fall,
834 2642 48 38 da
920 2655 90 26 man
1046 2646 134 36 einem
1214 2646 191 47 Kritiker,
1441 2648 72 37 der

274 2714 76 26 nur
373 2705 112 35 seine
510 2705 140 45 eigene
670 2704 196 49 Meinung
889 2706 176 47 schrieb,
1088 2718 97 36 ganz
1210 2709 149 38 andere
1381 2710 129 47 Dinge

274 2764 186 39 erzählte.
516 2765 163 39 Arbiter
715 2768 140 36 mundi
891 2768 65 38 hat
995 2771 141 35 seinen
1175 2772 169 46 eigenen
1385 2771 125 49 Kopf.

273 2827 82 36 Das
384 2826 105 38 kann
519 2830 64 35 ein
614 2829 155 37 Vorteil
800 2832 99 35 sein.
950 2831 110 38 Aber
1089 2843 43 26 es
1158 2834 50 36 ist
1231 2834 111 37 nicht
1366 2836 144 36 immer

272 2890 64 36 ein
366 2889 168 38 Vorteil.
592 2890 52 37 Es
684 2891 157 38 kommt
878 2893 69 37 auf
980 2893 77 38 den
1095 2894 113 48 Kopf
1241 2907 60 28 an.
1359 2896 150 48 Köpfe,

272 2951 64 37 die
366 2962 76 26 nur
471 2952 211 38 schwache
708 2953 138 48 Köpfe
876 2966 66 26 um
973 2956 88 37 sich
1091 2956 130 38 haben
1251 2959 159 47 mögen,
1441 2971 65 25 um

272 3013 123 37 selbst
423 3013 108 38 stark
559 3026 47 25 zu
637 3016 255 46 erscheinen,
922 3019 166 36 müssen
1120 3021 70 36 mit
1220 3020 76 37 den
1327 3020 180 39 fatalsten

272 3075 340 39 Zwischenfällen
641 3077 190 37 rechnen.

269 3251 537 40 HANNOVERSCHES

2701 3920 36 33 C.
2756 3920 54 42 Sp.

268 3333 400 39 Museumsdirektor
696 3336 72 37 Dr.
792 3336 249 38 Brinkmann
1071 3349 81 26 war
1181 3339 204 39 durchaus
1404 3342 81 37 tole-

267 3403 97 29 rant.
421 3396 53 37 Er
508 3399 167 35 meinte;
710 3399 73 37 der
816 3401 127 36 vierte
973 3399 87 37 Teil
1096 3399 120 47 (nach
1246 3403 93 36 dem
1371 3403 108 38 Geld-

265 3465 97 29 wert
391 3457 230 50 bemessen)
653 3460 72 37 der
753 3461 246 37 städtischen
1030 3464 273 43 „modernen“
1338 3464 167 40 Galerie

264 3521 59 35 sei
354 3521 241 47 ungeeignet
635 3523 81 36 und
753 3525 138 37 müsse
924 3524 152 37 wieder
1110 3524 188 39 verkauft
1326 3528 178 38 werden.

265 3581 252 38 Mindestens
548 3584 64 36 ein
639 3584 144 38 Drittel
814 3587 49 35 ist
891 3586 233 38 tatsächlich
1154 3587 281 40 auktionsreif.

264 3643 121 38 Seine
414 3644 170 38 Ansicht
613 3645 177 39 förderte
820 3648 66 37 die
916 3648 243 39 chronische
1189 3650 287 49 Meinungsver-

261 3705 282 39 schiedenheit
586 3709 202 37 zwischen
828 3710 84 37 ihm
947 3712 83 36 und
1066 3712 91 37 dem
1195 3712 307 41 Kunstvatikan.

263 3768 60 37 Da
347 3768 139 37 wurde
516 3768 105 38 noch
647 3772 64 35 ein
738 3771 169 39 Gesuch
933 3784 66 26 um
1025 3775 255 48 notwendige

261 3830 213 48 erhöhung
508 3831 224 48 abgelehnt,
768 3834 81 37 und
882 3835 110 37 Herr
1020 3836 250 38 Brinkmann
1305 3838 194 49 kündigte

261 3893 91 39 dem
384 3893 204 49 Magistrat
618 3894 65 38 die
708 3895 308 44 Freundschaft.
1072 3899 177 50 Haltung
1277 3901 119 38 ziemt
1425 3901 73 38 der

1585 599 231 47 Obrigkeit,
1851 599 82 37 und
1965 599 274 48 Sparsamkeit
2274 603 49 35 ist
2358 603 90 36 eine
2479 603 112 38 Zier:
2627 615 91 27 man
2748 605 81 39 ließ

1585 661 69 36 ihn
1684 662 150 36 reisen.

1585 724 82 36 Das
1698 723 94 48 liegt
1817 723 163 37 Monate
2009 724 165 38 zurück.
2222 725 73 37 Ein
2321 726 251 50 Nachfolger
2595 730 50 36 ist
2673 729 155 49 bislang

1584 786 110 37 nicht
1722 785 256 48 gekommen.

1584 848 85 37 Der
1699 847 304 38 Bilderramsch
2034 850 49 35 ist
2112 851 147 35 immer
2286 851 106 36 noch
2422 852 59 37 da.
2532 852 295 49 Verkloppen?

1584 910 108 36 Etwa
1723 921 66 25 um
1821 910 173 37 anderes
2022 922 49 26 zu
2097 910 177 39 kaufen?
2323 912 94 38 Und
2448 915 118 36 einen
2591 915 206 39 Museums-

1582 972 116 37 leiter
1734 983 267 36 angemessen
2038 984 48 25 zu
2117 972 228 40 besolden?
2399 975 94 38 Was
2518 976 207 39 brauchen
2753 981 74 35 wir

1583 1033 226 49 überhaupt
1844 1036 119 35 einen
1999 1035 346 49 Museumsleiter,
2379 1049 117 26 wenn
2532 1049 44 27 er
2610 1039 106 38 doch
2751 1052 76 26 nur

1583 1098 255 35 überstimmt
1871 1097 119 37 wird!
2047 1097 52 37 Es
2134 1098 90 37 lebe
2260 1098 73 38 der
2362 1099 138 48 Papst!
2558 1101 53 37 Er
2640 1103 48 36 ist
2717 1103 109 38 nicht

1582 1158 229 47 gestorben.

1585 1220 166 47 Sparen,
1781 1232 157 36 sparen.

1584 1282 65 37 Du
1679 1284 119 46 trägst
1827 1283 78 37 den
1938 1284 86 37 Hut
2052 1284 71 38 auf
2151 1285 161 38 Deinen
2339 1285 154 40 Füßen.

1584 1343 165 48 Fünfzig
1778 1343 116 48 Jahre
1928 1347 92 36 sind
2056 1359 75 26 vor
2162 1347 100 38 Gott
2295 1350 77 35 wie
2408 1350 65 36 ein
2504 1348 94 49 Tag.
2660 1350 167 49 Fünfzig

1582 1404 125 47 Jahre
1723 1406 210 48 Ersparnis
1949 1408 71 38 des
2032 1408 170 39 Gehalts
2212 1410 64 37 für
2289 1412 120 35 einen
2420 1411 346 49 Museumsleiter,

1584 1468 82 37 und
1700 1470 74 35 wir
1803 1468 130 38 haben
1960 1471 65 37 die
2055 1482 122 37 ganze
2206 1472 392 40 Ausverkaufsware
2627 1482 199 30 umsonst.

1584 1530 79 36 Für
1691 1531 113 36 diese
1835 1531 116 38 halbe
1977 1533 158 37 Million
2165 1534 163 38 können
2352 1538 74 35 wir
2450 1535 154 50 fünfzig
2626 1536 127 47 Jahre

1584 1591 153 49 fünfzig
1763 1592 125 48 Jahre
1930 1594 162 38 können
2133 1597 74 36 wir
2246 1595 66 39 für
2353 1598 113 37 diese
2507 1598 118 39 halbe
2661 1599 163 38 Million

1583 1654 69 37 das
1685 1654 151 39 Gehalt
1865 1658 112 35 eines
2007 1657 353 39 Museumsleiters
2390 1671 157 36 sparen.

2193 1761 18 20 *

2038 1787 19 19 ❖
2343 1788 18 20 $

1582 1861 230 39 Manchmal
1849 1865 49 36 ist
1928 1864 71 37 das
2030 1865 157 37 Porträt
2217 1867 64 36 ein
2313 1866 257 39 Kunstwerk.
2627 1868 197 39 Meistens

1580 1923 126 38 bleibt
1749 1936 43 26 es
1832 1927 91 36 eine
1968 1926 194 38 trockene
2203 1927 283 49 Behauptung:
2522 1930 71 37 das
2626 1930 78 37 bist
2745 1932 79 46 Du,

1580 1997 46 26 so
1651 1987 152 37 siehste
1827 1999 84 26 aus.
1958 1989 179 37 Deshalb
2163 1992 50 35 ist
2237 1992 65 35 ein
2329 1991 157 37 Porträt
2510 1994 194 36 meistens
2729 1993 93 37 kein

1582 2048 105 38 Bild.
1730 2049 94 38 Und
1845 2049 133 49 häufig
1997 2053 49 35 ist
2065 2052 66 37 die
2151 2052 269 49 Behauptung
2439 2054 227 38 obendrein
2686 2055 138 38 falsch.

1581 2110 125 38 Diese
1737 2120 116 28 etwa:
1888 2112 77 38 daß
1991 2113 236 49 Strindberg
2257 2117 64 35 ein
2347 2114 202 50 fuchtiger
2573 2117 152 37 Sachse
2749 2119 73 36 sei.

1582 2173 81 37 Hat
1686 2174 66 37 die
1777 2174 316 39 Kestnerbühne
2118 2184 120 30 etwas
2262 2188 49 26 zu
2337 2177 110 38 ihrer
2472 2178 350 49 Entschuldigung

1579 2235 327 49 vorzubringen?

2194 2310 18 21 Ä«

2040 2336 18 19 *
2345 2338 18 21 H*

1581 2411 102 38 Kurt
1718 2412 233 38 Schwitters
1992 2416 49 35 ist
2076 2416 63 35 ein
2175 2415 97 37 sehr
2305 2418 193 46 garstiger
2526 2417 144 48 Vogel.
2725 2418 95 37 Man

1578 2474 119 47 weiß,
1720 2486 81 26 was
1825 2475 66 37 die
1916 2478 197 46 garstigen
2139 2477 129 48 Vögel
2292 2485 83 30 tun.
2422 2479 52 36 Es
2499 2479 76 38 soll
2601 2479 81 37 ihm
2710 2480 110 37 nicht

1578 2536 194 38 verdacht
1801 2538 177 47 werden,
2008 2538 77 37 daß
2111 2550 43 26 er
2179 2541 38 35 in
2243 2542 136 35 seiner
2403 2541 256 38 Produktion
2685 2542 133 38 Rätsel

1578 2597 166 49 aufgibt,
1773 2609 47 26 an
1851 2599 131 38 denen
2008 2601 65 37 die
2097 2601 299 39 strahlendsten
2422 2602 137 49 Köpfe
2582 2604 88 37 sich
2694 2604 126 38 selbst

1577 2660 261 38 zerbrechen.
1895 2662 82 37 Das
2008 2663 136 37 Leben
2175 2665 49 36 ist
2254 2673 121 29 ernst.
2432 2665 111 38 Aber
2572 2666 76 37 daß
2679 2677 44 26 er
2752 2667 66 37 die

1577 2722 129 37 durch
1746 2724 112 37 seine
1889 2724 389 40 Absonderlichkeit
2317 2727 257 48 geschaffene
2605 2728 106 48 Lage
2746 2728 48 38 be-

1577 2792 120 39 nutzt,
1726 2796 68 26 um
1824 2786 87 37 sich
1941 2798 126 37 gegen
2092 2788 66 37 die
2182 2789 181 47 gänzlich
2387 2801 72 26 aus
2483 2790 79 37 den
2589 2790 135 48 Fugen
2749 2802 46 37 ge-

1575 2854 136 30 ratene
1749 2847 134 38 Kritik
1922 2860 48 26 zu
2010 2849 179 47 wehren,
2296 2852 70 37 das
2401 2853 50 36 ist
2485 2852 332 48 ungeheuerlich.

1578 2908 84 37 Wir
1691 2911 165 36 müssen
1887 2912 38 35 in
1956 2911 156 38 diesem
2138 2913 107 37 Falle
2270 2914 95 37 sehr
2389 2914 212 48 energisch
2626 2926 80 27 von
2733 2916 82 37 ihm

1574 2970 218 39 abrücken.
1850 2973 41 36 In
1922 2974 73 36 der
2024 2974 308 39 Monatsschrift
2358 2977 110 42 „Der
2497 2976 174 49 Sturm“,
2701 2978 117 37 elfter

1566 3032 216 49 Jahrgang,
1817 3043 127 29 erstes
1982 3036 110 47 Heft,
2132 3036 136 38 finden
2307 3040 73 35 wir
2415 3041 141 35 seinen
2588 3039 202 44 „General-

1573 3095 155 47 pardon
1748 3107 47 26 an
1816 3098 133 37 meine
1970 3097 335 40 hannoverschen
2327 3100 182 38 Kritiker
2528 3103 53 35 im
2597 3102 220 38 Merzstil“.

1575 3158 60 36 Da
1653 3158 180 38 schreibt
1852 3171 43 25 er
1913 3171 125 37 gegen
2061 3161 134 37 Herrn
2216 3162 195 48 Frerking
2428 3174 95 27 vom
2547 3163 268 48 „Tageblatt“,

1575 3220 137 37 Herrn
1732 3222 72 36 Dr.
1826 3222 120 36 Erich
1966 3223 195 37 Madsack
2184 3234 95 27 vom
2302 3224 263 49 „Anzeiger“,
2587 3226 136 37 Herrn
2745 3227 69 37 Dr.

1572 3281 128 38 Adolf
1731 3283 152 38 Schaer
1918 3295 94 26 vom
2050 3284 214 48 „Kurier“,
2299 3287 83 37 und
2416 3299 126 37 gegen
2579 3288 80 38 den
2693 3297 120 40 guten

1573 3343 137 37 Herrn
1747 3345 108 37 Hein
1893 3345 270 39 Wiesenwald
2198 3359 94 26 vom
2331 3350 331 42 „Volkswillen“.
2719 3351 94 37 Man

1571 3404 106 39 kann
1715 3406 86 38 sich
1841 3407 233 48 vorstellen,
2111 3411 76 36 wie
2228 3411 136 38 dieser
2400 3413 207 42 „Pardon“
2645 3413 169 47 ausfällt,

1571 3469 107 36 denn
1719 3469 233 38 Schwitters
1991 3479 84 39 sagt
2115 3473 146 37 immer
2300 3482 121 29 etwas
2461 3475 172 37 anderes
2673 3476 57 36 als
2770 3486 45 27 er

1571 3532 135 36 meint.
1764 3531 94 37 Und
1887 3533 74 36 wir
1988 3535 163 46 wissen,
2178 3546 82 26 von
2289 3536 130 38 welch
2443 3536 230 49 gefestigter
2697 3538 116 37 Basis

1570 3604 70 26 aus
1669 3593 64 38 die
1764 3593 308 40 hannoversche
2105 3596 133 38 Kritik
2272 3610 126 36 gegen
2429 3599 69 37 das
2523 3600 287 48 Zigeunertum

1570 3655 72 37 der
1679 3655 209 48 Jüngeren
1928 3656 164 49 kämpft.
2158 3659 109 38 Aber
2305 3661 169 37 braucht
2514 3673 90 26 man
2646 3662 68 37 das
2756 3664 53 35 im

1568 3717 153 38 Reiche
1757 3730 48 25 zu
1837 3718 218 40 erfahren?
2112 3721 148 38 Dieser
2288 3723 161 49 Mangel
2480 3735 47 26 an
2559 3725 230 47 Lokalpatri-

1567 3782 171 35 otismus
1768 3780 78 47 legt
1874 3781 187 38 wirklich
2092 3785 324 47 seinesgleichen
2446 3789 93 35 weit
2567 3787 133 38 hinter
2723 3787 87 37 sich

1565 3843 166 39 zurück.
1789 3843 52 37 Es
1870 3843 105 37 kann
2007 3845 143 38 darauf
2176 3857 76 27 nur
2281 3850 91 35 eine
2401 3848 182 39 Antwort
2610 3848 148 49 geben!

1564 3902 278 52 (Fortsetzung
1872 3904 129 51 folgt).
