3328 4572
523 493 26 35 8

1496 490 138 36 DER
1670 488 406 38 ZWEEMANN

529 634 77 37 Die
637 633 406 48 Napoleonstheorie,
1077 633 214 38 scheinbar
1328 635 89 35 eine
1448 633 89 37 idee
1568 632 83 38 fixe
1681 633 71 37 des

530 701 174 46 Helden,
740 702 157 35 erweist
931 700 85 37 sich
1051 700 58 37 als
1147 711 153 37 genaue
1337 699 306 49 Lokalisierung
1681 701 72 36 des

528 767 384 47 Ausgangspunktes
936 769 134 35 seiner
1094 767 184 37 Mission.
1313 767 77 37 Wo
1416 767 63 37 die
1499 766 253 48 bürgerliche

529 833 204 47 Ideologie
767 833 250 48 umgebogen
1051 833 100 37 wird
1189 844 78 26 von
1298 835 131 35 einem
1459 833 295 48 bürgerlichen,

528 900 83 37 also
641 900 342 47 egozentrischem
1009 899 271 47 Individuum,
1310 899 70 37 das
1410 901 69 35 mit
1507 900 247 37 besonderer

529 966 284 48 dynamischer
823 966 206 47 Fähigkeit
1037 965 185 47 behaftet,
1232 968 168 45 gewisse
1411 965 188 39 Grenzen
1612 965 119 37 durch-

528 1033 130 37 bricht
688 1033 105 37 ohne
819 1033 105 37 doch
949 1035 54 35 im
1028 1044 148 36 ganzen
1200 1044 70 26 aus
1295 1033 91 37 dem
1412 1033 180 37 Rahmen
1622 1034 133 35 seines

530 1101 116 36 Seins
664 1111 48 25 zu
731 1099 139 38 fallen:
889 1111 62 26 wo
965 1099 86 38 sich
1071 1100 69 36 das
1160 1099 258 37 Individuum
1434 1100 72 36 der
1519 1099 237 47 Peripherie

530 1167 72 37 des
625 1165 280 49 bürgerlichen
933 1166 268 38 Geschehens
1226 1165 151 47 nähert,
1401 1166 93 47 liegt
1517 1168 64 35 ein
1611 1165 145 47 Punkt,

531 1234 71 36 der
615 1244 79 26 von
714 1233 143 46 außen,
877 1233 91 37 dem
985 1232 419 48 Nichtbürgerlichen,
1424 1233 332 37 transzendenten

533 1300 94 37 Sein
658 1300 125 36 durch
822 1300 64 36 die
921 1299 399 48 Entwicklungslinie
1355 1301 112 35 einer
1501 1300 153 36 diesem
1688 1311 47 25 zu-

532 1367 218 47 gehörigen
787 1367 154 37 Person
976 1368 166 46 tangiert
1176 1367 114 36 wird.
1334 1367 76 36 Wo
1445 1365 69 38 auf
1541 1366 72 36 der
1641 1367 117 35 einen

535 1433 106 37 Seite
666 1433 69 37 das
765 1433 168 37 höchste
958 1433 97 37 Plus
1085 1433 71 37 des
1181 1433 182 46 Willens,
1389 1432 220 47 Hochmut,
1639 1432 119 46 Stolz,

533 1499 254 38 Machtsucht
823 1499 105 48 liegt,
964 1500 141 36 treffen
1143 1499 70 37 auf
1245 1500 71 36 der
1349 1500 175 36 anderen
1554 1499 105 37 Seite
1694 1499 64 36 die

533 1566 348 48 entsprechenden
907 1566 249 47 Negationen
1175 1577 243 26 zusammen.
1460 1565 299 45 Raskolnikow,

533 1633 161 48 solange
714 1644 43 26 er
775 1644 66 26 um
866 1635 111 35 seine
997 1633 171 37 Mission
1188 1633 109 37 nicht
1314 1632 117 47 weiß,
1450 1632 95 37 muß
1570 1632 85 37 sich
1679 1643 79 26 von

534 1702 134 35 seiner
688 1700 203 37 irdischen
907 1700 295 37 Bestimmtheit
1222 1711 69 25 aus
1312 1699 235 47 definieren,
1561 1710 66 26 um
1643 1699 116 37 leben

533 1778 49 26 zu
607 1767 173 37 können.
823 1767 53 36 Er
900 1766 95 37 muß
1019 1768 134 36 seiner
1171 1766 72 38 Tat
1265 1768 89 36 eine
1381 1766 220 47 Erklärung
1625 1767 39 35 in
1689 1766 72 36 der

534 1833 260 47 Bedingtheit
823 1833 140 47 geben.
1004 1833 59 37 Da
1084 1833 111 37 diese
1216 1833 89 37 dem
1325 1832 237 38 wirklichen
1581 1831 178 38 Ausmaß

535 1902 133 37 seiner
681 1900 71 37 Tat
765 1900 108 37 nicht
891 1901 181 46 genügen
1088 1900 116 46 kann,
1217 1900 100 36 wird
1332 1900 81 36 ihm
1429 1899 71 37 der
1512 1898 248 38 Zweifel...

537 1966 236 38 Grenzlinie
797 1966 96 37 aller
916 1966 302 38 menschlichen
1240 1966 253 38 Erkenntnis.
1534 1966 52 36 Er
1610 1965 151 47 kämpft

536 2036 116 35 einen
677 2033 218 48 doppelten
920 2033 150 48 Kampf
1090 2044 122 37 gegen
1243 2033 85 37 sich
1357 2032 140 38 selbst:
1527 2032 56 37 als
1607 2032 156 47 Bürger

539 2112 66 25 um
641 2101 64 36 die
742 2100 238 47 Einhaltung
1009 2100 71 36 des
1109 2100 229 47 gegebenen
1369 2100 185 45 Raumes,
1584 2100 65 36 die
1683 2099 52 36 Be-

539 2169 216 45 stimmung
785 2168 133 35 seiner
941 2166 72 37 Tat
1042 2166 127 37 durch
1200 2166 64 38 die
1295 2166 126 37 Norm
1535 2166 56 36 als
1622 2164 118 38 Nicht-

538 2234 159 47 bürger,
712 2234 90 36 dem
822 2233 230 48 gegebenen
1072 2233 108 37 nicht
1194 2235 240 35 immanente
1450 2233 153 36 Person
1617 2243 67 26 um
1699 2232 64 36 die

542 2291 292 57 Überführung
852 2302 134 35 seiner
998 2300 72 37 Tat
1088 2311 69 26 aus
1171 2301 72 36 der
1257 2300 163 36 Realität
1433 2301 39 35 in
1492 2299 64 37 die
1571 2298 194 48 Ewigkeit

540 2367 71 36 des
645 2366 239 38 Absoluten:
917 2367 153 37 welche
1112 2367 221 37 Definition
1373 2368 53 34 im
1464 2366 152 36 Roman
1656 2364 109 38 nicht

539 2433 176 48 gegeben
744 2434 163 36 werden
936 2434 119 45 kann,
1084 2434 72 36 der
1190 2435 39 35 in
1262 2433 76 37 den
1370 2432 189 38 Grenzen
1590 2432 70 36 des
1690 2433 50 35 im-

541 2507 209 30 manenten
787 2500 116 37 Seins
942 2500 140 36 bleibt:
1121 2511 80 25 was
1241 2500 93 36 aber
1373 2498 109 38 nicht
1520 2509 124 36 gegen
1679 2498 86 37 ihre

541 2566 241 49 Richtigkeit
816 2566 164 48 spricht.
1037 2567 84 36 Der
1150 2567 153 36 Roman
1338 2568 50 34 ist
1417 2565 87 37 hier
1532 2566 65 36 die
1627 2572 115 30 exote-

540 2634 133 36 rische
703 2634 118 36 Form
856 2635 112 36 einer
997 2633 275 37 esoterischen
1303 2632 143 46 Lehre,
1476 2632 123 37 deren
1629 2631 137 37 letzter

541 2700 98 37 Sinn
668 2709 80 28 erst
776 2701 127 47 gelöst
931 2700 214 45 erscheint,
1176 2710 114 26 wenn
1320 2700 69 36 das
1415 2698 245 38 Geschehen
1683 2709 81 27 von

540 2768 134 36 seiner
703 2768 228 36 Immanenz
961 2767 125 37 durch
1117 2767 65 36 die
1213 2767 93 36 Idee
1336 2768 39 35 in
1406 2766 68 36 das
1504 2764 259 38 überzeitlich

540 2834 181 37 absolute
735 2834 95 37 Sein
849 2832 229 49 eingeführt
1095 2833 111 37 wird.
1233 2833 142 37 Nichts
1390 2843 124 37 gegen
1534 2832 65 37 die
1615 2832 125 36 Kunst-

541 2900 104 38 form
674 2902 71 36 des
775 2901 175 37 Romans
980 2900 57 37 als
1060 2900 155 40 solche;
1246 2899 218 37 höchstens
1488 2898 65 37 für
1575 2899 66 36 die
1665 2898 100 46 Zeit,

540 2978 71 26 aus
641 2968 71 36 der
740 2968 86 36 sich
857 2966 327 47 Notwendigkeit
1208 2966 130 47 ergab.
1379 2966 52 36 Es
1454 2965 123 38 bleibt
1601 2976 75 25 nur
1700 2964 65 37 die

541 3034 135 47 Frage,
706 3034 50 37 ob
782 3034 109 37 nicht
915 3034 64 36 die
1004 3032 186 38 endliche
1210 3032 196 47 Wirkung
1431 3032 71 37 der
1521 3032 93 36 Idee
1638 3030 127 37 durch

542 3101 66 36 die
630 3101 265 47 Anwendung
919 3102 134 36 dieser
1077 3100 118 37 Form
1220 3100 221 46 verzögert,
1465 3097 301 48 abgeschwächt

542 3168 99 36 oder
660 3167 251 48 aufgehoben
931 3167 133 37 werde
1152 3166 87 37 hier
1258 3166 94 37 aber
1375 3164 250 38 entscheidet
1648 3163 117 37 allein

541 3234 65 36 die
622 3234 251 47 Kompetenz
888 3234 70 37 des
974 3233 200 46 Dichters,
1185 3233 77 37 den
1277 3233 65 36 die
1354 3232 188 37 Intüition
1553 3241 48 26 zu
1613 3231 152 36 seinem

541 3300 324 38 erzieherischen
889 3300 138 46 Werk,
1050 3300 83 37 also
1163 3300 100 37 auch
1293 3310 48 26 zu
1371 3299 147 36 dessen
1549 3297 117 36 Form
1697 3297 46 36 be-

541 3370 186 34 stimmte.
773 3367 170 48 Solange
974 3367 110 37 diese
1109 3366 104 37 Welt
1248 3366 85 37 ihre
1368 3366 172 37 Formen
1575 3375 69 26 aus
1674 3363 91 36 dem

543 3434 247 47 Gegebenen
816 3435 141 36 nimmt
981 3434 81 37 und
1092 3433 173 38 nehmen
1291 3432 108 47 muß,
1417 3443 116 26 wenn
1559 3430 108 37 nicht
1696 3430 71 36 der

543 3500 239 38 Schaffende
797 3500 223 47 überhaupt
1038 3500 67 37 auf
1121 3502 89 35 eine
1223 3500 197 47 Wirkung
1438 3497 229 46 verzichtet,
1683 3497 83 36 also

541 3570 112 35 seine
678 3568 93 37 Idee
796 3567 123 38 selbst
947 3578 70 26 zur
1043 3566 360 39 Unfruchtbarkeit
1426 3564 220 46 verurteilt,
1671 3563 95 37 muß

540 3635 92 48 jede
656 3634 317 46 transzendente,
991 3632 285 39 überzeitliche
1301 3632 93 38 Idee
1417 3632 86 37 sich
1528 3632 239 46 bequemen,

540 3700 128 38 falsch
688 3700 99 37 oder
806 3711 66 36 gar
890 3700 109 37 nicht
1011 3700 239 38 verstanden
1270 3711 47 24 zu
1331 3699 176 45 werden,
1519 3698 62 37 bis
1600 3698 65 36 die
1679 3697 88 36 Zeit

541 3768 86 38 sich
657 3767 124 38 selbst
808 3778 80 27 von
917 3767 114 37 ihren
1061 3767 239 46 Bindungen
1330 3766 134 37 erlöst.

541 3834 119 38 Noch
700 3836 89 36 eine
829 3833 146 38 andere
1010 3833 273 37 definierende
1317 3832 179 49 Aufgabe
1531 3831 137 38 erfüllt
1702 3831 64 36 die

541 3901 175 40 Theorie
755 3912 93 27 vom
884 3900 237 46 Menschen,
1161 3900 71 37 der
1272 3899 99 38 über
1410 3899 90 38 dem
1533 3897 127 39 Urteil
1696 3898 71 37 der

1817 631 283 49 bürgerlichen
2129 631 106 37 Welt
2269 631 119 37 steht:
2424 631 69 37 das
2521 630 230 38 Verhältnis
2781 631 71 37 des
2881 631 158 37 aktiven

1818 699 209 43 „Helden“
2053 709 90 26 zum
2170 697 314 46 „Verbrecher“.
2527 697 52 37 Es
2602 698 99 36 wird
2726 697 214 47 bestimmt,
2964 697 76 37 daß

1817 766 111 37 diese
1947 765 147 37 beiden
2108 764 142 48 Typen
2269 765 85 35 sich
2375 765 39 35 in
2434 765 72 36 der
2521 764 277 47 Erscheinung
2817 764 225 47 kongruent

1816 833 104 45 sind,
1956 831 77 38 daß
2069 842 74 26 nur
2172 831 73 37 der
2274 830 149 48 Erfolg,
2453 831 69 37 das
2552 831 109 37 heißt
2690 831 72 37 der
2791 831 156 36 Beweis
2977 830 65 37 für

1818 900 64 36 die
1908 897 224 48 Gültigkeit
2155 897 71 37 des
2238 897 208 47 Vorgangs
2469 899 39 35 in
2533 897 76 37 den
2634 897 140 47 Augen
2800 897 70 37 der
2888 897 155 47 Bürger

1818 965 114 37 ihren
1958 965 142 37 letzten
2122 964 268 37 Unterschied
2415 964 136 37 bildet.
2598 964 83 37 Der
2699 964 134 46 Trieb,
2857 974 70 26 aus
2951 964 90 36 dem

1818 1033 65 36 die
1913 1031 71 37 Tat
2023 1033 233 45 entspringt,
2296 1032 49 36 ist
2380 1030 64 37 bei
2482 1030 144 38 beiden
2660 1031 73 36 der
2765 1030 172 47 gleiche:
2973 1030 72 36 der

1819 1098 133 47 Wille,
1975 1098 87 37 sich
2086 1097 315 37 durchzusetzen
2420 1108 124 36 gegen
2565 1098 77 36 den
2661 1097 269 37 Widerstand.
2977 1096 65 38 Ob

1820 1165 65 37 die
1898 1165 72 37 Tat
1998 1173 66 39 gut
2088 1164 99 37 oder
2210 1164 97 37 böse
2326 1165 61 46 ist,
2411 1171 56 29 tut
2486 1164 129 36 nichts
2633 1174 70 26 zur
2723 1163 139 47 Sache,
2886 1165 70 35 mit
2974 1164 72 36 der

1820 1231 256 47 Aufstellung
2089 1232 133 36 dieser
2235 1230 144 37 beiden
2391 1230 141 48 Typen
2546 1230 168 38 erkennt
2728 1231 71 37 der
2812 1230 155 47 Bürger
2981 1230 64 36 die

1822 1298 224 38 Relativität
2069 1299 133 36 seiner
2220 1297 244 48 Wertungen
2483 1308 61 35 an,
2563 1298 64 36 die
2647 1308 43 26 er
2706 1299 36 46 ja
2761 1296 100 38 auch
2880 1296 165 49 zynisch

1822 1376 126 37 genug
1989 1367 68 35 mit
2096 1366 132 36 seiner
2266 1365 167 46 eigenen
2469 1364 186 37 Existenz
2694 1365 191 45 bestätigt.
2940 1363 105 37 Vom

1822 1432 122 36 Trieb
1975 1442 70 26 aus
2073 1431 90 37 sind
2192 1430 119 38 beide
2340 1431 129 47 gleich
2498 1432 91 36 weit
2617 1429 183 38 entfernt.

1824 1499 53 36 So
1902 1500 49 35 ist
1975 1499 38 35 in
2034 1498 287 36 Raskolnikow
2345 1498 72 36 der
2432 1496 148 38 Ablauf
2603 1499 134 35 seiner
2756 1497 187 37 Existenz
2965 1507 80 26 von

1824 1565 71 37 der
1928 1564 321 48 ursprünglichst
2283 1563 285 37 animalischen
2603 1575 70 25 zur
2702 1563 193 37 höchsten
2920 1571 106 28 trans-

1823 1632 222 36 zendenten
2071 1630 199 37 Funktion
2300 1630 193 47 gegeben:
2523 1630 66 36 die
2615 1629 176 38 Genesis
2821 1630 71 36 des
2916 1640 130 26 neuen

1825 1697 221 37 Menschen
2060 1697 240 47 vollständig
2314 1696 277 48 aufgewiesen.
2627 1696 77 37 Die
2718 1696 330 37 Wertaxiomatik

1824 1765 99 37 wird
1963 1763 223 48 überhaupt
2225 1763 108 37 nicht
2368 1774 239 36 angezogen,
2641 1764 89 36 eine
2760 1763 154 37 Person
2948 1762 99 37 wird

1825 1830 277 47 beschrieben,
2132 1830 109 37 nicht
2269 1832 58 35 sie
2356 1840 48 26 zu
2434 1829 280 48 rechtfertigen
2738 1828 203 47 versucht,
2968 1840 80 26 was

1825 1898 86 38 sich
1947 1897 66 37 für
2046 1898 78 36 den
2155 1896 164 49 Mythos
2353 1896 193 48 erübrigt:
2580 1896 104 37 denn
2720 1907 43 26 er
2796 1894 141 39 schafft
2970 1903 79 29 erst

1825 1967 89 35 eine
1959 1965 72 36 der
2073 1962 212 38 zeitlichen
2328 1962 229 49 gegenüber
2595 1962 179 38 absolute
2814 1962 209 47 Wertungs-

1827 2030 272 49 möglichkeit.
2160 2030 112 37 Nach
2313 2030 70 37 der
2423 2029 242 37 Erkenntnis
2704 2030 134 36 seiner
2876 2029 149 36 Bestim-

1828 2109 120 37 mung
1992 2099 50 35 ist
2086 2096 160 38 Rodion
2290 2096 122 37 erlöst
2532 2096 108 36 nicht
2690 2106 79 27 von
2811 2097 133 36 seiner
2980 2094 71 37 Tat

1828 2165 177 37 sondern
2034 2174 80 27 von
2143 2165 133 35 seiner
2307 2162 214 38 Herkunft.
2568 2161 92 38 Und
2690 2162 143 37 daraus
2857 2161 194 38 erwächst

1829 2231 81 37 ihm
1936 2231 64 37 die
2019 2230 174 37 Freiheit
2217 2230 71 37 des
2312 2228 310 38 überzeitlichen
2643 2228 129 46 Seins,
2862 2228 70 37 das
2956 2229 76 36 zeit-

1828 2298 104 37 liche
1963 2296 245 39 Geschehen
2237 2296 100 37 wird
2365 2307 90 26 zum
2485 2295 179 48 Mythos.

1831 2365 76 37 Die
1927 2364 177 37 Romane
2127 2365 149 36 weisen
2296 2363 65 37 die
2381 2362 132 37 Klima
2532 2362 71 37 der
2623 2361 187 48 Heiligen
2830 2362 72 37 des
2921 2371 129 26 neuen

1831 2430 170 38 Reiches
2051 2428 82 39 auf:
2184 2430 92 37 dem
2325 2428 281 48 bürgerlichen
2650 2428 255 37 Verbrecher
2953 2426 99 48 folgt

1831 2498 71 37 der
1926 2499 110 36 reine
2062 2496 297 48 Heldentypus.
2405 2495 122 37 Nicht
2551 2495 224 47 Napoleon,
2799 2505 46 26 an
2871 2494 91 37 dem
2987 2493 65 37 die

1831 2564 203 47 Ideologie
2069 2564 70 36 des
2169 2563 176 47 Bürgers
2374 2562 104 37 doch
2507 2561 105 38 noch
2641 2569 172 40 versagt:
2843 2561 71 36 der
2944 2559 109 38 Held

1830 2632 72 37 der
1930 2639 117 40 guten
2073 2630 164 45 Stuben,
2266 2629 72 37 der
2361 2628 338 44 Salon-Romane,
2728 2629 70 35 mit
2827 2627 127 37 allzeit
2983 2625 47 38 be-

1829 2699 121 36 reiter
1968 2696 329 38 Sentimentalität
2315 2695 198 48 umgeben
2589 2695 91 36 dem
2699 2693 238 38 schließlich
2952 2691 101 38 auch

1828 2764 114 47 jeder
1971 2764 162 37 dumme
2159 2762 154 38 Streich
2344 2761 198 48 vergeben
2571 2762 99 36 wird
2699 2771 104 37 pour
2830 2771 66 26 ses
2924 2759 131 37 beaux

1828 2842 119 37 yeux.
1989 2830 110 37 Dazu
2124 2831 49 35 ist
2196 2830 70 36 das
2288 2828 143 38 Milieu
2455 2829 72 36 der
2546 2827 223 37 Kleinstadt
2793 2825 261 46 unerläßlich,

1831 2898 69 36 das
1938 2896 272 47 Dostojewski
2248 2897 70 36 mit
2356 2894 237 38 liebevoller
2633 2893 186 38 Inbrunst
2857 2893 198 46 zeichnet;

1831 2964 71 37 der
1925 2971 118 29 etwas
2064 2962 163 48 muffige
2248 2962 165 37 Geruch
2434 2962 71 36 des
2524 2960 280 48 bürgerlichen
2825 2958 230 47 Haushalts,

1832 3030 70 37 der
1932 3029 171 37 Küchen
2133 3029 82 36 und
2247 3027 111 38 Höfe
2453 3039 48 25 zu
2532 3028 130 37 denen
2692 3027 56 36 als
2774 3026 187 37 Kontrast
2991 3026 64 36 die

1830 3086 267 47 Ärmlichkeit
2115 3095 71 36 des
2206 3094 307 38 Revolutionärs
2532 3094 154 37 kommt
2770 3095 64 35 ein
2855 3093 201 45 Kontrast,

1831 3163 72 37 der
1941 3162 153 37 stärker
2132 3161 201 38 erscheint
2372 3161 57 36 als
2467 3161 64 37 die
2567 3161 141 36 Salons
2746 3160 71 36 der
2852 3159 203 47 Herzogin

1830 3240 78 27 von
1928 3229 280 37 Windermere
2234 3240 46 25 zu
2306 3229 76 36 den
2408 3227 234 48 Spelunken
2666 3237 79 27 von
2765 3224 290 48 Whitechapel,

1829 3307 116 26 wenn
1966 3296 150 37 Dorian
2132 3295 114 48 Gray
2262 3306 80 26 von
2362 3291 565 49 derblumengeschmückten
2941 3290 113 38 Tafel

1831 3364 39 35 in
1900 3363 64 36 die
1990 3363 134 36 Slums
2147 3362 103 47 geht.
2297 3361 122 37 Diese
2443 3359 250 38 steifleinene
2713 3357 248 49 Spießigkeit
2984 3357 72 37 der

1831 3429 189 38 liberalen
2071 3428 266 48 Atmosphäre
2392 3429 39 35 in
2481 3427 77 36 den
2608 3425 204 38 Zimmern
2859 3425 196 37 Warwara

1832 3497 230 36 Petrownas
2097 3497 49 36 ist
2180 3495 71 37 der
2279 3494 129 37 ideale
2440 3493 270 47 Untergrund,
2739 3502 78 27 von
2848 3492 90 36 dem
2968 3490 86 37 sich

1833 3563 156 37 Nicolai
2004 3559 422 41 Wszcwolodowitsch
2440 3558 287 48 wirkungsvoll
2742 3558 180 38 abheben
2937 3557 118 37 kann.

1832 3629 237 48 Turgenjew
2093 3629 154 37 machte
2271 3638 70 27 aus
2365 3627 234 37 demselben
2619 3625 87 49 Typ
2725 3627 116 35 einen
2861 3623 194 46 Bazaroff,

1832 3697 39 36 in
1892 3696 175 47 England
2089 3695 130 37 dürfte
2241 3695 150 37 Dorian
2412 3693 113 48 Gray
2549 3693 65 37 die
2633 3693 81 36 ihm
2735 3690 320 48 entsprechende

1832 3763 118 47 Figur
1978 3764 100 44 sein,
2107 3763 40 36 in
2172 3761 243 38 Frankreich
2438 3760 135 47 Julian
2598 3758 127 38 Sorel.
2765 3758 109 37 Aber
2898 3756 157 38 Nicolai

1833 3829 220 49 Stawogrin
2093 3828 104 38 steht
2232 3827 103 38 doch
2370 3827 129 39 allein.
2560 3826 117 38 Denn
2707 3825 64 37 die
2801 3824 155 46 Maske,
2990 3824 65 36 die

1832 3907 43 26 er
1903 3897 110 48 trägt,
2041 3898 49 36 ist
2118 3895 82 40 ihm
2225 3905 101 28 zwar
2349 3893 228 50 notwendig
2671 3892 95 38 aber
2789 3902 75 28 nur
2887 3900 66 28 um
2978 3890 77 38 den
