3391 4572
1547 476 139 38 DER
1731 478 360 38 ZWEEMAN
2114 480 34 36 N

589 480 50 36 44

592 623 39 35 in
651 611 54 47 Öl
725 621 208 37 natürlich.
971 621 76 42 „So
1068 621 80 36 und
1169 619 108 38 nicht
1295 621 145 37 anders
1459 621 96 38 muß
1574 622 70 37 das
1664 623 152 37 Modell

592 682 246 47 ausgesehen
859 682 142 47 haben,
1026 682 70 36 das
1115 681 170 37 hierauf
1298 683 64 35 die
1378 682 216 38 Leinwand
1609 684 209 47 gezaubert

593 744 84 37 ist.“
736 744 86 37 Wir
851 743 160 37 kennen
1042 744 78 37 den
1150 743 169 36 Zauber.

593 806 110 36 Mein
744 807 149 45 ärgster
922 805 125 37 Feind
1088 805 104 37 kann
1230 804 109 37 nicht
1378 816 132 36 sagen,
1545 806 76 37 daß
1656 806 64 38 ich
1750 809 70 35 mit

595 867 71 37 der
734 875 285 40 permanenten
1076 866 389 49 Kunstvereinsjury
1523 867 131 48 häufig
1708 870 112 35 einer

594 929 193 47 Meinung
821 939 184 37 gewesen
1035 930 70 35 sei.
1161 928 192 36 Indessen
1385 929 126 46 dafür,
1541 929 75 36 daß
1646 931 58 35 sie
1733 930 86 37 sich

593 1001 79 26 von
710 990 299 37 Kricheldorffs
1038 979 196 47 Ölseelen
1269 990 109 36 nicht
1412 990 204 38 berücken
1646 992 92 45 ließ,
1762 993 58 35 sei

595 1052 62 36 ihr
676 1054 38 34 in
735 1052 138 36 diesen
894 1051 176 37 Blättern
1091 1052 62 35 ein
1174 1051 200 36 Denkmal
1394 1059 158 39 gesetzt.
1597 1051 225 38 Aufschrift

597 1113 201 47 „Verzage
829 1112 150 38 nicht!“

597 1175 56 36 Im
679 1175 167 46 übrigen
871 1174 156 37 scheint
1051 1174 64 37 die
1140 1173 306 38 hannoversche
1466 1174 267 49 Tagespresse
1753 1178 70 35 mit

597 1237 72 36 der
710 1235 194 45 „Großen
941 1235 401 48 Kunstausstellung“
1379 1235 96 37 sehr
1508 1235 211 39 zufrieden
1755 1249 45 35 ge-

597 1308 133 26 wesen
770 1308 48 26 zu
856 1299 99 35 sein.
1012 1298 42 35 In
1091 1297 211 37 schönster
1341 1297 286 47 Einmütigkeit
1664 1306 136 29 verant-

597 1366 140 29 wortet
771 1360 58 35 sie
864 1359 75 36 alle
974 1359 63 36 die
1073 1366 132 29 netten
1236 1358 162 37 kleinen
1430 1359 170 36 Notizen
1631 1371 70 24 aus
1731 1360 90 37 dem

600 1420 409 38 Kunstvereinsbüro.

600 1482 150 37 Probe:
783 1482 83 43 „Da
896 1484 48 35 ist
974 1493 42 26 es
1040 1493 32 25 z.
1098 1482 45 36 B.
1168 1482 248 46 interessant,
1441 1482 285 46 festzustellen,
1749 1484 76 35 wie

600 1545 64 35 die
693 1544 127 36 Kunst
845 1543 85 37 ihre
956 1543 181 47 Aufgabe
1162 1543 144 46 erfüllt,
1331 1545 64 35 ein
1421 1543 158 47 Spiegel
1606 1543 107 37 ihrer
1737 1544 89 36 Zeit

600 1617 47 25 zu
667 1606 98 36 sein.
806 1606 93 36 Man
919 1604 236 38 beobachtet
1174 1605 69 35 das
1262 1615 61 25 am
1342 1604 139 37 besten
1501 1616 46 24 an
1568 1605 76 36 den
1661 1605 164 36 Bildern

601 1678 70 25 aus
711 1667 90 36 dem
838 1666 263 47 Volksleben,
1142 1667 142 46 mögen
1322 1667 57 36 sie
1420 1677 81 25 nun
1536 1668 116 35 einen
1688 1666 115 37 Fisch-

602 1728 140 46 markt,
780 1730 117 35 einen
935 1727 280 37 Handwerker
1249 1729 38 35 in
1327 1729 134 35 seiner
1497 1727 229 47 Werkstatt,
1762 1729 65 35 ein

601 1789 223 47 Volksfest,
849 1791 116 36 einen
991 1790 221 36 modernen
1237 1788 191 38 Bahnhof
1449 1790 98 36 oder
1566 1789 69 37 das
1654 1788 173 38 Treiben

603 1853 39 35 in
672 1854 132 34 einem
831 1851 131 37 Hafen
988 1850 225 38 darstellen.
1256 1850 87 37 Alle
1369 1851 110 36 diese
1504 1851 139 36 Bilder
1666 1851 161 37 werden

603 1914 185 47 späteren
809 1913 139 36 Zeiten
969 1923 131 36 sagen,
1111 1914 74 34 wie
1200 1922 42 26 es
1257 1914 38 34 in
1310 1922 172 26 unseren
1498 1912 133 47 Tagen
1645 1912 181 36 aussah.“

602 1974 61 46 Ja,
687 1985 45 26 so
757 1973 137 38 erfüllt
918 1975 64 36 die
1009 1974 130 36 Kunst
1162 1973 86 37 ihre
1273 1973 194 48 Aufgabe.
1509 1974 52 36 So
1586 1973 167 48 spiegelt
1771 1975 58 34 sie

605 2035 85 37 ihre
726 2035 100 46 Zeit,
861 2037 52 35 im
951 2035 284 46 Kunstverein,
1341 2035 81 36 und
1456 2035 177 37 wandert
1666 2034 70 38 auf
1766 2036 64 35 die

608 2097 156 36 Hände.
804 2097 129 36 Kunst
957 2098 48 35 ist
1030 2098 71 35 der
1125 2095 312 38 allumfassende
1464 2096 366 37 Einheitsrummel.

598 2159 132 46 Jäger,
751 2158 251 37 Abenteurer
1020 2158 161 37 erleben
1200 2169 94 25 vom
1310 2157 92 37 Sofa
1421 2169 82 25 aus.
1539 2158 84 36 Der
1635 2158 168 37 Wander-

605 2220 117 47 vogel
747 2228 106 39 spart
878 2219 147 37 Stiefel.
1072 2211 158 56 Üppige
1256 2219 191 37 Stilleben
1467 2218 66 38 für
1551 2220 77 36 den
1648 2218 156 38 Schlem-

607 2292 98 35 mer,
746 2281 90 36 dem
861 2281 219 36 balzenden
1094 2281 193 47 Jüngling
1300 2282 64 35 ein
1379 2281 225 47 fleischiges
1619 2280 213 37 Mädchen.

610 2343 155 36 Kinder
814 2343 162 36 können
1027 2342 243 46 erschreckt,
1320 2342 155 37 belehrt
1520 2342 81 36 und
1647 2341 186 47 belustigt

608 2404 176 37 werden.
809 2404 516 47 Anschauungsunterricht
1339 2406 69 34 mit
1421 2403 263 37 ästhetischer
1698 2403 137 36 Sauce.

613 2465 92 37 Und
727 2465 109 46 alles,
856 2467 131 35 meine
1009 2464 304 47 Herrschaften,
1332 2465 63 37 für
1414 2467 88 35 eine
1517 2465 117 36 Mark
1653 2463 182 37 fuffzich!

611 2528 84 35 Der
719 2526 228 48 Rhythmus
972 2527 72 36 der
1066 2526 89 37 Zeit
1178 2525 69 38 auf
1272 2526 214 37 Leinwand
1511 2536 187 37 gezogen.
1743 2525 93 36 Man

611 2588 179 48 drängelt
818 2589 100 45 sich,
946 2588 91 36 weil
1067 2599 43 26 es
1140 2590 52 35 im
1223 2588 125 36 Blade
1378 2587 125 38 stand.

612 2650 82 36 Das
723 2653 57 33 sei
811 2650 87 36 hier
922 2649 419 48 niedergeschrieben,
1372 2649 121 37 damit
1517 2650 155 46 spätere
1697 2649 139 36 Zeiten

611 2713 160 44 wissen,
803 2713 97 43 „wie
930 2722 42 26 es
1002 2713 38 34 in
1072 2722 172 25 unseren
1275 2710 132 47 Tagen
1437 2710 179 37 aussah.“

1203 2803 18 19 *

1077 2829 17 19 *
1352 2829 19 19 ♦

616 2906 108 36 Herr
758 2905 124 48 „pek“
920 2917 92 26 vom
1045 2905 347 37 Hannoverschen
1421 2905 198 47 Anzeiger
1647 2904 191 36 erkannte

614 2978 73 26 vor
722 2969 153 45 einiger
903 2968 87 36 Zeit
1025 2978 60 35 an,
1114 2966 77 37 daß
1221 2977 43 26 es
1293 2974 116 29 unter
1437 2966 76 37 den
1545 2965 193 38 Dichtern
1768 2965 72 37 des

617 3029 181 43 „Sturm“
823 3029 243 36 vereinzelte
1096 3028 163 37 Talente
1289 3027 91 47 gibt.
1430 3027 108 37 Aber
1569 3037 101 35 „von
1701 3027 139 36 diesen

616 3090 229 37 Mitläufern
871 3090 240 47 abgesehen,
1136 3089 96 37 muß
1256 3089 64 37 ich
1345 3088 203 48 gestehen,
1573 3088 75 36 daß
1673 3090 75 34 mir
1773 3088 69 35 das

616 3154 141 35 meiste
792 3151 326 38 unverständlich
1154 3152 62 45 ist,
1256 3151 99 36 oder
1393 3151 241 45 wenigstens
1668 3159 75 25 nur
1781 3149 41 35 in-

616 3215 140 35 soweit
777 3213 270 37 verständlich
1073 3214 60 46 ist,
1157 3213 57 37 als
1238 3212 63 37 ich
1322 3212 70 36 das
1407 3211 146 47 Jaulen
1578 3212 111 35 einer
1709 3210 134 46 Katze,

617 3286 115 26 wenn
758 3285 90 26 man
877 3276 58 35 sie
965 3272 69 39 auf
1062 3274 77 37 den
1165 3274 192 37 Schwanz
1381 3275 92 44 tritt,
1504 3274 95 35 sehr
1621 3271 106 38 wohl
1752 3282 68 27 ver-

617 3337 126 45 stehe,
767 3336 106 37 ohne
898 3336 65 36 die
985 3336 120 36 Katze
1129 3336 93 36 aber
1241 3336 211 46 deswegen
1473 3335 62 36 für
1553 3335 89 36 eine
1661 3332 182 48 poetisch

619 3398 202 48 angelegte
847 3398 126 36 Natur
996 3398 100 36 oder
1118 3399 89 35 eine
1234 3398 343 46 Expressionistin
1601 3406 48 25 zu
1674 3394 167 37 halten.“

623 3461 107 36 Herr
770 3459 157 36 Peceka
970 3460 234 36 vermochte
1244 3459 83 36 also
1369 3457 151 37 damals
1559 3457 127 36 schon
1727 3457 119 35 einen

621 3521 192 37 Künstler
851 3532 79 26 von
971 3523 111 34 einer
1119 3521 121 36 Katze
1275 3532 47 24 zu
1363 3519 324 37 unterscheiden.
1744 3517 82 36 Seit-

621 3583 90 36 dem
763 3582 63 36 hat
875 3593 43 26 er
961 3582 86 37 sich
1091 3581 380 38 weiterentwickelt.
1532 3580 52 37 Er
1622 3579 105 37 stellt
1766 3589 81 25 nun

622 3645 86 45 fest,
744 3643 76 37 daß
855 3644 71 36 der
957 3644 376 47 Expressionismus
1368 3650 118 29 etwas
1520 3650 216 38 vergessen
1771 3638 76 36 hat.

624 3704 204 38 Nämlich:
854 3705 75 36 daß
953 3706 71 36 der
1049 3704 191 37 Künstler
1260 3704 171 36 niemals
1456 3704 71 36 des
1552 3701 201 38 Anstoßes
1778 3700 72 37 der

623 3767 175 38 äußeren
842 3766 303 38 Geschehnisse
1186 3777 94 36 ganz
1320 3764 219 38 entbehren
1580 3763 118 46 kann,
1737 3769 112 29 sonst

622 3829 124 37 bleibt
776 3840 43 26 er
843 3836 98 30 trotz
971 3830 133 35 seiner
1128 3827 165 37 Ekstase
1323 3827 142 37 letzten
1492 3825 193 38 Grundes
1713 3825 137 35 weiter

624 3892 129 38 nichts
793 3891 57 37 als
880 3890 71 37 der
990 3889 219 48 verkappte
1249 3887 264 47 Oberlehrer,
1551 3897 88 38 mag
1671 3896 44 27 er
1748 3885 100 37 auch

1882 623 171 37 Formen
2080 624 80 37 und
2190 624 209 48 Stilgefühl
2428 625 176 37 besitzen
2633 628 75 35 wie
2738 627 174 46 Stephan
2944 628 163 47 George

1883 685 99 37 oder
2011 686 129 37 Rilke.

1885 747 58 36 Da
1973 747 72 37 der
2069 748 379 46 Expressionismus
2476 748 123 37 selbst
2627 748 155 38 schwer
2809 760 49 25 zu
2888 748 134 38 fassen
3047 752 60 45 ist,

1884 809 114 36 rufen
2027 811 73 34 wir
2127 810 139 35 seinen
2288 809 182 48 Jüngern
2500 821 66 26 zu:
2595 810 129 37 haben
2750 810 66 37 Sie
2846 811 99 36 auch
2976 812 132 36 nichts

1884 870 245 47 vergessen?
2181 870 225 48 Verlangen
2448 872 65 36 Sie
2549 883 72 26 vor
2660 872 154 47 Beginn
2854 872 114 47 jeder
3008 873 76 37 Pro-

1885 931 169 38 duktion
2092 931 219 47 „Peceka“,
2351 932 76 37 den
2467 932 304 38 ausführlichen
2814 933 271 48 Ausrüstungs-

1885 992 194 48 prospekt
2113 992 63 38 für
2206 993 364 47 Expressionisten.
2626 994 89 36 Tun
2740 994 66 38 Sie
2842 995 77 37 den
2951 995 158 47 Sprung

1884 1065 94 26 vom
2004 1054 250 38 Oberlehrer
2277 1066 90 26 zum
2394 1055 203 37 Künstler.
2644 1056 121 36 Ohne
2792 1056 156 36 Peceka
2973 1058 48 35 ist
3044 1057 65 36 die

1886 1126 120 37 ganze
2032 1116 205 37 Dichterei
2262 1115 66 38 für
2352 1117 64 36 die
2443 1117 107 36 Katz.
2600 1117 91 36 Und
2712 1118 64 36 die
2796 1117 76 47 hat,
2891 1119 74 35 wie
2986 1118 123 36 Ihnen

1887 1177 161 37 Peceka
2077 1178 217 47 bestätigen
2317 1178 113 45 wird,
2456 1179 69 35 mit
2549 1178 71 36 der
2645 1178 130 37 Kunst
2799 1179 129 37 nichts
2951 1190 48 25 zu
3024 1179 87 37 tun!

2338 1326 19 20 «
2639 1327 18 19 «

1893 1425 91 36 Und
2005 1435 81 26 nun
2105 1435 47 25 zu
2173 1425 87 45 Dir,
2279 1425 106 36 mein
2405 1423 126 38 lieber
2550 1424 203 37 Silvanus!
2796 1425 58 36 Da
2874 1424 65 36 Du
2959 1432 155 39 partout

1889 1486 66 36 die
2000 1484 195 38 familiäre
2242 1484 308 48 Umgangsform
2597 1486 343 36 kommunisieren
2984 1486 130 45 willst,

1891 1547 157 36 erfreue
2078 1546 62 37 ich
2173 1546 104 37 Dich
2301 1545 196 38 ebenfalls
2526 1548 69 35 mit
2620 1547 90 36 dem
2741 1547 219 36 traulichen
2988 1547 126 45 „Du“.

1892 1609 64 35 Du
1985 1607 131 46 weißt,
2147 1607 76 37 daß
2253 1607 63 37 ich
2347 1606 99 37 über
2469 1607 65 37 die
2557 1607 72 37 Art
2653 1607 151 37 Deiner
2828 1607 133 37 Kritik
2983 1615 132 29 zuerst

1891 1676 165 31 entsetzt
2078 1679 91 26 war.
2207 1668 105 46 Jetzt
2334 1668 187 37 verstehe
2541 1668 81 37 ich:
2648 1668 64 37 Du
2731 1669 103 46 gibst
2853 1668 103 37 Dich
2975 1668 139 38 selbst!

1893 1732 64 35 Du
1992 1731 132 36 redest
2157 1729 250 38 blütenreich
2442 1729 81 37 und
2554 1731 38 35 in
2624 1729 286 38 Gleichnissen
2940 1732 75 35 wie
3045 1731 72 36 der

1891 1792 124 48 große
2049 1792 230 36 Winnetou.
2334 1791 86 36 Bist
2456 1790 132 37 selber
2622 1791 117 37 Blüte
2775 1792 80 36 und
2891 1791 225 38 Gleichnis.

1894 1853 106 38 Halb
2030 1853 82 36 und
2141 1853 104 36 halb.
2291 1852 52 45 O,
2373 1853 106 36 mein
2503 1852 193 48 geliebter
2719 1852 170 46 Bruder,
2919 1854 106 35 mein
3050 1863 45 36 ge-

1895 1914 147 48 mäßigt
2070 1921 108 30 roter
2202 1914 159 36 Bruder
2389 1915 39 35 in
2452 1913 134 48 Apoll,
2616 1913 202 48 allmählig
2847 1915 132 35 wirste
3012 1914 105 36 mich

1894 1978 144 35 immer
2065 1975 311 48 sympatischer!
2423 1976 76 36 Die
2527 1975 128 37 Kunst
2679 1976 49 35 ist
2752 1975 73 36 Dir
2848 1975 142 46 Anlaß,
3015 1975 104 36 Dein

1894 2038 174 37 schönes
2098 2036 153 38 Gemüt
2279 2036 242 38 schlenkern
2549 2048 48 25 zu
2627 2037 130 37 lassen
2787 2037 81 36 und
2898 2037 65 36 die
2994 2035 124 37 frisch

1895 2098 262 38 erworbenen
2199 2098 243 37 Kenntnisse
2487 2098 349 47 unterzubringen.
2903 2098 95 37 Heil
3039 2097 81 36 und

1896 2161 129 47 Segen
2055 2161 72 36 der
2154 2159 399 38 Volkshochschule!

1896 2223 164 36 Warum
2096 2221 63 37 hat
2194 2222 106 36 mein
2335 2222 160 36 Bruder
2531 2220 104 38 noch
2676 2223 64 35 nie
2774 2221 65 36 die
2875 2220 247 37 Geschichte

1896 2295 80 26 von
2001 2283 91 37 dem
2117 2282 269 48 trojanischen
2412 2282 366 47 Mehrheitspferde
2803 2281 178 38 erzählt?
3017 2281 106 36 Habt

1900 2346 65 37 Ihr
1989 2346 64 36 die
2079 2345 104 36 noch
2208 2344 109 37 nicht
2340 2343 170 48 gehabt?
2552 2344 51 36 Es
2627 2345 49 35 ist
2698 2355 103 25 zwar
2824 2345 64 35 ein
2912 2342 212 37 hölzernes

1901 2407 137 46 Pferd,
2067 2406 94 37 aber
2188 2406 95 36 sehr
2312 2404 282 48 zweckmäßig.
2649 2405 73 36 Mit
2752 2404 108 37 Kind
2889 2404 82 36 und
2997 2402 126 48 Kegel

1900 2467 137 48 (weißt
2061 2465 110 49 Du?)
2195 2469 114 45 steigt
2333 2477 89 26 man
2442 2468 77 37 ein.
2564 2465 89 37 Alle
2676 2465 269 37 Hindernisse
2963 2464 161 37 werden

1900 2529 235 38 vermieden
2176 2528 81 36 und
2293 2529 159 35 miteins
2488 2530 49 34 ist
2571 2538 89 26 man
2695 2529 136 35 mitten
2867 2526 88 37 drin
2987 2528 38 34 in
3056 2525 70 37 der

1903 2591 142 37 Kunst.
2078 2590 91 38 Und
2189 2590 104 37 dann
2308 2589 147 37 erklärt
2468 2590 107 35 mein
2590 2589 159 36 Bruder
2761 2590 138 35 seinen
2914 2587 212 37 Freunden

1902 2653 77 37 den
2004 2652 99 47 Weg
2126 2662 94 26 vom
2246 2651 56 36 Im
2321 2662 89 25 zum
2433 2651 71 37 Ex.
2545 2650 377 47 Geschwindigkeit
2942 2651 49 34 ist
3008 2648 118 36 keine

1903 2715 193 36 Hexerei.
2154 2712 93 37 Und
2275 2713 103 36 dann
2407 2719 82 39 sagt
2517 2722 54 35 er,
2601 2711 76 37 daß
2707 2712 71 36 der
2803 2709 325 38 Kerschbaumer

1901 2778 93 46 jetzt
2016 2777 65 35 ein
2110 2774 251 37 vollendeter
2387 2774 298 46 Expressionist
2712 2773 71 36 sei.
2836 2771 92 37 Und
2957 2772 64 35 ein
3047 2770 54 36 Ex-

1902 2837 238 48 pressionist
2168 2837 58 35 sei
2251 2837 124 44 einer,
2399 2834 71 38 der
2493 2845 75 25 nur
2592 2834 104 36 noch
2721 2835 89 35 eine
2835 2832 131 37 Pfeife
2990 2832 140 37 besitzt

1903 2900 82 36 und
2014 2898 109 37 nicht
2151 2897 115 37 mehr
2295 2898 52 35 im
2378 2896 235 37 Restaurant
2641 2905 116 26 essen
2787 2895 116 35 kann.

1905 2960 53 46 O,
2005 2961 107 36 mein
2162 2957 198 49 gemäßigt
2406 2965 108 29 roter
2560 2956 171 46 Bruder,
2775 2956 64 36 Du
2882 2953 249 39 entwickelst

1907 3021 127 37 Dich!
2091 3021 108 44 Fein,
2228 3018 77 37 daß
2336 3019 65 36 Du
2430 3017 240 45 erkanntest,
2698 3018 75 35 wie
2803 3017 123 36 Franz
2952 3015 179 47 Dülberg

1906 3080 258 50 geschwefelt
2188 3081 75 36 hat.
2311 3080 51 36 Es
2385 3078 135 48 gefällt
2539 3080 76 36 mir
2637 3078 115 46 auch,
2776 3078 76 36 daß
2879 3078 64 36 Du
2962 3088 42 26 es
3023 3076 109 36 nicht

1907 3155 48 25 zu
1990 3142 169 48 tragisch
2194 3144 174 44 nimmst,
2401 3151 115 27 wenn
2551 3140 64 37 ich
2646 3140 74 36 Dir
2754 3139 76 36 mal
2867 3140 117 35 einen
3020 3137 115 36 Brief

1907 3205 201 37 schreibe:
2134 3203 335 47 Christophorus,
2498 3203 71 36 der
2599 3202 101 36 Kurt
2729 3200 98 37 über
2849 3200 164 36 Wasser
3040 3198 92 46 hält,

1980 3267 69 37 das
2079 3268 48 35 ist
2155 3273 80 29 nett
2263 3265 83 37 und
2370 3264 217 37 außerdem
2609 3265 63 35 ein
2697 3261 185 48 spaßiges
2905 3254 105 43 Bild.
3043 3260 89 36 Wie

1909 3331 49 35 ist
1987 3330 106 36 mein
2118 3327 159 38 Bruder
2306 3324 141 39 darauf
2469 3324 271 48 gekommen?
2782 3323 92 36 War
2897 3333 43 26 es
2964 3333 75 25 nur
3063 3321 71 37 der

1910 3391 158 36 Name?
2122 3389 115 37 Oder
2265 3388 61 47 lag
2355 3389 107 35 mein
2487 3385 159 37 Bruder
2674 3384 130 37 hinter
2828 3385 77 35 den
2930 3382 203 45 Büschen,

1910 3452 57 36 als
2002 3453 72 35 wir
2108 3462 47 25 an
2191 3451 77 36 den
2299 3450 189 36 Wassern
2524 3447 71 37 der
2625 3446 265 47 Hemminger
2919 3444 215 37 Tonkuhle

1910 3512 251 38 wandelten?
2221 3512 87 36 Wir
2346 3511 128 36 haben
2516 3511 158 34 meinen
2716 3508 158 36 Bruder
2913 3504 58 38 oft
3009 3507 126 35 zitiert

1912 3575 79 37 und
2022 3585 130 26 waren
2187 3574 95 37 sehr
2310 3573 129 45 lustig.
2495 3570 214 37 Vielleicht
2738 3569 237 37 erscheinen
3006 3568 128 45 einige

1913 3636 263 48 Aussprüche
2195 3646 79 26 von
2295 3633 82 37 ihm
2397 3632 233 37 demnächst
2644 3634 38 34 in
2701 3632 130 35 einem
2849 3628 286 47 Merzgedicht.

1914 3699 114 36 Dann
2066 3697 159 37 freilich
2261 3703 57 29 tut
2352 3696 106 36 mein
2488 3694 159 37 Bruder
2675 3700 78 39 gut,
2783 3691 108 37 nicht
2921 3689 113 37 mehr
3058 3700 77 25 von

1913 3758 405 38 Müllkastenbildern
2347 3768 48 26 zu
2424 3755 211 48 sprechen.

1913 3822 108 37 Aber
2059 3832 80 26 was
2180 3822 49 34 ist
2267 3819 85 37 das:
2390 3817 256 38 Oberländer
2684 3815 65 37 hat
2783 3815 159 36 meinen
2979 3811 159 37 Bruder

1914 3883 126 39 durch
2071 3883 66 37 die
2167 3880 114 40 Bank
2309 3890 89 34 £um
2425 3879 160 39 Lachen
2615 3876 173 49 gereizt?
2830 3873 215 40 Vielleicht
3067 3871 71 40 saß
