3397 4572
1297 459 140 37 DER
1481 453 403 42 ZWEEMANN

2799 447 52 36 29

331 610 53 37 So
420 610 50 35 ist
505 607 71 38 der
606 606 194 38 Künstler
830 605 69 38 das
922 604 228 49 Werkzeug
1182 603 157 40 Gottes.
1380 604 53 38 So
1463 602 96 39 muß

330 688 43 28 er
402 676 71 37 das
497 675 142 48 geben,
667 685 114 26 wozu
811 673 83 37 ihm
926 671 101 39 Gott
1063 672 65 37 die
1152 671 207 49 Fähigkeit
1386 670 174 39 verlieh:

331 745 70 37 das
432 742 198 39 Erlebnis.

332 812 82 37 Der
445 810 302 47 Impressionist
769 807 81 38 hält
884 807 85 38 sich
1007 807 63 37 bei
1100 807 72 37 der
1194 805 266 49 Wiedergabe
1490 805 71 37 des

332 877 202 49 Objektes
563 887 48 27 an
636 876 187 47 Rezepte,
853 875 66 38 die
948 875 70 37 das
1041 864 163 48 Äußere
1229 873 239 49 regulieren.
1509 872 52 37 Es

331 944 167 40 braucht
517 942 165 50 Regeln,
705 943 91 38 weil
820 944 87 37 sein
927 941 192 39 Schaffen
1138 941 109 38 nicht
1265 939 296 49 ursprünglich,

332 1012 110 38 nicht
478 1010 336 49 kunstorganisch
849 1012 61 36 ist.
957 1010 51 37 Es
1038 1011 49 36 ist
1115 1009 211 45 Verstand,
1360 1009 75 35 wie
1471 1009 90 45 jene

332 1080 188 38 Gesetze.

332 1148 84 37 Der
436 1148 302 47 Expressionist
767 1145 114 38 fühlt.
921 1145 53 37 Er
997 1144 93 48 geht
1114 1141 294 50 gefühlsmäßig
1430 1140 134 38 sicher

331 1217 141 36 seinen
497 1214 112 49 Weg.
647 1213 104 48 Jene
778 1212 175 38 Gesetze
977 1212 92 36 sind
1099 1209 83 38 ihm
1208 1208 201 47 Formeln,
1439 1208 124 37 deren

331 1282 266 48 Anwendung
611 1292 94 27 vom
717 1278 401 48 Kunstorganischen
1133 1275 173 39 ablenkt.
1325 1274 83 38 Auf
1417 1274 147 37 Grund

331 1351 134 36 seines
496 1348 366 38 Kunsterkennens
896 1345 97 38 muß
1032 1355 44 27 er
1114 1345 59 36 sie
1208 1343 259 47 verleugnen.
1514 1341 52 37 Er

332 1421 124 33 kennt
479 1428 76 25 nur
580 1416 69 37 das
670 1414 151 38 Gesetz
845 1414 73 36 der
936 1412 150 47 Kunst;
1108 1412 87 36 sein
1220 1411 162 46 eigenes
1402 1408 164 38 Gesetz.

332 1542 86 37 Aus
454 1541 73 36 der
556 1538 274 48 Anschauung
865 1537 223 47 entspringt
1125 1535 65 37 die
1227 1524 240 57 Äußerung:
1502 1533 64 37 die

331 1607 201 39 sichtbare
562 1607 133 37 Form.

334 1677 77 36 Die
451 1673 353 51 grundsätzlichen
846 1670 299 40 Unterschiede
1185 1670 73 37 der
1293 1668 274 47 Anschauung

332 1744 202 46 bedingen
569 1740 247 39 ebensolche
851 1740 72 37 der
957 1739 131 37 Form.
1130 1738 83 37 Der
1235 1736 100 48 Weg
1369 1736 73 36 der
1471 1735 72 37 Ent-

332 1810 173 48 stehung
539 1810 72 37 der
643 1807 240 38 Kunstform
919 1808 50 36 ist
997 1807 93 37 dem
1126 1805 73 37 der
1227 1802 337 39 Individualform

332 1884 359 42 entgegengesetzt.

333 1946 177 37 Werden
546 1945 72 36 der
652 1943 119 38 Form
806 1941 127 48 ergibt
966 1941 87 38 sich
1088 1951 71 27 aus
1194 1939 72 38 der
1294 1938 272 48 Anschauung

333 2013 71 37 des
434 2012 189 37 Raumes.
664 2012 84 37 Der
777 2010 126 37 Raum
934 2009 101 37 wird
1069 2008 107 37 beim
1211 2004 192 40 Schaffen
1437 2004 127 38 durch

333 2080 76 38 den
425 2080 210 37 Bildraum
650 2079 299 47 repräsentiert.
980 2073 390 47 Raumanschauung
1383 2072 68 38 ist
1451 2072 86 38 Wel-

333 2146 272 48 tanschauung.
644 2143 475 48 Bildraumanschauung
1143 2142 221 48 entspringt
1394 2151 71 26 aus
1495 2139 71 38 der

332 2214 382 47 Weltanschauung.

333 2280 352 39 Materialiatische
714 2278 371 48 Weltanschauung
1131 2279 51 36 ist
1209 2275 233 49 analytisch.
1498 2275 68 37 Sie

332 2349 103 37 sieht
464 2348 110 38 nicht
611 2348 78 37 den
724 2348 146 46 Raum;
905 2347 58 36 sie
997 2344 105 39 sieht
1136 2355 75 26 nur
1244 2343 78 37 den
1357 2341 209 39 einzelnen

335 2416 277 49 Gegenstand.
650 2415 68 38 Sie
747 2414 94 39 baut
870 2413 143 38 daraus
1043 2414 119 35 einen
1188 2411 141 46 Raum,
1358 2410 71 37 der
1460 2408 107 38 nicht

333 2485 109 37 dem
473 2484 127 36 Raum
632 2482 233 48 entspricht.

333 2552 53 37 So
417 2551 104 38 sieht
550 2551 73 37 der
647 2550 302 47 Impressionist
978 2547 101 38 auch
1110 2546 110 38 nicht
1248 2545 78 38 den
1345 2544 222 38 Bildraum.

333 2619 53 37 Er
409 2618 105 38 sieht
538 2618 101 37 auch
658 2617 89 38 hier
771 2618 79 36 den
870 2614 211 39 einzelnen
1103 2613 274 48 Gegenstand,
1401 2613 73 36 der
1496 2623 48 26 zu-

333 2686 139 38 nächst
495 2684 219 39 außerhalb
745 2684 71 38 des
835 2683 143 37 Bildes
1006 2682 106 47 liegt,
1147 2681 90 38 und.
1254 2680 92 37 baut
1380 2681 69 35 mit
1483 2678 81 38 ihm

333 2754 78 36 den
448 2754 140 46 Raum,
619 2753 72 37 der
724 2752 127 47 längst
886 2751 48 37 da
969 2752 61 39 ist.
1075 2749 89 38 Wie
1199 2759 44 28 er
1279 2748 125 37 Natur
1437 2745 127 49 geben

331 2820 95 48 will,
456 2821 66 37 die
546 2820 127 47 längst
698 2820 48 36 da
776 2821 61 35 ist.
879 2819 81 36 Das
983 2818 66 37 hat
1072 2816 209 49 logischen
1301 2815 235 37 Zusammen-

332 2888 103 47 hang
460 2889 70 36 mit
553 2889 134 35 seiner
707 2886 379 47 Weltanschauung.
1128 2881 287 49 Kunstlogisch
1445 2882 49 36 ist
1523 2891 42 26 es

332 2955 121 37 nicht.
494 2955 96 37 Sein
620 2953 278 37 Raumaufbau
936 2954 49 36 ist
1015 2952 304 47 Komposition:
1354 2948 212 38 dekorativ

332 3030 89 30 statt
439 3021 226 49 organisch.
707 3020 94 37 Sein
823 3020 127 37 Raum
968 3019 101 37 wird
1089 3016 205 39 künstlich
1312 3027 225 27 zusammen-

331 3097 159 40 gesetzt.
532 3089 43 37 In
616 3089 153 37 seinem
801 3087 126 37 Raum
968 3088 50 35 ist
1057 3086 93 36 kein
1187 3084 158 38 Gefühl
1385 3083 63 38 für
1486 3083 77 37 den

332 3157 140 37 Raum.
512 3156 76 38 Die
618 3153 271 40 Bestandteile
920 3154 135 36 seines
1084 3152 176 37 Raumes
1296 3151 89 37 sind
1415 3161 124 37 gegen-

329 3223 210 39 ständlich.
580 3223 92 37 Sein
693 3222 126 37 Raum
839 3223 49 35 ist
905 3218 272 40 verständlich
1197 3228 251 36 erzwungen,
1470 3227 69 27 ver-

331 3291 118 47 fehlt;
480 3293 49 35 ist
559 3289 172 39 konkret
761 3288 81 38 und
871 3288 140 47 geistig
1039 3293 68 30 tot.

331 3357 184 50 Geistige
533 3356 369 48 Weltanschauung
926 3355 49 36 ist
997 3351 235 51 syntetisch.
1268 3352 42 36 In
1336 3350 63 38 ihr
1422 3352 49 35 ist
1495 3350 65 37 die

329 3425 235 38 kosmische
587 3423 254 48 Vertiefung,
870 3423 70 37 das
964 3420 183 39 Schauen
1176 3418 72 38 des
1272 3417 99 46 Alls,
1401 3419 38 36 in
1467 3418 92 37 dem

330 3494 65 37 die
416 3494 131 47 Dinge
570 3491 177 38 kreisen.
788 3491 85 37 Der
892 3489 126 38 Raum
1042 3489 76 37 ist.
1159 3485 177 38 Deshalb
1361 3484 104 38 sieht
1489 3485 72 37 der

331 3561 303 47 Expressionist
658 3558 78 37 den
761 3557 208 37 Bildraum
999 3555 56 38 als
1079 3553 188 50 gegeben.
1305 3550 254 39 Tatsächlich

329 3630 51 35 ist
402 3639 44 26 er
465 3628 61 46 da,
550 3627 127 36 bevor
701 3625 70 37 das
789 3623 126 39 Werk
939 3623 175 47 beginnt.
1154 3621 83 37 Der
1256 3619 304 48 Expressionist

329 3695 113 47 fühlt,
473 3694 76 38 daß
587 3704 43 26 er
653 3703 94 27 vom
768 3692 152 36 Raume
939 3689 203 49 ausgehen
1171 3686 108 39 muß.
1322 3686 102 37 Hier
1457 3687 102 46 zeigt

327 3763 87 38 sich
453 3763 72 36 der
559 3759 237 49 organische
827 3756 350 47 Zusammenhang
1211 3756 53 36 im
1296 3752 151 38 Fühlen
1486 3752 71 37 des

329 3830 369 49 Expressionisten.
739 3826 95 37 Sein
874 3824 153 39 Fühlen
1063 3825 49 36 ist
1146 3820 183 50 zugleich
1366 3819 167 38 kunstor-

326 3897 178 48 ganisch.

1626 600 53 38 Er
1708 598 100 38 fühlt
1847 598 77 37 den
1954 597 139 36 Raum.
2134 595 128 42 Fühlt,
2293 593 75 38 daß
2398 604 43 26 er
2478 594 49 35 ist
2565 590 82 38 und
2678 588 170 49 gebären

1626 666 108 38 muß.
1775 666 52 37 So
1847 666 50 36 ist
1914 666 110 35 seine
2043 661 195 49 Aufgabe,
2263 662 64 36 die
2351 661 113 36 Form
2492 669 69 26 aus
2580 657 83 38 ihm
2683 656 142 37 heraus-

1625 733 185 39 zuholen.
1867 732 42 37 In
1949 730 231 47 Beziehung
2221 740 89 25 zum
2352 728 124 35 Kaum
2518 725 119 38 allein
2678 722 172 38 entsteht

1625 798 293 52 gefühlsmäßig
1945 798 63 37 die
2029 796 256 39 Einzelform.
2326 795 59 36 Da
2405 796 48 35 ist
2471 793 94 36 kein
2585 792 234 37 Zusammen-

1627 869 102 47 hang
1758 869 71 35 mit
1857 866 91 37 dem
1978 864 164 49 Objekt.
2182 864 52 36 Es
2262 874 97 35 war;
2395 863 48 35 ist
2477 861 92 36 aber
2603 859 126 47 längst
2763 864 64 30 ent-

1627 934 292 40 materialisiert
1948 932 80 37 und
2058 930 200 39 erscheint
2286 930 241 46 vergeistigt,
2561 929 38 34 in
2630 923 219 39 abstrakter

1629 1002 239 47 Gestaltung
1908 1002 52 35 im
1990 1000 138 36 Raum.
2170 998 51 37 Es
2255 999 49 35 ist
2340 996 108 37 nicht
2487 995 144 36 anders
2661 991 187 48 möglich,

1627 1067 280 49 schöpferisch
1937 1078 47 26 zu
2008 1067 98 36 sein.

1629 1137 134 37 Damit
1792 1137 50 35 ist
1871 1134 64 37 die
1966 1133 262 46 Anwendung
2265 1131 72 37 der
2364 1125 383 42 Ausdrucksmittel:
2778 1125 70 36 der

1630 1205 143 36 Linien
1804 1202 82 37 und
1917 1200 151 37 Farben
2097 1199 187 48 gegeben.

1630 1268 411 50 Impressionistische
2060 1266 165 38 Malerei
2249 1264 81 38 hält
2356 1263 87 38 sich
2462 1261 323 49 logischerweise
2810 1260 39 35 in

1631 1338 71 38 der
1738 1337 121 47 Regel
1888 1335 101 38 auch
2024 1334 87 38 hier
2144 1344 47 26 an
2221 1333 70 36 das
2320 1330 154 49 Objekt
2504 1329 229 48 gebunden:
2763 1327 87 36 ihre

1633 1406 141 36 Linien
1804 1404 81 37 und
1918 1402 149 38 Farben
2097 1400 265 49 entsprechen
2400 1398 72 37 der
2499 1395 247 38 natürlichen
2777 1394 48 36 Er-

1630 1472 235 46 scheinung.
1906 1471 83 36 Der
2006 1466 324 51 gegenständlich
2350 1463 256 49 reagierende
2622 1461 139 47 Maler,
2781 1461 71 36 der

1630 1539 138 38 weder
1790 1537 105 39 Welt
1931 1537 104 37 noch
2065 1536 129 37 Kunst
2223 1536 138 47 geistig
2389 1530 231 46 betrachtet,
2657 1529 64 36 hat
2757 1527 94 37 kein

1633 1607 139 46 Recht,
1802 1607 53 35 im
1874 1604 216 38 Ausdruck
2117 1614 79 26 von
2220 1603 140 35 seinen
2379 1598 323 46 Anschauungen
2732 1595 96 37 abzu-

1630 1674 197 37 weichen.
1868 1673 116 37 Dann
2003 1671 103 37 wäre
2126 1668 208 49 doppelter
2345 1665 191 39 Verstoß:
2556 1663 144 39 einmal
2719 1663 134 36 seiner

1630 1741 275 46 Anschauung
1941 1749 126 38 gegen
2105 1738 70 36 das
2198 1736 146 36 Wesen
2382 1734 70 37 der
2488 1733 142 45 Kunst,
2666 1731 187 35 zweitens

1630 1811 134 35 seiner
1782 1798 222 56 Äußerung
2023 1816 124 37 gegen
2167 1804 65 36 die
2251 1804 138 45 eigene
2414 1799 281 45 Anschauung.
2732 1797 121 35 Diese

1630 1866 221 57 Äußerung
1864 1875 105 37 wäre
1982 1872 187 39 Willkür.
2187 1867 282 40 Willkürliche
2485 1864 369 46 Naturverbiegung

1631 1945 48 36 ist
1709 1942 221 48 unbedingt
1958 1952 49 26 zu
2036 1938 236 39 verwerfen.

1631 2009 379 47 Naturverbiegung
2054 2005 95 39 muß
2194 2007 162 35 innerer
2402 1998 324 49 Notwendigkeit
2775 2004 60 30 ent-

1630 2086 209 29 stammen.
1879 2076 67 37 Sie
1976 2076 49 36 ist
2053 2073 117 38 allein
2201 2072 69 37 das
2295 2068 127 39 Recht
2451 2068 70 37 des
2550 2068 140 47 geistig
2715 2064 115 38 Schaf-

1630 2145 164 45 fenden,
1808 2143 71 38 des
1889 2137 195 51 abstrakt
2084 2137 317 51 Empfindenden,
2412 2133 69 48 des
2481 2133 372 48 Expressionisten.

1632 2213 119 37 Seine
1769 2211 147 37 Farben
1937 2209 81 38 und
2034 2209 141 36 Linien
2194 2206 90 37 sind
2299 2204 192 47 losgelöst
2503 2212 93 27 vom
2609 2199 163 48 Objekt.
2787 2199 66 36 Sie

1631 2279 130 38 haben
1780 2289 75 26 nur
1869 2276 233 46 Beziehung
2120 2286 48 26 zu
2182 2275 132 36 seiner
2327 2268 271 47 Vorstellung,
2611 2268 153 35 seinem
2782 2266 47 35 Er-

1631 2346 143 47 lebnis,
1787 2346 153 37 seinem
1957 2342 167 46 Gefühl,
2137 2352 90 26 zum
2243 2340 144 37 Raum:
2401 2347 89 27 zum
2505 2334 221 38 Bildraum.
2739 2332 91 37 Bild-

1632 2425 111 27 raum
1763 2414 49 36 ist
1827 2411 157 38 Fläche.
2011 2410 93 37 Von
2123 2408 62 38 ihr
2206 2407 128 48 gehen
2350 2405 140 36 Linien
2510 2402 81 37 und
2606 2400 151 38 Farben
2772 2411 80 26 aus.

1634 2480 179 39 Deshalb
1828 2479 129 38 haben
1971 2479 58 36 sie
2044 2477 68 36 das
2126 2487 48 25 zu
2189 2474 139 48 geben,
2340 2483 80 26 was
2435 2471 64 37 die
2514 2468 142 38 Fläche
2664 2467 189 48 verlangt.

1633 2550 82 37 Das
1743 2548 205 38 bedeutet:
1977 2543 190 39 Verzicht
2196 2542 68 37 auf
2289 2541 63 37 die
2384 2537 273 48 Perspektive.

1630 2616 145 38 Fläche
1799 2615 105 37 kann
1930 2624 74 26 nur
2032 2613 40 36 in
2094 2609 140 39 Fläche
2258 2607 145 47 zerlegt
2425 2605 174 46 werden,
2628 2603 47 37 da
2699 2604 57 35 sie
2786 2602 64 36 die

1631 2684 116 36 Basis
1777 2684 48 35 ist
1854 2680 82 38 und
1965 2678 159 38 bleiben
2154 2675 108 47 muß,
2292 2685 78 26 was
2399 2674 58 36 sie
2486 2674 61 38 ist,

1631 2749 263 48 Perspektive
1919 2747 94 36 aber
2036 2745 81 47 gibt
2140 2741 220 40 räumliche
2379 2739 246 46 Vertiefung.
2667 2737 66 37 Sie
2763 2736 87 37 füllt

1630 2817 108 37 nicht
1766 2816 65 37 die
1861 2813 161 38 Fläche:
2051 2813 59 36 sie
2139 2810 93 37 hebt
2260 2810 59 35 sie
2348 2806 80 47 auf,
2457 2806 165 37 zerstört
2649 2806 72 35 sie.

1630 2882 178 40 Deshalb
1837 2884 49 35 ist
1914 2881 64 36 die
2009 2877 262 49 Perspektive
2300 2872 270 40 künstlerisch
2599 2870 167 39 sinnlos.

1630 2951 66 37 Sie
1726 2952 49 36 ist
1792 2952 89 35 eine
1912 2948 70 37 der
1999 2943 388 51 hauptsächlichsten
2407 2938 346 48 Wirkungsmittel
2778 2938 71 36 der

1629 3015 343 41 Individualform.
2007 3014 58 37 Da
2083 3011 160 38 werden
2262 3010 64 37 die
2340 3008 207 38 einzelnen
2564 3005 284 48 Gegenstände

1628 3085 244 37 zueinander
1894 3081 166 50 gestellt.
2099 3080 64 37 Sie
2188 3077 89 38 sind
2303 3077 70 36 der
2399 3072 345 50 Ausgangspunkt.
2785 3072 42 36 In-

1628 3152 253 48 folgedessen
1910 3149 80 48 gibt
2020 3158 89 26 man
2140 3146 120 37 ihnen
2285 3141 283 47 Beziehungen
2592 3139 256 46 zueinander,

1625 3226 89 30 statt
1742 3229 90 26 zum
1862 3218 138 36 Raum.

1627 3286 263 47 Perspektive
1913 3282 80 49 gibt
2011 3292 75 27 nur
2104 3278 195 39 räumlich
2320 3277 81 38 und
2427 3275 157 38 zeitlich
2605 3275 243 47 Begrenztes

1626 3352 208 38 innerhalb
1863 3352 112 36 einer
2002 3345 331 50 vorgetäuschten
2366 3341 326 39 Unendlichkeit.

1627 3419 143 38 Fläche
1811 3417 78 39 läßt
1931 3427 69 26 aus
2045 3412 276 39 tatsächlicher
2358 3408 315 41 Unendlichkeit
2709 3407 111 39 Unbe-

1624 3492 193 41 grenztes,
1846 3483 152 46 Ewiges
2027 3479 198 39 erstehen.

1625 3620 41 36 In
1695 3619 69 36 der
1782 3616 174 39 äußeren
1970 3615 118 36 Form
2107 3614 161 36 werden
2295 3612 63 37 die
2374 3610 251 48 Gegensätze
2645 3609 200 37 zwischen

1623 3681 428 52 impressionistischer
2069 3680 80 37 und
2175 3677 427 49 expressionistischer
2621 3676 125 37 Welt-
2764 3676 82 36 und

1623 3750 387 46 Kunstanschauung
2039 3747 188 37 sichtbar.
2271 3746 91 37 Von
2401 3745 140 37 diesen
2571 3743 141 38 letzten
2742 3742 78 37 Aus-

1622 3819 151 38 läufern
1813 3827 69 28 aus
1922 3815 124 38 sehen
2082 3815 74 37 wir
2187 3815 92 46 jetzt
2319 3813 65 37 die
2424 3809 422 49 Entwickelungslinie

1622 3885 217 40 rückwärts
1869 3883 61 38 bis
1958 3892 89 27 zum
2078 3879 170 49 Anfang.
