2261 3919
133 271 76 40 500

843 272 76 27 LES
954 272 174 27 HYMNES
1162 269 251 29 NATIONAUX

129 372 110 32 cette
256 363 178 40 marche
454 362 67 42 n'a
548 364 246 40 nullement
816 364 39 40 le
891 371 218 35 caractère
1128 364 65 41 vif
1212 362 133 55 qu'on
1370 367 120 49 prête
1526 364 244 40 volontiers
1810 378 83 26 aux
1916 359 189 44 Méridio-

126 446 137 26 naux.
294 431 96 41 Elle
406 441 80 36 est,
514 446 55 27 au
594 434 232 48 contraire,
847 433 115 40 lente
992 442 40 31 et
1056 433 244 41 solennelle
1322 431 68 54 (60
1415 446 80 39 pas
1526 437 22 35 à
1583 432 38 40 la
1644 432 203 53 minute).

183 499 73 42 XL
367 499 220 53 L'hymne
611 501 200 40 national
836 503 233 50 portugais
1100 501 107 42 offre
1248 503 224 52 plusieurs
1509 501 327 52 particularités
1871 499 258 52 originales.

128 568 119 41 C'est
263 569 115 40 Dom
409 569 145 40 Pedro
581 568 12 41 lerI
599 574 32 18 er
656 567 167 54 (monté
844 583 75 27 sur
943 570 37 40 le
999 573 125 37 trône
1148 584 54 27 en
1231 574 119 47 1826)
1377 572 74 51 qui
1490 571 36 39 le
1548 583 209 38 composa
1794 584 54 26 en
1877 574 118 44 1822,
2019 582 113 39 pour

129 637 232 41 célébrera
385 638 38 39 la
446 638 85 40 fois
564 639 37 39 la
625 640 156 50 patrie,
808 638 38 40 le
871 638 84 41 Roi
998 647 41 32 et
1065 639 40 40 la
1142 638 322 42 Constitution.
1503 638 80 41 Cet
1615 639 164 52 hymne
1822 654 21 25 a
1884 639 171 40 l'allure
2078 637 54 40 de

128 705 185 42 l'ancien
336 706 92 40 aria
451 707 152 40 italien
630 718 9 38 ;
665 715 41 32 et
729 707 28 40 il
781 708 196 39 contient
1000 722 59 26 un
1083 720 193 39 passage
1300 719 8 26 :
1338 720 19 25 «
1388 707 121 48 Viva,
1542 707 112 48 viva,
1679 707 93 40 viva
1796 722 23 25 o
1842 707 88 53 Rey
1951 705 16 40 !
1991 722 18 21 »
2036 707 94 52 qui,

128 775 353 49 musicalement,
508 788 46 27 se
578 783 204 33 retrouve
806 775 55 41 tel
887 775 100 53 quel
1012 776 112 40 dans
1144 776 195 52 l'hymne
1359 776 198 40 national
1580 790 157 36 grec...

183 842 94 42 XXI.
293 842 165 42 Divers.
560 842 86 41 Les
669 842 226 53 Hongrois
918 857 112 27 nous
1046 842 275 43 fournissent
1343 859 60 25 un
1427 844 198 52 exemple
1650 846 177 39 curieux
1863 846 75 51 qui
1961 851 170 45 permet

128 911 52 40 de
202 913 113 46 voir,
340 911 113 40 dans
475 925 86 27 une
583 913 195 39 certaine
797 925 190 35 mesure,
1008 926 48 27 ce
1081 926 85 38 que
1189 911 103 41 c'est
1307 912 162 52 qu'une
1493 913 191 40 mélodie
1707 912 230 53 populaire
1959 912 172 50 (œuvre

128 979 215 41 collective
361 994 80 38 par
464 994 47 26 sa
541 978 319 53 signification,
893 982 114 39 mais
1042 980 281 40 individuelle
1345 994 53 26 en
1422 990 93 31 tant
1549 982 228 51 qu'oeuvre
1799 981 249 49 musicale).
2075 979 56 42 Ils

129 1056 76 32 ont
228 1063 59 26 un
303 1048 166 53 hymne
486 1049 217 49 national,
724 1051 218 51 puissant,
962 1055 89 34 très
1067 1049 115 41 beau
1210 1048 111 53 (qui,
1334 1049 131 40 détail
1483 1051 193 49 curieux,
1693 1048 96 42 finit
1802 1063 54 27 en
1874 1048 256 56 pianissimo

129 1117 190 52 délicat).
357 1117 82 41 Cet
477 1117 182 53 hymne,
696 1120 75 50 qui
797 1133 21 25 a
841 1118 238 53 supplanté
1100 1118 40 40 la
1168 1117 201 41 fameuse
1392 1118 177 39 marche
1592 1118 54 39 de
1671 1117 215 54 Racoczy,
1911 1126 66 33 est
2000 1118 39 40 le
2062 1121 46 37 ré-

129 1185 134 41 sultat
285 1185 105 42 d'un
414 1199 217 28 concours
654 1186 173 49 officiel,
851 1188 182 39 institué
1055 1201 55 26 en
1138 1189 117 47 1842,
1281 1195 41 32 et
1354 1186 108 41 dont
1481 1187 40 39 le
1540 1188 248 51 vainqueur
1809 1187 65 41 fut
1895 1187 38 40 le
1953 1199 150 40 compo-

129 1255 137 40 siteur
291 1255 195 40 national
520 1255 141 40 Franz
698 1254 136 41 Erkel
870 1256 294 50 (1810-1893).
1190 1253 63 42 La
1279 1256 205 40 tessiture
1505 1255 52 40 de
1581 1265 65 30 cet
1662 1256 165 51 hymne
1849 1265 65 31 est
1937 1268 194 40 presque

128 1322 131 41 d'une
279 1333 152 31 octave
451 1333 40 31 et
510 1324 162 49 demie,
693 1337 48 27 ce
764 1325 76 51 qui
860 1333 65 31 est
949 1326 227 38 rarissime
1195 1323 113 41 dans
1330 1324 62 40 les
1416 1325 87 38 airs
1524 1324 258 52 populaires
1803 1335 11 39 ;
1836 1324 29 40 il
1888 1338 22 26 a
1933 1325 80 39 des
2032 1337 75 39 syn-

129 1404 148 40 copes,
301 1392 211 52 adaptées
533 1396 20 36 à
579 1392 40 40 la
653 1394 163 49 langue
854 1393 246 50 hongroise
1119 1401 41 32 et
1183 1394 76 51 qui
1284 1394 251 50 paraissent
1555 1391 196 42 bizarres
1771 1393 151 52 quand
1955 1392 40 41 le
2018 1401 115 32 texte

129 1470 66 31 est
218 1461 163 40 traduit
414 1461 112 40 dans
550 1474 85 28 une
660 1471 124 31 autre
816 1461 182 51 langue.

185 1528 69 41 En
279 1532 120 48 1844,
425 1540 189 42 apparut
649 1545 61 25 un
749 1531 163 40 second
952 1531 167 52 hymne
1150 1529 214 52 national,
1393 1531 108 40 sorti
1542 1529 61 42 lui
1627 1531 122 40 aussi
1771 1529 106 42 d'un
1917 1543 214 28 concours

131 1597 154 40 officiel
308 1598 108 40 dont
439 1598 40 40 le
500 1601 251 50 vainqueur
764 1599 64 41 fut
848 1599 39 40 le
909 1600 218 40 musicien
1147 1598 238 53 Benjamin
1409 1597 199 54 Egressy
1641 1597 293 55 (1814-1851).

186 1665 117 42 Sans
323 1680 157 39 passer
497 1680 55 28 en
576 1681 131 28 revue
732 1676 100 33 tous
875 1668 64 40 les
980 1666 142 50 Etats,
1164 1669 39 52 je
1242 1667 259 52 signalerai,
1526 1680 113 39 pour
1661 1670 225 46 terminer,
1913 1668 218 53 quelques

131 1736 245 40 curiosités.

185 1803 63 41 La
272 1803 139 43 Grèce
435 1819 22 26 a
479 1820 59 26 un
562 1804 165 53 hymne
743 1804 216 49 national,
983 1819 61 27 un
1063 1818 20 25 «
1107 1805 165 52 hymne
1289 1805 53 41 de
1378 1805 40 41 la
1441 1804 156 42 liberté
1619 1818 36 38 »,
1679 1810 211 48 composé
1913 1806 135 52 (pour
2070 1805 61 41 les

131 1873 195 52 paroles)
362 1886 54 28 en
441 1877 120 49 1823,
587 1888 80 39 par
688 1873 243 54 Dionysios
955 1872 231 43 Solomos.
1215 1873 120 42 C'est
1376 1874 195 52 l'hymriê
1601 1874 39 40 le
1661 1874 99 52 plus
1784 1874 106 51 long
1909 1888 87 38 que
2018 1888 115 28 nous

131 1943 328 40 connaissions.
486 1942 32 40 Il
533 1940 65 43 n'a
623 1956 80 40 pas
726 1945 147 38 moins
896 1943 54 40 de
974 1946 73 48 158
1066 1943 204 52 strophes
1294 1943 54 40 de
1362 1957 24 37 4
1408 1956 101 27 vers
1532 1943 211 40 chacune.
1763 1942 63 41 La
1850 1945 208 51 musique
2079 1957 53 27 en

130 2009 65 42 fut
218 2012 132 40 écrite
373 2010 231 54 beaucoup
628 2011 100 53 plus
749 2011 112 47 tard,
886 2025 54 27 en
962 2015 119 47 1844,
1105 2026 80 38 par
1218 2010 212 43 Nicolaos
1462 2010 257 42 Mantzaros
1738 2011 296 55 (1795-1872),
2057 2013 76 51 qui

134 2081 116 39 avait
268 2079 79 41 fait
368 2090 142 31 toutes
529 2093 70 28 ses
620 2081 155 40 études
808 2080 239 41 musicales
1085 2093 53 28 en
1163 2080 123 41 Italie
1324 2095 9 34 ;
1375 2078 195 55 l'hymne
1592 2093 103 38 grec
1717 2079 92 42 s'en
1828 2089 66 32 est
1916 2082 189 39 ressenti
2121 2083 9 36 !

185 2147 220 53 L'hymne
428 2149 199 40 national
647 2149 54 40 de
723 2148 214 49 Bohême,
959 2149 176 52 paroles
1158 2149 53 40 de
1223 2147 122 56 J.-H.
1368 2147 96 54 Tyl,
1482 2150 208 51 musique
1710 2149 54 40 de
1785 2149 141 40 Franz
1951 2147 179 54 Skroup

131 2215 294 55 (1801-1862),
449 2217 108 41 offre
580 2226 111 32 cette
714 2217 302 52 particularité
1103 2231 55 27 en
1171 2232 60 26 un
1263 2231 110 39 pays
1396 2223 56 35 où
1476 2217 39 40 le
1529 2215 240 43 fanatisme
1792 2217 214 51 religieux
2029 2225 42 33 et
2090 2217 40 41 la

131 2299 160 37 guerre
309 2295 75 31 ont
407 2282 79 45 fait
510 2300 106 37 rage
633 2309 53 5 -
709 2284 137 43 d'être
868 2299 87 27 une
976 2286 136 52 idylle
1147 2291 57 36 où
1242 2285 89 41 l'on
1351 2286 158 40 chante
1539 2286 63 40 les
1625 2284 184 43 beautés
1833 2288 299 51 pittoresques

131 2354 59 41 du
211 2368 123 39 pays.

188 2422 70 42 En
282 2423 223 51 Pologne,
521 2424 29 40 il
582 2439 27 37 y
626 2438 22 27 a
668 2438 56 27 au
756 2425 147 40 moins
921 2425 108 39 trois
1051 2423 190 53 hymnes
1258 2425 265 39 nationaux.
1550 2422 64 42 Le
1636 2425 195 52 premier
1848 2433 66 33 est
1938 2424 53 41 de
2013 2438 118 39 1797,

131 2497 157 47 poème
308 2502 40 31 et
372 2494 207 51 musique
599 2493 58 40 du
673 2493 182 51 général
879 2491 229 54 Wybicki.
1134 2491 32 41 Il
1189 2491 64 41 fut
1276 2492 160 41 chanté
1458 2505 113 40 pour
1585 2493 38 40 la
1646 2495 218 50 première
1883 2493 85 41 fois
1992 2507 79 39 par
2093 2493 40 40 la

132 2560 174 52 Légion
324 2561 234 52 polonaise
590 2560 169 43 formée
781 2575 54 28 en
851 2561 123 41 Italie
997 2575 79 38 par
1098 2561 40 40 le
1157 2561 182 51 général
1375 2560 318 41 Dombrowski
1732 2575 106 28 sous
1862 2562 270 53 Bonaparte.

134 2628 31 41 Il
189 2631 112 40 n'est
322 2630 247 42 nullement
592 2644 20 25 «
637 2631 378 41 révolutionnaire
1039 2643 38 27 ».
1102 2629 64 41 Le
1189 2630 179 48 second,
1391 2643 151 28 œuvre
1558 2631 213 40 musicale
1790 2631 54 40 de
1869 2630 265 54 Kurpinski,

133 2698 106 41 offre
262 2714 60 25 un
360 2712 74 27 cas
474 2704 200 46 étrange.
714 2697 118 44 C'est
868 2699 39 40 la
952 2699 314 52 reproduction
1299 2704 86 35 très
1420 2699 362 40 reconnaissable
1803 2700 54 40 de
1880 2700 39 40 la
1945 2700 192 41 mélodie

132 2766 11 53 (
157 2766 138 49 Qu'on
308 2767 83 40 soit
407 2767 163 50 jalouse
577 2799 45 9 ...
634 2768 9 52 )
657 2770 74 51 qui
746 2782 46 26 se
803 2777 154 32 trouve
970 2768 112 40 dans
1098 2765 224 55 l'opérette
1335 2767 217 52 française
1566 2768 52 40 de
1629 2767 113 55 J.-P.
1754 2766 138 51 Solié,
1905 2768 59 40 Le
1975 2768 158 52 Secret,

133 2850 139 38 parue
291 2850 54 27 en
374 2851 117 39 1797.
514 2836 61 42 M.
596 2836 196 54 Tappert
812 2838 109 40 croit
941 2834 163 55 qu'une
1128 2846 156 43 troupe
1304 2837 52 40 de
1389 2850 192 38 passage
1605 2851 22 26 a
1650 2841 127 48 porté
1799 2846 112 33 cette
1942 2838 194 41 mélodie

133 2919 54 27 en
219 2905 217 51 Pologne.
470 2905 49 54 Je
542 2907 115 39 crois
678 2906 143 52 plutôt
843 2919 86 39 que
954 2906 62 40 les
1039 2906 113 40 deux
1193 2914 135 32 textes
1354 2907 227 39 musicaux
1615 2914 76 33 ont
1712 2919 87 28 une
1823 2919 155 29 source
1996 2920 140 40 popu-

134 2975 107 39 laire
264 2987 253 37 commune,
543 2984 40 31 et
607 2983 110 32 cette
738 2988 154 27 source
910 2987 113 28 nous
1043 2983 66 32 est
1138 2975 237 40 inconnue.

1467 2973 40 54 J.
1533 2973 52 41 C.

1382 3496 58 41 Le
1464 3497 161 42 Gérant
1646 3513 9 26 :
1710 3498 51 41 A.
1790 3499 201 49 REBECQ.

891 3599 102 29 Pôitiers.
1009 3610 17 9 -
1038 3600 84 29 Société
1138 3601 106 34 française
1257 3604 151 31 d'lmprimerie
