<?xml version="1.0" encoding="UTF-8"?>
<alto xmlns:xsi="http://www.w3.org/2001/XMLSchema-instance" xmlns="http://www.loc.gov/standards/alto/ns-v2#" xsi:schemaLocation="http://www.loc.gov/standards/alto/ns-v2# http://www.loc.gov/standards/alto/alto-v2.0.xsd" xmlns:xlink="http://www.w3.org/1999/xlink">
	<Description>
		<MeasurementUnit>mm10</MeasurementUnit>
		<sourceImageInformation>
			<fileName>//fileserver7/IN2-2/Princeton/bmtnabj/1909/11/01_01/00000505.tif</fileName>
		</sourceImageInformation>
		<OCRProcessing ID="OCRPROCESSING_1">
			<preProcessingStep>
				<processingSoftware>
					<softwareCreator>CCS Content Conversion Specialists GmbH, Germany</softwareCreator>
					<softwareName>CCS docWorks</softwareName>
					<softwareVersion>6.7-1.20</softwareVersion>
				</processingSoftware>
			</preProcessingStep>
			<ocrProcessingStep>
				<processingSoftware>
					<softwareCreator>ABBYY (BIT Software), Russia</softwareCreator>
					<softwareName>FineReader</softwareName>
					<softwareVersion>10.0</softwareVersion>
				</processingSoftware>
			</ocrProcessingStep>
		</OCRProcessing>
	</Description>
	<Styles>
		<TextStyle ID="TXT_0" FONTSIZE="14" FONTFAMILY="Times New Roman"/>
		<TextStyle ID="TXT_1" FONTSIZE="13" FONTFAMILY="Times New Roman"/>
		<TextStyle ID="TXT_2" FONTSIZE="14" FONTFAMILY="Times New Roman" FONTSTYLE="italics"/>
		<TextStyle ID="TXT_3" FONTSIZE="16" FONTFAMILY="Times New Roman"/>
		<TextStyle ID="TXT_4" FONTSIZE="12" FONTFAMILY="Times New Roman"/>
		<ParagraphStyle ID="PAR_RIGHT" ALIGN="Right"/>
		<ParagraphStyle ID="PAR_CENTER" ALIGN="Center"/>
		<ParagraphStyle ID="PAR_LEFT" ALIGN="Left"/>
		<ParagraphStyle ID="PAR_BLOCK" ALIGN="Block"/>
	</Styles>
	<Layout>
		<Page ID="P7" PHYSICAL_IMG_NR="7" HEIGHT="3881" WIDTH="2261" PRINTED_IMG_NR="489" PC="0.926">
			<TopMargin ID="P7_TM00001" HPOS="0" VPOS="0" WIDTH="2261" HEIGHT="322">
				<TextBlock ID="P7_TB00001" HPOS="2050" VPOS="271" WIDTH="79" HEIGHT="48" STYLEREFS="TXT_0 PAR_RIGHT">
					<TextLine ID="P7_TL00001" HPOS="2050" VPOS="272" WIDTH="79" HEIGHT="47">
						<String ID="P7_ST00001" HPOS="2050" VPOS="272" WIDTH="79" HEIGHT="47" CONTENT="489" WC="0.56" CC="245"/>
					</TextLine>
				</TextBlock>
				<TextBlock ID="P7_TB00002" HPOS="660" VPOS="276" WIDTH="990" HEIGHT="36" STYLEREFS="TXT_1 PAR_CENTER">
					<TextLine ID="P7_TL00002" HPOS="660" VPOS="276" WIDTH="990" HEIGHT="36">
						<String ID="P7_ST00002" HPOS="660" VPOS="276" WIDTH="271" HEIGHT="36" CONTENT="EXÉCUTIONS" WC="0.99" CC="2663665000"/>
						<SP ID="P7_SP00001" HPOS="931" VPOS="312" WIDTH="35"/>
						<String ID="P7_ST00003" HPOS="966" VPOS="286" WIDTH="50" HEIGHT="26" CONTENT="ET" WC="0.73" CC="05"/>
						<SP ID="P7_SP00002" HPOS="1016" VPOS="312" WIDTH="31"/>
						<String ID="P7_ST00004" HPOS="1047" VPOS="285" WIDTH="317" HEIGHT="27" CONTENT="PUBLICATIONS" WC="0.99" CC="263444401000"/>
						<SP ID="P7_SP00003" HPOS="1364" VPOS="312" WIDTH="33"/>
						<String ID="P7_ST00005" HPOS="1397" VPOS="283" WIDTH="253" HEIGHT="29" CONTENT="NOUVELLES" WC="0.99" CC="300220600"/>
					</TextLine>
				</TextBlock>
			</TopMargin>
			<LeftMargin ID="P7_LM00001" HPOS="0" VPOS="322" WIDTH="150" HEIGHT="3276"/>
			<RightMargin ID="P7_RM00001" HPOS="2130" VPOS="322" WIDTH="131" HEIGHT="3276"/>
			<BottomMargin ID="P7_BM00001" HPOS="0" VPOS="3598" WIDTH="2261" HEIGHT="283"/>
			<PrintSpace ID="P7_PS00001" HPOS="150" VPOS="322" WIDTH="1980" HEIGHT="3276">
				<TextBlock ID="P7_TB00003" HPOS="161" VPOS="366" WIDTH="1969" HEIGHT="132" STYLEREFS="TXT_0 PAR_LEFT">
					<TextLine ID="P7_TL00003" HPOS="164" VPOS="366" WIDTH="1964" HEIGHT="64">
						<String ID="P7_ST00006" HPOS="164" VPOS="376" WIDTH="121" HEIGHT="31" CONTENT="teuse" WC="0.97" CC="01000"/>
						<SP ID="P7_SP00004" HPOS="285" VPOS="407" WIDTH="30"/>
						<String ID="P7_ST00007" HPOS="315" VPOS="366" WIDTH="59" HEIGHT="53" CONTENT="(je" WC="0.97" CC="430"/>
						<SP ID="P7_SP00005" HPOS="374" VPOS="419" WIDTH="19"/>
						<String ID="P7_ST00008" HPOS="393" VPOS="382" WIDTH="54" HEIGHT="27" CONTENT="ne" WC="0.87" CC="20"/>
						<SP ID="P7_SP00006" HPOS="447" VPOS="419" WIDTH="23"/>
						<String ID="P7_ST00009" HPOS="470" VPOS="371" WIDTH="61" HEIGHT="40" CONTENT="les" WC="0.95" CC="705"/>
						<SP ID="P7_SP00007" HPOS="531" VPOS="419" WIDTH="23"/>
						<String ID="P7_ST00010" HPOS="554" VPOS="378" WIDTH="244" HEIGHT="36" CONTENT="nommerai" WC="1.00" CC="00000400"/>
						<SP ID="P7_SP00008" HPOS="798" VPOS="419" WIDTH="25"/>
						<String ID="P7_ST00011" HPOS="823" VPOS="378" WIDTH="96" HEIGHT="49" CONTENT="pas)" WC="1.00" CC="0000"/>
						<SP ID="P7_SP00009" HPOS="919" VPOS="427" WIDTH="20"/>
						<String ID="P7_ST00012" HPOS="939" VPOS="379" WIDTH="91" HEIGHT="50" CONTENT="qui," WC="0.98" CC="0704"/>
						<SP ID="P7_SP00010" HPOS="1030" VPOS="429" WIDTH="25"/>
						<String ID="P7_ST00013" HPOS="1055" VPOS="376" WIDTH="102" HEIGHT="41" CONTENT="bien" WC="0.99" CC="0400"/>
						<SP ID="P7_SP00011" HPOS="1157" VPOS="429" WIDTH="28"/>
						<String ID="P7_ST00014" HPOS="1185" VPOS="378" WIDTH="292" HEIGHT="50" CONTENT="inutilement," WC="0.99" CC="305621001643"/>
						<SP ID="P7_SP00012" HPOS="1477" VPOS="429" WIDTH="23"/>
						<String ID="P7_ST00015" HPOS="1500" VPOS="386" WIDTH="74" HEIGHT="32" CONTENT="ont" WC="0.98" CC="005"/>
						<SP ID="P7_SP00013" HPOS="1574" VPOS="429" WIDTH="16"/>
						<String ID="P7_ST00016" HPOS="1590" VPOS="380" WIDTH="235" HEIGHT="50" CONTENT="interprété" WC="1.00" CC="0231700000"/>
						<SP ID="P7_SP00014" HPOS="1825" VPOS="430" WIDTH="17"/>
						<String ID="P7_ST00017" HPOS="1842" VPOS="378" WIDTH="39" HEIGHT="39" CONTENT="la" WC="0.89" CC="20"/>
						<SP ID="P7_SP00015" HPOS="1881" VPOS="430" WIDTH="26"/>
						<String ID="P7_ST00018" HPOS="1907" VPOS="378" WIDTH="221" HEIGHT="40" CONTENT="troisième" WC="1.00" CC="300002700"/>
					</TextLine>
					<TextLine ID="P7_TL00004" HPOS="163" VPOS="435" WIDTH="1965" HEIGHT="62">
						<String ID="P7_ST00019" HPOS="163" VPOS="440" WIDTH="127" HEIGHT="35" CONTENT="scène" WC="0.99" CC="04000"/>
						<SP ID="P7_SP00016" HPOS="290" VPOS="475" WIDTH="15"/>
						<String ID="P7_ST00020" HPOS="305" VPOS="435" WIDTH="57" HEIGHT="40" CONTENT="du" WC="0.84" CC="03"/>
						<SP ID="P7_SP00017" HPOS="362" VPOS="475" WIDTH="17"/>
						<String ID="P7_ST00021" HPOS="379" VPOS="440" WIDTH="190" HEIGHT="49" CONTENT="premier" WC="1.00" CC="0000003"/>
						<SP ID="P7_SP00018" HPOS="569" VPOS="489" WIDTH="22"/>
						<String ID="P7_ST00022" HPOS="591" VPOS="449" WIDTH="91" HEIGHT="33" CONTENT="acte" WC="0.97" CC="0066"/>
						<SP ID="P7_SP00019" HPOS="682" VPOS="489" WIDTH="23"/>
						<String ID="P7_ST00023" HPOS="705" VPOS="442" WIDTH="52" HEIGHT="40" CONTENT="de" WC="1.00" CC="00"/>
						<SP ID="P7_SP00020" HPOS="757" VPOS="489" WIDTH="23"/>
						<String ID="P7_ST00024" HPOS="780" VPOS="443" WIDTH="39" HEIGHT="39" CONTENT="la" WC="0.78" CC="40"/>
						<SP ID="P7_SP00021" HPOS="819" VPOS="489" WIDTH="27"/>
						<String ID="P7_ST00025" HPOS="846" VPOS="443" WIDTH="250" HEIGHT="54" CONTENT="Walkyrieï" WC="0.79" CC="300500008" STYLEREFS="TXT_2"/>
						<SP ID="P7_SP00022" HPOS="1096" VPOS="497" WIDTH="21"/>
						<String ID="P7_ST00026" HPOS="1117" VPOS="443" WIDTH="54" HEIGHT="43" CONTENT="Ni" WC="1.00" CC="00"/>
						<SP ID="P7_SP00023" HPOS="1171" VPOS="497" WIDTH="25"/>
						<String ID="P7_ST00027" HPOS="1196" VPOS="446" WIDTH="88" HEIGHT="40" CONTENT="l'un" WC="0.98" CC="4007"/>
						<SP ID="P7_SP00024" HPOS="1284" VPOS="497" WIDTH="16"/>
						<String ID="P7_ST00028" HPOS="1300" VPOS="447" WIDTH="41" HEIGHT="39" CONTENT="ni" WC="0.80" CC="30"/>
						<SP ID="P7_SP00025" HPOS="1341" VPOS="497" WIDTH="21"/>
						<String ID="P7_ST00029" HPOS="1362" VPOS="447" WIDTH="152" HEIGHT="39" CONTENT="l'autre" WC="0.99" CC="1002581"/>
						<SP ID="P7_SP00026" HPOS="1514" VPOS="497" WIDTH="34"/>
						<String ID="P7_ST00030" HPOS="1548" VPOS="446" WIDTH="218" HEIGHT="40" CONTENT="n'avaient" WC="0.99" CC="440003265"/>
						<SP ID="P7_SP00027" HPOS="1766" VPOS="497" WIDTH="23"/>
						<String ID="P7_ST00031" HPOS="1789" VPOS="459" WIDTH="119" HEIGHT="27" CONTENT="assez" WC="1.00" CC="00000"/>
						<SP ID="P7_SP00028" HPOS="1908" VPOS="497" WIDTH="40"/>
						<String ID="P7_ST00032" HPOS="1948" VPOS="446" WIDTH="53" HEIGHT="38" CONTENT="de" WC="1.00" CC="00"/>
						<SP ID="P7_SP00029" HPOS="2001" VPOS="497" WIDTH="29"/>
						<String ID="P7_ST00033" HPOS="2030" VPOS="446" WIDTH="98" HEIGHT="38" CONTENT="voix" WC="0.99" CC="0030"/>
					</TextLine>
				</TextBlock>
				<TextBlock ID="P7_TB00004" HPOS="160" VPOS="503" WIDTH="547" HEIGHT="57" STYLEREFS="TXT_0 PAR_LEFT">
					<TextLine ID="P7_TL00005" HPOS="161" VPOS="505" WIDTH="474" HEIGHT="52">
						<String ID="P7_ST00034" HPOS="161" VPOS="516" WIDTH="112" HEIGHT="41" CONTENT="pour" WC="0.98" CC="8010"/>
						<SP ID="P7_SP00030" HPOS="273" VPOS="557" WIDTH="18"/>
						<String ID="P7_ST00035" HPOS="291" VPOS="505" WIDTH="180" HEIGHT="52" CONTENT="pareille" WC="1.00" CC="00004060"/>
						<SP ID="P7_SP00031" HPOS="471" VPOS="557" WIDTH="25"/>
						<String ID="P7_ST00036" HPOS="496" VPOS="508" WIDTH="139" HEIGHT="40" CONTENT="tâche." WC="0.99" CC="120004"/>
						<SP ID="P7_SP00032" HPOS="635" VPOS="557" WIDTH="0"/>
					</TextLine>
				</TextBlock>
				<TextBlock ID="P7_TB00005" HPOS="724" VPOS="507" WIDTH="146" HEIGHT="66" STYLEREFS="TXT_3 PAR_LEFT">
					<TextLine ID="P7_TL00006" HPOS="725" VPOS="509" WIDTH="142" HEIGHT="42">
						<String ID="P7_ST00037" HPOS="725" VPOS="509" WIDTH="56" HEIGHT="41" CONTENT="L." WC="0.71" CC="23"/>
						<SP ID="P7_SP00033" HPOS="781" VPOS="550" WIDTH="34"/>
						<String ID="P7_ST00038" HPOS="815" VPOS="510" WIDTH="52" HEIGHT="41" CONTENT="H." WC="0.71" CC="50"/>
					</TextLine>
				</TextBlock>
				<TextBlock ID="P7_TB00006" HPOS="150" VPOS="638" WIDTH="1977" HEIGHT="2960" STYLEREFS="TXT_0 PAR_BLOCK">
					<TextLine ID="P7_TL00007" HPOS="215" VPOS="639" WIDTH="1910" HEIGHT="48">
						<String ID="P7_ST00039" HPOS="215" VPOS="639" WIDTH="155" HEIGHT="42" CONTENT="NOTRE" WC="0.99" CC="25010" STYLEREFS="TXT_4"/>
						<SP ID="P7_SP00034" HPOS="370" VPOS="681" WIDTH="34"/>
						<String ID="P7_ST00040" HPOS="404" VPOS="649" WIDTH="286" HEIGHT="36" CONTENT="SUPPLÉMENT" WC="0.99" CC="0604767604" STYLEREFS="TXT_4"/>
						<SP ID="P7_SP00035" HPOS="690" VPOS="685" WIDTH="32"/>
						<String ID="P7_ST00041" HPOS="722" VPOS="660" WIDTH="203" HEIGHT="27" CONTENT="MUSICAL." WC="0.99" CC="24043054" STYLEREFS="TXT_4"/>
						<SP ID="P7_SP00036" HPOS="925" VPOS="687" WIDTH="118"/>
						<String ID="P7_ST00042" HPOS="1043" VPOS="646" WIDTH="60" HEIGHT="40" CONTENT="M." WC="0.98" CC="00"/>
						<SP ID="P7_SP00037" HPOS="1103" VPOS="687" WIDTH="35"/>
						<String ID="P7_ST00043" HPOS="1138" VPOS="646" WIDTH="211" HEIGHT="40" CONTENT="AUGUSTE" WC="1.00" CC="0000000" STYLEREFS="TXT_4"/>
						<SP ID="P7_SP00038" HPOS="1349" VPOS="687" WIDTH="33"/>
						<String ID="P7_ST00044" HPOS="1382" VPOS="646" WIDTH="212" HEIGHT="41" CONTENT="CHAPUIS." WC="0.80" CC="04000604" STYLEREFS="TXT_4"/>
						<SP ID="P7_SP00039" HPOS="1594" VPOS="687" WIDTH="119"/>
						<String ID="P7_ST00045" HPOS="1713" VPOS="646" WIDTH="115" HEIGHT="40" CONTENT="Avec" WC="0.99" CC="0130"/>
						<SP ID="P7_SP00040" HPOS="1828" VPOS="687" WIDTH="30"/>
						<String ID="P7_ST00046" HPOS="1858" VPOS="647" WIDTH="38" HEIGHT="39" CONTENT="la" WC="0.47" CC="55"/>
						<SP ID="P7_SP00041" HPOS="1896" VPOS="687" WIDTH="35"/>
						<String ID="P7_ST00047" HPOS="1931" VPOS="647" WIDTH="109" HEIGHT="39" CONTENT="suite" WC="0.98" CC="34150"/>
						<SP ID="P7_SP00042" HPOS="2040" VPOS="687" WIDTH="29"/>
						<String ID="P7_ST00048" HPOS="2069" VPOS="645" WIDTH="56" HEIGHT="40" CONTENT="du" WC="0.87" CC="02"/>
					</TextLine>
					<TextLine ID="P7_TL00008" HPOS="160" VPOS="709" WIDTH="1962" HEIGHT="57">
						<String ID="P7_ST00049" HPOS="160" VPOS="709" WIDTH="228" HEIGHT="40" CONTENT="charmant" WC="0.99" CC="00504263"/>
						<SP ID="P7_SP00043" HPOS="388" VPOS="749" WIDTH="20"/>
						<String ID="P7_ST00050" HPOS="408" VPOS="714" WIDTH="133" HEIGHT="47" CONTENT="opéra" WC="0.98" CC="00651"/>
						<SP ID="P7_SP00044" HPOS="541" VPOS="761" WIDTH="21"/>
						<String ID="P7_ST00051" HPOS="562" VPOS="712" WIDTH="53" HEIGHT="40" CONTENT="de" WC="0.79" CC="04"/>
						<SP ID="P7_SP00045" HPOS="615" VPOS="761" WIDTH="20"/>
						<String ID="P7_ST00052" HPOS="635" VPOS="712" WIDTH="254" HEIGHT="54" CONTENT="Monsigny," WC="0.73" CC="008050703"/>
						<SP ID="P7_SP00046" HPOS="889" VPOS="766" WIDTH="26"/>
						<String ID="P7_ST00053" HPOS="915" VPOS="714" WIDTH="40" HEIGHT="39" CONTENT="la" WC="1.00" CC="00" STYLEREFS="TXT_2"/>
						<SP ID="P7_SP00047" HPOS="955" VPOS="766" WIDTH="21"/>
						<String ID="P7_ST00054" HPOS="976" VPOS="714" WIDTH="118" HEIGHT="40" CONTENT="Belle" WC="0.99" CC="04006" STYLEREFS="TXT_2"/>
						<SP ID="P7_SP00048" HPOS="1094" VPOS="766" WIDTH="18"/>
						<String ID="P7_ST00055" HPOS="1112" VPOS="714" WIDTH="160" HEIGHT="39" CONTENT="Arsène" WC="0.99" CC="005025" STYLEREFS="TXT_2"/>
						<SP ID="P7_SP00049" HPOS="1272" VPOS="766" WIDTH="24"/>
						<String ID="P7_ST00056" HPOS="1296" VPOS="713" WIDTH="158" HEIGHT="53" CONTENT="(1777)," WC="0.57" CC="6404444"/>
						<SP ID="P7_SP00050" HPOS="1454" VPOS="766" WIDTH="35"/>
						<String ID="P7_ST00057" HPOS="1489" VPOS="715" WIDTH="105" HEIGHT="40" CONTENT="dont" WC="0.97" CC="0455"/>
						<SP ID="P7_SP00051" HPOS="1594" VPOS="766" WIDTH="34"/>
						<String ID="P7_ST00058" HPOS="1628" VPOS="722" WIDTH="124" HEIGHT="32" CONTENT="notre" WC="1.00" CC="00000"/>
						<SP ID="P7_SP00052" HPOS="1752" VPOS="766" WIDTH="33"/>
						<String ID="P7_ST00059" HPOS="1785" VPOS="713" WIDTH="337" HEIGHT="46" CONTENT="collaborateur," WC="1.00" CC="00300037060403"/>
					</TextLine>
					<TextLine ID="P7_TL00009" HPOS="161" VPOS="775" WIDTH="1963" HEIGHT="58">
						<String ID="P7_ST00060" HPOS="161" VPOS="775" WIDTH="60" HEIGHT="41" CONTENT="M." WC="1.00" CC="00"/>
						<SP ID="P7_SP00053" HPOS="221" VPOS="816" WIDTH="22"/>
						<String ID="P7_ST00061" HPOS="243" VPOS="775" WIDTH="134" HEIGHT="41" CONTENT="Henri" WC="0.98" CC="60500"/>
						<SP ID="P7_SP00054" HPOS="377" VPOS="816" WIDTH="34"/>
						<String ID="P7_ST00062" HPOS="411" VPOS="775" WIDTH="221" HEIGHT="53" CONTENT="Quittard," WC="0.88" CC="020230200"/>
						<SP ID="P7_SP00055" HPOS="632" VPOS="828" WIDTH="28"/>
						<String ID="P7_ST00063" HPOS="660" VPOS="794" WIDTH="20" HEIGHT="25" CONTENT="a" WC="1.00" CC="0"/>
						<SP ID="P7_SP00056" HPOS="680" VPOS="828" WIDTH="26"/>
						<String ID="P7_ST00064" HPOS="706" VPOS="779" WIDTH="75" HEIGHT="41" CONTENT="fait" WC="0.99" CC="2003"/>
						<SP ID="P7_SP00057" HPOS="781" VPOS="828" WIDTH="19"/>
						<String ID="P7_ST00065" HPOS="800" VPOS="795" WIDTH="112" HEIGHT="37" CONTENT="pour" WC="0.98" CC="5040"/>
						<SP ID="P7_SP00058" HPOS="912" VPOS="832" WIDTH="22"/>
						<String ID="P7_ST00066" HPOS="934" VPOS="782" WIDTH="37" HEIGHT="39" CONTENT="la" WC="0.58" CC="62"/>
						<SP ID="P7_SP00059" HPOS="971" VPOS="832" WIDTH="26"/>
						<String ID="P7_ST00067" HPOS="997" VPOS="783" WIDTH="212" HEIGHT="50" CONTENT="première" WC="0.99" CC="00001790"/>
						<SP ID="P7_SP00060" HPOS="1209" VPOS="833" WIDTH="33"/>
						<String ID="P7_ST00068" HPOS="1242" VPOS="781" WIDTH="84" HEIGHT="40" CONTENT="fois" WC="0.99" CC="0040"/>
						<SP ID="P7_SP00061" HPOS="1326" VPOS="833" WIDTH="20"/>
						<String ID="P7_ST00069" HPOS="1346" VPOS="782" WIDTH="37" HEIGHT="39" CONTENT="la" WC="0.33" CC="49"/>
						<SP ID="P7_SP00062" HPOS="1383" VPOS="833" WIDTH="24"/>
						<String ID="P7_ST00070" HPOS="1407" VPOS="783" WIDTH="223" HEIGHT="39" CONTENT="réduction" WC="0.99" CC="060400406"/>
						<SP ID="P7_SP00063" HPOS="1630" VPOS="833" WIDTH="23"/>
						<String ID="P7_ST00071" HPOS="1653" VPOS="796" WIDTH="54" HEIGHT="25" CONTENT="au" WC="0.81" CC="03"/>
						<SP ID="P7_SP00064" HPOS="1707" VPOS="833" WIDTH="30"/>
						<String ID="P7_ST00072" HPOS="1737" VPOS="784" WIDTH="130" HEIGHT="49" CONTENT="piano" WC="0.99" CC="00342"/>
						<SP ID="P7_SP00065" HPOS="1867" VPOS="833" WIDTH="24"/>
						<String ID="P7_ST00073" HPOS="1891" VPOS="781" WIDTH="170" HEIGHT="51" CONTENT="d'après" WC="0.99" CC="0400060"/>
						<SP ID="P7_SP00066" HPOS="2061" VPOS="833" WIDTH="24"/>
						<String ID="P7_ST00074" HPOS="2085" VPOS="781" WIDTH="39" HEIGHT="39" CONTENT="la" WC="0.69" CC="60"/>
					</TextLine>
					<TextLine ID="P7_TL00010" HPOS="162" VPOS="846" WIDTH="1962" HEIGHT="55">
						<String ID="P7_ST00075" HPOS="162" VPOS="846" WIDTH="207" HEIGHT="50" CONTENT="partition" WC="1.00" CC="001100230"/>
						<SP ID="P7_SP00067" HPOS="369" VPOS="896" WIDTH="21"/>
						<String ID="P7_ST00076" HPOS="390" VPOS="847" WIDTH="231" HEIGHT="48" CONTENT="originale," WC="0.99" CC="0546203000"/>
						<SP ID="P7_SP00068" HPOS="621" VPOS="896" WIDTH="21"/>
						<String ID="P7_ST00077" HPOS="642" VPOS="861" WIDTH="111" HEIGHT="26" CONTENT="nous" WC="0.99" CC="0060"/>
						<SP ID="P7_SP00069" HPOS="753" VPOS="896" WIDTH="22"/>
						<String ID="P7_ST00078" HPOS="775" VPOS="851" WIDTH="263" HEIGHT="38" CONTENT="continuons" WC="0.99" CC="0040260062"/>
						<SP ID="P7_SP00070" HPOS="1038" VPOS="896" WIDTH="21"/>
						<String ID="P7_ST00079" HPOS="1059" VPOS="854" WIDTH="19" HEIGHT="34" CONTENT="à" WC="0.65" CC="3"/>
						<SP ID="P7_SP00071" HPOS="1078" VPOS="896" WIDTH="27"/>
						<String ID="P7_ST00080" HPOS="1105" VPOS="849" WIDTH="185" HEIGHT="52" CONTENT="publier," WC="0.99" CC="06750001"/>
						<SP ID="P7_SP00072" HPOS="1290" VPOS="901" WIDTH="22"/>
						<String ID="P7_ST00081" HPOS="1312" VPOS="862" WIDTH="110" HEIGHT="39" CONTENT="pour" WC="1.00" CC="0000"/>
						<SP ID="P7_SP00073" HPOS="1422" VPOS="901" WIDTH="20"/>
						<String ID="P7_ST00082" HPOS="1442" VPOS="847" WIDTH="156" HEIGHT="42" CONTENT="l'étude" WC="0.99" CC="7362000"/>
						<SP ID="P7_SP00074" HPOS="1598" VPOS="901" WIDTH="18"/>
						<String ID="P7_ST00083" HPOS="1616" VPOS="851" WIDTH="55" HEIGHT="38" CONTENT="du" WC="1.00" CC="00"/>
						<SP ID="P7_SP00075" HPOS="1671" VPOS="901" WIDTH="21"/>
						<String ID="P7_ST00084" HPOS="1692" VPOS="849" WIDTH="128" HEIGHT="40" CONTENT="chant" WC="0.98" CC="05043"/>
						<SP ID="P7_SP00076" HPOS="1820" VPOS="901" WIDTH="23"/>
						<String ID="P7_ST00085" HPOS="1843" VPOS="849" WIDTH="149" HEIGHT="40" CONTENT="choral" WC="1.00" CC="000013"/>
						<SP ID="P7_SP00077" HPOS="1992" VPOS="901" WIDTH="24"/>
						<String ID="P7_ST00086" HPOS="2016" VPOS="849" WIDTH="108" HEIGHT="39" CONTENT="dans" WC="1.00" CC="0000"/>
					</TextLine>
					<TextLine ID="P7_TL00011" HPOS="162" VPOS="912" WIDTH="1962" HEIGHT="57">
						<String ID="P7_ST00087" HPOS="162" VPOS="912" WIDTH="62" HEIGHT="40" CONTENT="les" WC="1.00" CC="000"/>
						<SP ID="P7_SP00078" HPOS="224" VPOS="952" WIDTH="23"/>
						<String ID="P7_ST00088" HPOS="247" VPOS="912" WIDTH="162" HEIGHT="40" CONTENT="classes" WC="0.99" CC="0440000"/>
						<SP ID="P7_SP00079" HPOS="409" VPOS="952" WIDTH="21"/>
						<String ID="P7_ST00089" HPOS="430" VPOS="915" WIDTH="231" HEIGHT="49" CONTENT="primaires" WC="1.00" CC="050070000"/>
						<SP ID="P7_SP00080" HPOS="661" VPOS="964" WIDTH="23"/>
						<String ID="P7_ST00090" HPOS="684" VPOS="924" WIDTH="40" HEIGHT="31" CONTENT="et" WC="0.48" CC="46"/>
						<SP ID="P7_SP00081" HPOS="724" VPOS="964" WIDTH="24"/>
						<String ID="P7_ST00091" HPOS="748" VPOS="917" WIDTH="294" HEIGHT="47" CONTENT="secondaires," WC="1.00" CC="000050642004"/>
						<SP ID="P7_SP00082" HPOS="1042" VPOS="964" WIDTH="25"/>
						<String ID="P7_ST00092" HPOS="1067" VPOS="917" WIDTH="75" HEIGHT="40" CONTENT="des" WC="0.99" CC="003"/>
						<SP ID="P7_SP00083" HPOS="1142" VPOS="964" WIDTH="38"/>
						<String ID="P7_ST00093" HPOS="1180" VPOS="919" WIDTH="142" HEIGHT="50" CONTENT="pièces" WC="0.99" CC="017000"/>
						<SP ID="P7_SP00084" HPOS="1322" VPOS="969" WIDTH="33"/>
						<String ID="P7_ST00094" HPOS="1355" VPOS="917" WIDTH="51" HEIGHT="40" CONTENT="de" WC="1.00" CC="00"/>
						<SP ID="P7_SP00085" HPOS="1406" VPOS="969" WIDTH="39"/>
						<String ID="P7_ST00095" HPOS="1445" VPOS="922" WIDTH="176" HEIGHT="35" CONTENT="maîtres" WC="0.99" CC="0000806"/>
						<SP ID="P7_SP00086" HPOS="1621" VPOS="969" WIDTH="39"/>
						<String ID="P7_ST00096" HPOS="1660" VPOS="918" WIDTH="353" HEIGHT="50" CONTENT="contemporains" WC="1.00" CC="0530000000200"/>
						<SP ID="P7_SP00087" HPOS="2013" VPOS="969" WIDTH="39"/>
						<String ID="P7_ST00097" HPOS="2052" VPOS="917" WIDTH="72" HEIGHT="51" CONTENT="qui" WC="1.00" CC="000"/>
					</TextLine>
					<TextLine ID="P7_TL00012" HPOS="162" VPOS="979" WIDTH="950" HEIGHT="57">
						<String ID="P7_ST00098" HPOS="162" VPOS="988" WIDTH="74" HEIGHT="32" CONTENT="ont" WC="0.97" CC="071"/>
						<SP ID="P7_SP00088" HPOS="236" VPOS="1020" WIDTH="23"/>
						<String ID="P7_ST00099" HPOS="259" VPOS="979" WIDTH="100" HEIGHT="41" CONTENT="bien" WC="0.98" CC="0226"/>
						<SP ID="P7_SP00089" HPOS="359" VPOS="1020" WIDTH="23"/>
						<String ID="P7_ST00100" HPOS="382" VPOS="981" WIDTH="133" HEIGHT="39" CONTENT="voulu" WC="0.98" CC="40334"/>
						<SP ID="P7_SP00090" HPOS="515" VPOS="1020" WIDTH="33"/>
						<String ID="P7_ST00101" HPOS="548" VPOS="983" WIDTH="215" HEIGHT="51" CONTENT="répondre" WC="0.99" CC="05005002"/>
						<SP ID="P7_SP00091" HPOS="763" VPOS="1034" WIDTH="22"/>
						<String ID="P7_ST00102" HPOS="785" VPOS="988" WIDTH="19" HEIGHT="34" CONTENT="à" WC="0.41" CC="5"/>
						<SP ID="P7_SP00092" HPOS="804" VPOS="1034" WIDTH="22"/>
						<String ID="P7_ST00103" HPOS="826" VPOS="993" WIDTH="124" HEIGHT="31" CONTENT="notre" WC="0.98" CC="70330"/>
						<SP ID="P7_SP00093" HPOS="950" VPOS="1034" WIDTH="21"/>
						<String ID="P7_ST00104" HPOS="971" VPOS="985" WIDTH="141" HEIGHT="51" CONTENT="appel." WC="0.99" CC="030020"/>
					</TextLine>
					<TextLine ID="P7_TL00013" HPOS="216" VPOS="1047" WIDTH="1909" HEIGHT="55">
						<String ID="P7_ST00105" HPOS="216" VPOS="1047" WIDTH="120" HEIGHT="42" CONTENT="Dans" WC="0.99" CC="2000"/>
						<SP ID="P7_SP00094" HPOS="336" VPOS="1089" WIDTH="24"/>
						<String ID="P7_ST00106" HPOS="360" VPOS="1061" WIDTH="80" HEIGHT="27" CONTENT="nos" WC="0.98" CC="050"/>
						<SP ID="P7_SP00095" HPOS="440" VPOS="1089" WIDTH="23"/>
						<String ID="P7_ST00107" HPOS="463" VPOS="1048" WIDTH="111" HEIGHT="41" CONTENT="deux" WC="0.97" CC="0049"/>
						<SP ID="P7_SP00096" HPOS="574" VPOS="1089" WIDTH="17"/>
						<String ID="P7_ST00108" HPOS="591" VPOS="1050" WIDTH="197" HEIGHT="40" CONTENT="derniers" WC="0.99" CC="00903090"/>
						<SP ID="P7_SP00097" HPOS="788" VPOS="1090" WIDTH="25"/>
						<String ID="P7_ST00109" HPOS="813" VPOS="1057" WIDTH="223" HEIGHT="41" CONTENT="numéros," WC="0.99" CC="03060004"/>
						<SP ID="P7_SP00098" HPOS="1036" VPOS="1098" WIDTH="20"/>
						<String ID="P7_ST00110" HPOS="1056" VPOS="1065" WIDTH="111" HEIGHT="26" CONTENT="nous" WC="0.97" CC="1407"/>
						<SP ID="P7_SP00099" HPOS="1167" VPOS="1098" WIDTH="25"/>
						<String ID="P7_ST00111" HPOS="1192" VPOS="1065" WIDTH="134" HEIGHT="27" CONTENT="avons" WC="0.98" CC="40070"/>
						<SP ID="P7_SP00100" HPOS="1326" VPOS="1098" WIDTH="20"/>
						<String ID="P7_ST00112" HPOS="1346" VPOS="1053" WIDTH="145" HEIGHT="38" CONTENT="donné" WC="0.98" CC="05007"/>
						<SP ID="P7_SP00101" HPOS="1491" VPOS="1098" WIDTH="28"/>
						<String ID="P7_ST00113" HPOS="1519" VPOS="1053" WIDTH="51" HEIGHT="38" CONTENT="de" WC="1.00" CC="00"/>
						<SP ID="P7_SP00102" HPOS="1570" VPOS="1098" WIDTH="28"/>
						<String ID="P7_ST00114" HPOS="1598" VPOS="1052" WIDTH="277" HEIGHT="39" CONTENT="charmantes" WC="1.00" CC="0020060400"/>
						<SP ID="P7_SP00103" HPOS="1875" VPOS="1098" WIDTH="33"/>
						<String ID="P7_ST00115" HPOS="1908" VPOS="1052" WIDTH="190" HEIGHT="50" CONTENT="composi" SUBS_TYPE="HypPart1" SUBS_CONTENT="compositions" WC="0.99" CC="0300004"/>
						<HYP HPOS="2098" VPOS="1052" WIDTH="27" CONTENT="-"/>
					</TextLine>
					<TextLine ID="P7_TL00014" HPOS="163" VPOS="1116" WIDTH="1961" HEIGHT="51">
						<String ID="P7_ST00116" HPOS="163" VPOS="1117" WIDTH="114" HEIGHT="40" CONTENT="tions" SUBS_TYPE="HypPart2" SUBS_CONTENT="compositions" WC="0.97" CC="43165"/>
						<SP ID="P7_SP00104" HPOS="277" VPOS="1157" WIDTH="24"/>
						<String ID="P7_ST00117" HPOS="301" VPOS="1116" WIDTH="227" HEIGHT="41" CONTENT="nouvelles" WC="0.99" CC="706000100"/>
						<SP ID="P7_SP00105" HPOS="528" VPOS="1157" WIDTH="20"/>
						<String ID="P7_ST00118" HPOS="548" VPOS="1117" WIDTH="53" HEIGHT="41" CONTENT="de" WC="0.69" CC="06"/>
						<SP ID="P7_SP00106" HPOS="601" VPOS="1158" WIDTH="17"/>
						<String ID="P7_ST00119" HPOS="618" VPOS="1117" WIDTH="109" HEIGHT="40" CONTENT="MM." WC="0.97" CC="044"/>
						<SP ID="P7_SP00107" HPOS="727" VPOS="1158" WIDTH="28"/>
						<String ID="P7_ST00120" HPOS="755" VPOS="1117" WIDTH="310" HEIGHT="49" CONTENT="Saint-Saëns," WC="0.81" CC="000004028700"/>
						<SP ID="P7_SP00108" HPOS="1065" VPOS="1166" WIDTH="19"/>
						<String ID="P7_ST00121" HPOS="1084" VPOS="1119" WIDTH="49" HEIGHT="40" CONTENT="E." WC="0.72" CC="22"/>
						<SP ID="P7_SP00109" HPOS="1133" VPOS="1166" WIDTH="27"/>
						<String ID="P7_ST00122" HPOS="1160" VPOS="1119" WIDTH="246" HEIGHT="48" CONTENT="Paladilhe," WC="0.79" CC="0031047004"/>
						<SP ID="P7_SP00110" HPOS="1406" VPOS="1167" WIDTH="38"/>
						<String ID="P7_ST00123" HPOS="1444" VPOS="1119" WIDTH="82" HEIGHT="39" CONTENT="Th." WC="0.98" CC="004"/>
						<SP ID="P7_SP00111" HPOS="1526" VPOS="1167" WIDTH="43"/>
						<String ID="P7_ST00124" HPOS="1569" VPOS="1119" WIDTH="186" HEIGHT="45" CONTENT="Dubois," WC="0.99" CC="0061012"/>
						<SP ID="P7_SP00112" HPOS="1755" VPOS="1167" WIDTH="23"/>
						<String ID="P7_ST00125" HPOS="1778" VPOS="1118" WIDTH="70" HEIGHT="45" CONTENT=".H." WC="0.93" CC="774"/>
						<SP ID="P7_SP00113" HPOS="1848" VPOS="1167" WIDTH="36"/>
						<String ID="P7_ST00126" HPOS="1884" VPOS="1118" WIDTH="240" HEIGHT="48" CONTENT="Maréchal," WC="0.99" CC="200005643"/>
					</TextLine>
					<TextLine ID="P7_TL00015" HPOS="163" VPOS="1182" WIDTH="1959" HEIGHT="57">
						<String ID="P7_ST00127" HPOS="163" VPOS="1182" WIDTH="243" HEIGHT="48" CONTENT="Massenet," WC="0.84" CC="000007014"/>
						<SP ID="P7_SP00114" HPOS="406" VPOS="1230" WIDTH="27"/>
						<String ID="P7_ST00128" HPOS="433" VPOS="1183" WIDTH="186" HEIGHT="42" CONTENT="Vincent" WC="0.98" CC="0360075"/>
						<SP ID="P7_SP00115" HPOS="619" VPOS="1230" WIDTH="20"/>
						<String ID="P7_ST00129" HPOS="639" VPOS="1183" WIDTH="168" HEIGHT="56" CONTENT="d'lndy," WC="0.81" CC="0440004"/>
						<SP ID="P7_SP00116" HPOS="807" VPOS="1239" WIDTH="23"/>
						<String ID="P7_ST00130" HPOS="830" VPOS="1185" WIDTH="177" HEIGHT="43" CONTENT="Gabriel" WC="0.99" CC="0600060"/>
						<SP ID="P7_SP00117" HPOS="1007" VPOS="1239" WIDTH="20"/>
						<String ID="P7_ST00131" HPOS="1027" VPOS="1187" WIDTH="170" HEIGHT="48" CONTENT="Pierné," WC="0.41" CC="0639776"/>
						<SP ID="P7_SP00118" HPOS="1197" VPOS="1239" WIDTH="21"/>
						<String ID="P7_ST00132" HPOS="1218" VPOS="1186" WIDTH="82" HEIGHT="41" CONTENT="Ch." WC="0.97" CC="133"/>
						<SP ID="P7_SP00119" HPOS="1300" VPOS="1239" WIDTH="19"/>
						<String ID="P7_ST00133" HPOS="1319" VPOS="1185" WIDTH="231" HEIGHT="48" CONTENT="Lefebvre," WC="0.90" CC="500000002"/>
						<SP ID="P7_SP00120" HPOS="1550" VPOS="1239" WIDTH="19"/>
						<String ID="P7_ST00134" HPOS="1569" VPOS="1186" WIDTH="48" HEIGHT="39" CONTENT="A." WC="0.81" CC="03"/>
						<SP ID="P7_SP00121" HPOS="1617" VPOS="1239" WIDTH="26"/>
						<String ID="P7_ST00135" HPOS="1643" VPOS="1185" WIDTH="224" HEIGHT="52" CONTENT="Coquard," WC="0.66" CC="32060903"/>
						<SP ID="P7_SP00122" HPOS="1867" VPOS="1239" WIDTH="15"/>
						<String ID="P7_ST00136" HPOS="1882" VPOS="1185" WIDTH="49" HEIGHT="40" CONTENT="L." WC="0.69" CC="32"/>
						<SP ID="P7_SP00123" HPOS="1931" VPOS="1239" WIDTH="21"/>
						<String ID="P7_ST00137" HPOS="1952" VPOS="1184" WIDTH="170" HEIGHT="48" CONTENT="Ganne," WC="0.84" CC="005004"/>
					</TextLine>
					<TextLine ID="P7_TL00016" HPOS="161" VPOS="1249" WIDTH="319" HEIGHT="43">
						<String ID="P7_ST00138" HPOS="161" VPOS="1249" WIDTH="53" HEIGHT="42" CONTENT="G." WC="1.00" CC="00"/>
						<SP ID="P7_SP00124" HPOS="214" VPOS="1291" WIDTH="24"/>
						<String ID="P7_ST00139" HPOS="238" VPOS="1249" WIDTH="242" HEIGHT="43" CONTENT="Caussade." WC="0.73" CC="055030054"/>
					</TextLine>
					<TextLine ID="P7_TL00017" HPOS="214" VPOS="1318" WIDTH="1911" HEIGHT="53">
						<String ID="P7_ST00140" HPOS="214" VPOS="1318" WIDTH="125" HEIGHT="42" CONTENT="Nous" WC="0.97" CC="4340"/>
						<SP ID="P7_SP00125" HPOS="339" VPOS="1360" WIDTH="35"/>
						<String ID="P7_ST00141" HPOS="374" VPOS="1332" WIDTH="195" HEIGHT="27" CONTENT="sommes" WC="1.00" CC="000010"/>
						<SP ID="P7_SP00126" HPOS="569" VPOS="1360" WIDTH="31"/>
						<String ID="P7_ST00142" HPOS="600" VPOS="1319" WIDTH="209" HEIGHT="48" CONTENT="heureux," WC="1.00" CC="00050002"/>
						<SP ID="P7_SP00127" HPOS="809" VPOS="1367" WIDTH="43"/>
						<String ID="P7_ST00143" HPOS="852" VPOS="1323" WIDTH="258" HEIGHT="39" CONTENT="continuant" WC="0.99" CC="0227180550"/>
						<SP ID="P7_SP00128" HPOS="1110" VPOS="1367" WIDTH="35"/>
						<String ID="P7_ST00144" HPOS="1145" VPOS="1330" WIDTH="109" HEIGHT="31" CONTENT="cette" WC="0.98" CC="30650"/>
						<SP ID="P7_SP00129" HPOS="1254" VPOS="1367" WIDTH="42"/>
						<String ID="P7_ST00145" HPOS="1296" VPOS="1323" WIDTH="108" HEIGHT="38" CONTENT="série" WC="1.00" CC="00020"/>
						<SP ID="P7_SP00130" HPOS="1404" VPOS="1367" WIDTH="39"/>
						<String ID="P7_ST00146" HPOS="1443" VPOS="1321" WIDTH="75" HEIGHT="40" CONTENT="des" WC="1.00" CC="000"/>
						<SP ID="P7_SP00131" HPOS="1518" VPOS="1367" WIDTH="36"/>
						<String ID="P7_ST00147" HPOS="1554" VPOS="1326" WIDTH="178" HEIGHT="34" CONTENT="maîtres" WC="1.00" CC="0024000"/>
						<SP ID="P7_SP00132" HPOS="1732" VPOS="1367" WIDTH="38"/>
						<String ID="P7_ST00148" HPOS="1770" VPOS="1322" WIDTH="355" HEIGHT="49" CONTENT="contemporains" WC="1.00" CC="0007000000500"/>
					</TextLine>
					<TextLine ID="P7_TL00018" HPOS="163" VPOS="1386" WIDTH="1962" HEIGHT="54">
						<String ID="P7_ST00149" HPOS="163" VPOS="1395" WIDTH="130" HEIGHT="32" CONTENT="avant" WC="0.99" CC="10004"/>
						<SP ID="P7_SP00133" HPOS="293" VPOS="1427" WIDTH="22"/>
						<String ID="P7_ST00150" HPOS="315" VPOS="1387" WIDTH="98" HEIGHT="40" CONTENT="d'en" WC="0.98" CC="0405"/>
						<SP ID="P7_SP00134" HPOS="413" VPOS="1427" WIDTH="20"/>
						<String ID="P7_ST00151" HPOS="433" VPOS="1386" WIDTH="188" HEIGHT="41" CONTENT="aborder" WC="1.00" CC="0010002"/>
						<SP ID="P7_SP00135" HPOS="621" VPOS="1427" WIDTH="20"/>
						<String ID="P7_ST00152" HPOS="641" VPOS="1401" WIDTH="84" HEIGHT="26" CONTENT="une" WC="0.99" CC="002"/>
						<SP ID="P7_SP00136" HPOS="725" VPOS="1427" WIDTH="18"/>
						<String ID="P7_ST00153" HPOS="743" VPOS="1397" WIDTH="136" HEIGHT="38" CONTENT="autre," WC="0.99" CC="013004"/>
						<SP ID="P7_SP00137" HPOS="879" VPOS="1435" WIDTH="22"/>
						<String ID="P7_ST00154" HPOS="901" VPOS="1389" WIDTH="52" HEIGHT="40" CONTENT="de" WC="1.00" CC="00"/>
						<SP ID="P7_SP00138" HPOS="953" VPOS="1435" WIDTH="23"/>
						<String ID="P7_ST00155" HPOS="976" VPOS="1389" WIDTH="169" HEIGHT="40" CONTENT="donner" WC="1.00" CC="000001"/>
						<SP ID="P7_SP00139" HPOS="1145" VPOS="1435" WIDTH="29"/>
						<String ID="P7_ST00156" HPOS="1174" VPOS="1387" WIDTH="275" HEIGHT="53" CONTENT="aujourd'hui" WC="0.99" CC="05005002574"/>
						<SP ID="P7_SP00140" HPOS="1449" VPOS="1440" WIDTH="37"/>
						<String ID="P7_ST00157" HPOS="1486" VPOS="1389" WIDTH="75" HEIGHT="38" CONTENT="des" WC="1.00" CC="000"/>
						<SP ID="P7_SP00141" HPOS="1561" VPOS="1440" WIDTH="36"/>
						<String ID="P7_ST00158" HPOS="1597" VPOS="1390" WIDTH="140" HEIGHT="50" CONTENT="pièces" WC="0.99" CC="006000"/>
						<SP ID="P7_SP00142" HPOS="1737" VPOS="1440" WIDTH="38"/>
						<String ID="P7_ST00159" HPOS="1775" VPOS="1388" WIDTH="52" HEIGHT="39" CONTENT="de" WC="1.00" CC="00"/>
						<SP ID="P7_SP00143" HPOS="1827" VPOS="1440" WIDTH="38"/>
						<String ID="P7_ST00160" HPOS="1865" VPOS="1388" WIDTH="260" HEIGHT="49" CONTENT="Bourgault-" WC="0.82" CC="0060000604"/>
					</TextLine>
					<TextLine ID="P7_TL00019" HPOS="161" VPOS="1454" WIDTH="1963" HEIGHT="55">
						<String ID="P7_ST00161" HPOS="161" VPOS="1455" WIDTH="282" HEIGHT="54" CONTENT="Ducoudray," WC="0.88" CC="4000000007"/>
						<SP ID="P7_SP00144" HPOS="443" VPOS="1509" WIDTH="39"/>
						<String ID="P7_ST00162" HPOS="482" VPOS="1454" WIDTH="293" HEIGHT="41" CONTENT="d'Alexandre" WC="1.00" CC="03000000000"/>
						<SP ID="P7_SP00145" HPOS="775" VPOS="1509" WIDTH="38"/>
						<String ID="P7_ST00163" HPOS="813" VPOS="1455" WIDTH="213" HEIGHT="50" CONTENT="Georges," WC="1.00" CC="00000004"/>
						<SP ID="P7_SP00146" HPOS="1026" VPOS="1509" WIDTH="38"/>
						<String ID="P7_ST00164" HPOS="1064" VPOS="1456" WIDTH="168" HEIGHT="40" CONTENT="d'Alex." WC="1.00" CC="0400002"/>
						<SP ID="P7_SP00147" HPOS="1232" VPOS="1509" WIDTH="47"/>
						<String ID="P7_ST00165" HPOS="1279" VPOS="1455" WIDTH="244" HEIGHT="50" CONTENT="Guilmant," WC="0.76" CC="030600037"/>
						<SP ID="P7_SP00148" HPOS="1523" VPOS="1509" WIDTH="47"/>
						<String ID="P7_ST00166" HPOS="1570" VPOS="1455" WIDTH="160" HEIGHT="50" CONTENT="d'Aug." WC="0.89" CC="000204"/>
						<SP ID="P7_SP00149" HPOS="1730" VPOS="1509" WIDTH="52"/>
						<String ID="P7_ST00167" HPOS="1782" VPOS="1455" WIDTH="213" HEIGHT="51" CONTENT="Chapuis." WC="0.78" CC="00705004"/>
						<SP ID="P7_SP00150" HPOS="1995" VPOS="1509" WIDTH="44"/>
						<String ID="P7_ST00168" HPOS="2039" VPOS="1455" WIDTH="85" HEIGHT="40" CONTENT="Ces" WC="0.99" CC="010"/>
					</TextLine>
					<TextLine ID="P7_TL00020" HPOS="162" VPOS="1522" WIDTH="1963" HEIGHT="53">
						<String ID="P7_ST00169" HPOS="162" VPOS="1527" WIDTH="194" HEIGHT="43" CONTENT="maîtres," WC="0.99" CC="00450003"/>
						<SP ID="P7_SP00151" HPOS="356" VPOS="1570" WIDTH="21"/>
						<String ID="P7_ST00170" HPOS="377" VPOS="1535" WIDTH="112" HEIGHT="28" CONTENT="nous" WC="0.98" CC="6100"/>
						<SP ID="P7_SP00152" HPOS="489" VPOS="1570" WIDTH="17"/>
						<String ID="P7_ST00171" HPOS="506" VPOS="1522" WIDTH="38" HEIGHT="39" CONTENT="le" WC="0.77" CC="40"/>
						<SP ID="P7_SP00153" HPOS="544" VPOS="1570" WIDTH="23"/>
						<String ID="P7_ST00172" HPOS="567" VPOS="1535" WIDTH="176" HEIGHT="35" CONTENT="savons," WC="1.00" CC="0000304"/>
						<SP ID="P7_SP00154" HPOS="743" VPOS="1570" WIDTH="24"/>
						<String ID="P7_ST00173" HPOS="767" VPOS="1531" WIDTH="74" HEIGHT="32" CONTENT="ont" WC="0.94" CC="465"/>
						<SP ID="P7_SP00155" HPOS="841" VPOS="1570" WIDTH="24"/>
						<String ID="P7_ST00174" HPOS="865" VPOS="1523" WIDTH="75" HEIGHT="40" CONTENT="fait" WC="0.98" CC="0024"/>
						<SP ID="P7_SP00156" HPOS="940" VPOS="1570" WIDTH="17"/>
						<String ID="P7_ST00175" HPOS="957" VPOS="1532" WIDTH="90" HEIGHT="31" CONTENT="acte" WC="1.00" CC="0010"/>
						<SP ID="P7_SP00157" HPOS="1047" VPOS="1570" WIDTH="19"/>
						<String ID="P7_ST00176" HPOS="1066" VPOS="1524" WIDTH="52" HEIGHT="39" CONTENT="de" WC="1.00" CC="00"/>
						<SP ID="P7_SP00158" HPOS="1118" VPOS="1570" WIDTH="23"/>
						<String ID="P7_ST00177" HPOS="1141" VPOS="1524" WIDTH="336" HEIGHT="51" CONTENT="complaisance," WC="1.00" CC="0000503007103"/>
						<SP ID="P7_SP00159" HPOS="1477" VPOS="1575" WIDTH="21"/>
						<String ID="P7_ST00178" HPOS="1498" VPOS="1536" WIDTH="53" HEIGHT="27" CONTENT="en" WC="1.00" CC="00"/>
						<SP ID="P7_SP00160" HPOS="1551" VPOS="1575" WIDTH="20"/>
						<String ID="P7_ST00179" HPOS="1571" VPOS="1524" WIDTH="190" HEIGHT="39" CONTENT="écrivant" WC="0.99" CC="60030003"/>
						<SP ID="P7_SP00161" HPOS="1761" VPOS="1575" WIDTH="23"/>
						<String ID="P7_ST00180" HPOS="1784" VPOS="1522" WIDTH="188" HEIGHT="51" CONTENT="quelque" WC="0.99" CC="0510064"/>
						<SP ID="P7_SP00162" HPOS="1972" VPOS="1575" WIDTH="23"/>
						<String ID="P7_ST00181" HPOS="1995" VPOS="1522" WIDTH="130" HEIGHT="40" CONTENT="chose" WC="1.00" CC="00200"/>
					</TextLine>
					<TextLine ID="P7_TL00021" HPOS="162" VPOS="1589" WIDTH="1963" HEIGHT="54">
						<String ID="P7_ST00182" HPOS="162" VPOS="1604" WIDTH="110" HEIGHT="39" CONTENT="pour" WC="1.00" CC="0000"/>
						<SP ID="P7_SP00163" HPOS="272" VPOS="1643" WIDTH="19"/>
						<String ID="P7_ST00183" HPOS="291" VPOS="1590" WIDTH="61" HEIGHT="39" CONTENT="les" WC="1.00" CC="000"/>
						<SP ID="P7_SP00164" HPOS="352" VPOS="1643" WIDTH="24"/>
						<String ID="P7_ST00184" HPOS="376" VPOS="1599" WIDTH="342" HEIGHT="40" CONTENT="commençants." WC="1.00" CC="000005007504"/>
						<SP ID="P7_SP00165" HPOS="718" VPOS="1643" WIDTH="27"/>
						<String ID="P7_ST00185" HPOS="745" VPOS="1589" WIDTH="123" HEIGHT="41" CONTENT="Nous" WC="0.97" CC="0354"/>
						<SP ID="P7_SP00166" HPOS="868" VPOS="1643" WIDTH="32"/>
						<String ID="P7_ST00186" HPOS="900" VPOS="1590" WIDTH="93" HEIGHT="40" CONTENT="leur" WC="0.99" CC="0300"/>
						<SP ID="P7_SP00167" HPOS="993" VPOS="1643" WIDTH="27"/>
						<String ID="P7_ST00187" HPOS="1020" VPOS="1604" WIDTH="52" HEIGHT="26" CONTENT="en" WC="0.69" CC="06"/>
						<SP ID="P7_SP00168" HPOS="1072" VPOS="1643" WIDTH="38"/>
						<String ID="P7_ST00188" HPOS="1110" VPOS="1591" WIDTH="193" HEIGHT="49" CONTENT="gardons" WC="0.99" CC="0500300"/>
						<SP ID="P7_SP00169" HPOS="1303" VPOS="1643" WIDTH="23"/>
						<String ID="P7_ST00189" HPOS="1326" VPOS="1604" WIDTH="83" HEIGHT="26" CONTENT="une" WC="0.97" CC="501"/>
						<SP ID="P7_SP00170" HPOS="1409" VPOS="1643" WIDTH="24"/>
						<String ID="P7_ST00190" HPOS="1433" VPOS="1589" WIDTH="213" HEIGHT="53" CONTENT="profonde" WC="1.00" CC="00400000"/>
						<SP ID="P7_SP00171" HPOS="1646" VPOS="1643" WIDTH="23"/>
						<String ID="P7_ST00191" HPOS="1669" VPOS="1592" WIDTH="361" HEIGHT="37" CONTENT="reconnaissance" WC="1.00" CC="00100002000500"/>
						<SP ID="P7_SP00172" HPOS="2030" VPOS="1643" WIDTH="21"/>
						<String ID="P7_ST00192" HPOS="2051" VPOS="1604" WIDTH="9" HEIGHT="33" CONTENT=";" WC="0.28" CC="7"/>
						<SP ID="P7_SP00173" HPOS="2060" VPOS="1643" WIDTH="26"/>
						<String ID="P7_ST00193" HPOS="2086" VPOS="1598" WIDTH="39" HEIGHT="31" CONTENT="et" WC="0.69" CC="06"/>
					</TextLine>
					<TextLine ID="P7_TL00022" HPOS="162" VPOS="1656" WIDTH="1963" HEIGHT="53">
						<String ID="P7_ST00194" HPOS="162" VPOS="1656" WIDTH="100" HEIGHT="43" CONTENT="c'est" WC="0.98" CC="02053"/>
						<SP ID="P7_SP00174" HPOS="262" VPOS="1699" WIDTH="22"/>
						<String ID="P7_ST00195" HPOS="284" VPOS="1671" WIDTH="101" HEIGHT="27" CONTENT="avec" WC="1.00" CC="0000"/>
						<SP ID="P7_SP00175" HPOS="385" VPOS="1699" WIDTH="22"/>
						<String ID="P7_ST00196" HPOS="407" VPOS="1672" WIDTH="59" HEIGHT="25" CONTENT="un" WC="0.66" CC="60"/>
						<SP ID="P7_SP00176" HPOS="466" VPOS="1699" WIDTH="33"/>
						<String ID="P7_ST00197" HPOS="499" VPOS="1658" WIDTH="153" HEIGHT="51" CONTENT="plaisir" WC="1.00" CC="0003100"/>
						<SP ID="P7_SP00177" HPOS="652" VPOS="1709" WIDTH="25"/>
						<String ID="P7_ST00198" HPOS="677" VPOS="1657" WIDTH="186" HEIGHT="52" CONTENT="profond" WC="0.99" CC="0004050"/>
						<SP ID="P7_SP00178" HPOS="863" VPOS="1709" WIDTH="33"/>
						<String ID="P7_ST00199" HPOS="896" VPOS="1672" WIDTH="84" HEIGHT="37" CONTENT="que" WC="0.97" CC="070"/>
						<SP ID="P7_SP00179" HPOS="980" VPOS="1709" WIDTH="36"/>
						<String ID="P7_ST00200" HPOS="1016" VPOS="1672" WIDTH="110" HEIGHT="26" CONTENT="nous" WC="0.99" CC="5000"/>
						<SP ID="P7_SP00180" HPOS="1126" VPOS="1709" WIDTH="22"/>
						<String ID="P7_ST00201" HPOS="1148" VPOS="1660" WIDTH="244" HEIGHT="37" CONTENT="inscrivons" WC="1.00" CC="4600030020"/>
						<SP ID="P7_SP00181" HPOS="1392" VPOS="1709" WIDTH="31"/>
						<String ID="P7_ST00202" HPOS="1423" VPOS="1660" WIDTH="52" HEIGHT="37" CONTENT="ici" WC="0.98" CC="004"/>
						<SP ID="P7_SP00182" HPOS="1475" VPOS="1709" WIDTH="23"/>
						<String ID="P7_ST00203" HPOS="1498" VPOS="1658" WIDTH="115" HEIGHT="38" CONTENT="leurs" WC="0.98" CC="10490"/>
						<SP ID="P7_SP00183" HPOS="1613" VPOS="1709" WIDTH="36"/>
						<String ID="P7_ST00204" HPOS="1649" VPOS="1670" WIDTH="126" HEIGHT="26" CONTENT="noms" WC="0.99" CC="6000"/>
						<SP ID="P7_SP00184" HPOS="1775" VPOS="1709" WIDTH="26"/>
						<String ID="P7_ST00205" HPOS="1801" VPOS="1657" WIDTH="206" HEIGHT="49" CONTENT="illustres," WC="0.99" CC="0433060003"/>
						<SP ID="P7_SP00185" HPOS="2007" VPOS="1709" WIDTH="25"/>
						<String ID="P7_ST00206" HPOS="2032" VPOS="1659" WIDTH="70" HEIGHT="37" CONTENT="uni" SUBS_TYPE="HypPart1" SUBS_CONTENT="universellement" WC="0.98" CC="060"/>
						<HYP HPOS="2102" VPOS="1659" WIDTH="23" CONTENT="-"/>
					</TextLine>
					<TextLine ID="P7_TL00023" HPOS="162" VPOS="1723" WIDTH="1958" HEIGHT="53">
						<String ID="P7_ST00207" HPOS="162" VPOS="1726" WIDTH="309" HEIGHT="40" CONTENT="versellement" SUBS_TYPE="HypPart2" SUBS_CONTENT="universellement" WC="1.00" CC="000002000010"/>
						<SP ID="P7_SP00186" HPOS="471" VPOS="1766" WIDTH="20"/>
						<String ID="P7_ST00208" HPOS="491" VPOS="1726" WIDTH="177" HEIGHT="39" CONTENT="estimés" WC="1.00" CC="0050000"/>
						<SP ID="P7_SP00187" HPOS="668" VPOS="1766" WIDTH="23"/>
						<String ID="P7_ST00209" HPOS="691" VPOS="1733" WIDTH="40" HEIGHT="31" CONTENT="et" WC="0.68" CC="06"/>
						<SP ID="P7_SP00188" HPOS="731" VPOS="1766" WIDTH="23"/>
						<String ID="P7_ST00210" HPOS="754" VPOS="1727" WIDTH="135" HEIGHT="38" CONTENT="aimés" WC="0.99" CC="00070"/>
						<SP ID="P7_SP00189" HPOS="889" VPOS="1766" WIDTH="17"/>
						<String ID="P7_ST00211" HPOS="906" VPOS="1726" WIDTH="57" HEIGHT="40" CONTENT="du" WC="0.71" CC="05"/>
						<SP ID="P7_SP00190" HPOS="963" VPOS="1766" WIDTH="15"/>
						<String ID="P7_ST00212" HPOS="978" VPOS="1726" WIDTH="161" HEIGHT="50" CONTENT="public." WC="0.99" CC="0505304"/>
						<SP ID="P7_SP00191" HPOS="1139" VPOS="1776" WIDTH="27"/>
						<String ID="P7_ST00213" HPOS="1166" VPOS="1725" WIDTH="54" HEIGHT="39" CONTENT="Ils" WC="1.00" CC="000"/>
						<SP ID="P7_SP00192" HPOS="1220" VPOS="1776" WIDTH="20"/>
						<String ID="P7_ST00214" HPOS="1240" VPOS="1739" WIDTH="112" HEIGHT="26" CONTENT="nous" WC="0.99" CC="4001"/>
						<SP ID="P7_SP00193" HPOS="1352" VPOS="1776" WIDTH="23"/>
						<String ID="P7_ST00215" HPOS="1375" VPOS="1723" WIDTH="258" HEIGHT="41" CONTENT="confirment" WC="0.99" CC="0371100055"/>
						<SP ID="P7_SP00194" HPOS="1633" VPOS="1776" WIDTH="21"/>
						<String ID="P7_ST00216" HPOS="1654" VPOS="1725" WIDTH="110" HEIGHT="39" CONTENT="dans" WC="1.00" CC="0000"/>
						<SP ID="P7_SP00195" HPOS="1764" VPOS="1776" WIDTH="19"/>
						<String ID="P7_ST00217" HPOS="1783" VPOS="1733" WIDTH="107" HEIGHT="30" CONTENT="cette" WC="0.98" CC="00660"/>
						<SP ID="P7_SP00196" HPOS="1890" VPOS="1776" WIDTH="16"/>
						<String ID="P7_ST00218" HPOS="1906" VPOS="1724" WIDTH="93" HEIGHT="39" CONTENT="idée" WC="1.00" CC="1000"/>
						<SP ID="P7_SP00197" HPOS="1999" VPOS="1776" WIDTH="24"/>
						<String ID="P7_ST00219" HPOS="2023" VPOS="1737" WIDTH="97" HEIGHT="38" CONTENT="que," WC="0.99" CC="0303"/>
					</TextLine>
					<TextLine ID="P7_TL00024" HPOS="162" VPOS="1790" WIDTH="1962" HEIGHT="54">
						<String ID="P7_ST00220" HPOS="162" VPOS="1795" WIDTH="34" HEIGHT="39" CONTENT="si" WC="0.83" CC="03"/>
						<SP ID="P7_SP00198" HPOS="196" VPOS="1834" WIDTH="24"/>
						<String ID="P7_ST00221" HPOS="220" VPOS="1794" WIDTH="86" HEIGHT="39" CONTENT="l'on" WC="0.97" CC="4304"/>
						<SP ID="P7_SP00199" HPOS="306" VPOS="1834" WIDTH="23"/>
						<String ID="P7_ST00222" HPOS="329" VPOS="1801" WIDTH="101" HEIGHT="32" CONTENT="veut" WC="0.99" CC="0022"/>
						<SP ID="P7_SP00200" HPOS="430" VPOS="1834" WIDTH="23"/>
						<String ID="P7_ST00223" HPOS="453" VPOS="1797" WIDTH="119" HEIGHT="35" CONTENT="créer" WC="1.00" CC="00000"/>
						<SP ID="P7_SP00201" HPOS="572" VPOS="1834" WIDTH="22"/>
						<String ID="P7_ST00224" HPOS="594" VPOS="1808" WIDTH="58" HEIGHT="24" CONTENT="un" WC="0.72" CC="05"/>
						<SP ID="P7_SP00202" HPOS="652" VPOS="1834" WIDTH="24"/>
						<String ID="P7_ST00225" HPOS="676" VPOS="1794" WIDTH="236" HEIGHT="50" CONTENT="répertoire" WC="1.00" CC="0000061400"/>
						<SP ID="P7_SP00203" HPOS="912" VPOS="1844" WIDTH="17"/>
						<String ID="P7_ST00226" HPOS="929" VPOS="1806" WIDTH="110" HEIGHT="38" CONTENT="pour" WC="0.98" CC="3050"/>
						<SP ID="P7_SP00204" HPOS="1039" VPOS="1844" WIDTH="36"/>
						<String ID="P7_ST00227" HPOS="1075" VPOS="1793" WIDTH="60" HEIGHT="39" CONTENT="les" WC="0.98" CC="400"/>
						<SP ID="P7_SP00205" HPOS="1135" VPOS="1844" WIDTH="39"/>
						<String ID="P7_ST00228" HPOS="1174" VPOS="1793" WIDTH="155" HEIGHT="44" CONTENT="écoles," WC="0.99" CC="0322000"/>
						<SP ID="P7_SP00206" HPOS="1329" VPOS="1844" WIDTH="38"/>
						<String ID="P7_ST00229" HPOS="1367" VPOS="1790" WIDTH="100" HEIGHT="40" CONTENT="c'est" WC="0.99" CC="04005"/>
						<SP ID="P7_SP00207" HPOS="1467" VPOS="1844" WIDTH="28"/>
						<String ID="P7_ST00230" HPOS="1495" VPOS="1806" WIDTH="80" HEIGHT="24" CONTENT="aux" WC="1.00" CC="000"/>
						<SP ID="P7_SP00208" HPOS="1575" VPOS="1844" WIDTH="30"/>
						<String ID="P7_ST00231" HPOS="1605" VPOS="1792" WIDTH="163" HEIGHT="48" CONTENT="grands" WC="1.00" CC="000400"/>
						<SP ID="P7_SP00209" HPOS="1768" VPOS="1844" WIDTH="38"/>
						<String ID="P7_ST00232" HPOS="1806" VPOS="1792" WIDTH="318" HEIGHT="50" CONTENT="compositeurs" WC="1.00" CC="005020050500"/>
					</TextLine>
					<TextLine ID="P7_TL00025" HPOS="161" VPOS="1858" WIDTH="1961" HEIGHT="54">
						<String ID="P7_ST00233" HPOS="161" VPOS="1862" WIDTH="356" HEIGHT="50" CONTENT="contemporains" WC="1.00" CC="0366000000440"/>
						<SP ID="P7_SP00210" HPOS="517" VPOS="1912" WIDTH="33"/>
						<String ID="P7_ST00234" HPOS="550" VPOS="1858" WIDTH="103" HEIGHT="53" CONTENT="qu'il" WC="0.98" CC="06242"/>
						<SP ID="P7_SP00211" HPOS="653" VPOS="1912" WIDTH="25"/>
						<String ID="P7_ST00235" HPOS="678" VPOS="1860" WIDTH="90" HEIGHT="40" CONTENT="faut" WC="0.97" CC="1450"/>
						<SP ID="P7_SP00212" HPOS="768" VPOS="1912" WIDTH="18"/>
						<String ID="P7_ST00236" HPOS="786" VPOS="1869" WIDTH="171" HEIGHT="31" CONTENT="surtout" WC="1.00" CC="3000000"/>
						<SP ID="P7_SP00213" HPOS="957" VPOS="1912" WIDTH="24"/>
						<String ID="P7_ST00237" HPOS="981" VPOS="1860" WIDTH="251" HEIGHT="39" CONTENT="s'adresser." WC="1.00" CC="00000000073"/>
						<SP ID="P7_SP00214" HPOS="1232" VPOS="1912" WIDTH="23"/>
						<String ID="P7_ST00238" HPOS="1255" VPOS="1858" WIDTH="142" HEIGHT="50" CONTENT="(Nous" WC="0.99" CC="00040"/>
						<SP ID="P7_SP00215" HPOS="1397" VPOS="1912" WIDTH="19"/>
						<String ID="P7_ST00239" HPOS="1416" VPOS="1860" WIDTH="150" HEIGHT="38" CONTENT="disons" WC="0.99" CC="020030"/>
						<SP ID="P7_SP00216" HPOS="1566" VPOS="1912" WIDTH="17"/>
						<String ID="P7_ST00240" HPOS="1583" VPOS="1864" WIDTH="160" HEIGHT="33" CONTENT="surtout" WC="0.99" CC="6203060" STYLEREFS="TXT_2"/>
						<String ID="P7_ST00241" HPOS="1748" VPOS="1890" WIDTH="8" HEIGHT="15" CONTENT="," WC="0.68" CC="3"/>
						<SP ID="P7_SP00217" HPOS="1756" VPOS="1912" WIDTH="20"/>
						<String ID="P7_ST00242" HPOS="1776" VPOS="1872" WIDTH="127" HEIGHT="37" CONTENT="parce" WC="1.00" CC="00000"/>
						<SP ID="P7_SP00218" HPOS="1903" VPOS="1912" WIDTH="23"/>
						<String ID="P7_ST00243" HPOS="1926" VPOS="1858" WIDTH="103" HEIGHT="52" CONTENT="qu'il" WC="0.98" CC="05335"/>
						<SP ID="P7_SP00219" HPOS="2029" VPOS="1912" WIDTH="22"/>
						<String ID="P7_ST00244" HPOS="2051" VPOS="1874" WIDTH="27" HEIGHT="36" CONTENT="y" WC="1.00" CC="0"/>
						<SP ID="P7_SP00220" HPOS="2078" VPOS="1912" WIDTH="24"/>
						<String ID="P7_ST00245" HPOS="2102" VPOS="1873" WIDTH="20" HEIGHT="25" CONTENT="a" WC="0.32" CC="6"/>
					</TextLine>
					<TextLine ID="P7_TL00026" HPOS="162" VPOS="1925" WIDTH="1962" HEIGHT="55">
						<String ID="P7_ST00246" HPOS="162" VPOS="1931" WIDTH="119" HEIGHT="38" CONTENT="aussi" WC="1.00" CC="00002"/>
						<SP ID="P7_SP00221" HPOS="281" VPOS="1969" WIDTH="18"/>
						<String ID="P7_ST00247" HPOS="299" VPOS="1929" WIDTH="61" HEIGHT="39" CONTENT="les" WC="1.00" CC="100"/>
						<SP ID="P7_SP00222" HPOS="360" VPOS="1969" WIDTH="35"/>
						<String ID="P7_ST00248" HPOS="395" VPOS="1928" WIDTH="221" HEIGHT="40" CONTENT="chansons" WC="0.99" CC="30050060"/>
						<SP ID="P7_SP00223" HPOS="616" VPOS="1969" WIDTH="24"/>
						<String ID="P7_ST00249" HPOS="640" VPOS="1928" WIDTH="252" HEIGHT="52" CONTENT="populaires" WC="0.99" CC="0006402034"/>
						<SP ID="P7_SP00224" HPOS="892" VPOS="1980" WIDTH="23"/>
						<String ID="P7_ST00250" HPOS="915" VPOS="1937" WIDTH="40" HEIGHT="30" CONTENT="et" WC="1.00" CC="00"/>
						<SP ID="P7_SP00225" HPOS="955" VPOS="1980" WIDTH="20"/>
						<String ID="P7_ST00251" HPOS="975" VPOS="1928" WIDTH="60" HEIGHT="39" CONTENT="les" WC="0.97" CC="502"/>
						<SP ID="P7_SP00226" HPOS="1035" VPOS="1980" WIDTH="33"/>
						<String ID="P7_ST00252" HPOS="1068" VPOS="1940" WIDTH="171" HEIGHT="28" CONTENT="œuvres" WC="1.00" CC="040000"/>
						<SP ID="P7_SP00227" HPOS="1239" VPOS="1980" WIDTH="22"/>
						<String ID="P7_ST00253" HPOS="1261" VPOS="1928" WIDTH="76" HEIGHT="38" CONTENT="des" WC="1.00" CC="000"/>
						<SP ID="P7_SP00228" HPOS="1337" VPOS="1980" WIDTH="36"/>
						<String ID="P7_ST00254" HPOS="1373" VPOS="1928" WIDTH="177" HEIGHT="38" CONTENT="anciens" WC="0.99" CC="0300060"/>
						<SP ID="P7_SP00229" HPOS="1550" VPOS="1980" WIDTH="24"/>
						<String ID="P7_ST00255" HPOS="1574" VPOS="1930" WIDTH="176" HEIGHT="36" CONTENT="maîtres" WC="1.00" CC="0003000"/>
						<SP ID="P7_SP00230" HPOS="1750" VPOS="1980" WIDTH="23"/>
						<String ID="P7_ST00256" HPOS="1773" VPOS="1926" WIDTH="278" HEIGHT="51" CONTENT="classiques.)" WC="1.00" CC="200000020030"/>
						<SP ID="P7_SP00231" HPOS="2051" VPOS="1980" WIDTH="19"/>
						<String ID="P7_ST00257" HPOS="2070" VPOS="1925" WIDTH="54" HEIGHT="41" CONTENT="Et" WC="1.00" CC="00"/>
					</TextLine>
					<TextLine ID="P7_TL00027" HPOS="163" VPOS="1994" WIDTH="1246" HEIGHT="53">
						<String ID="P7_ST00258" HPOS="163" VPOS="2010" WIDTH="55" HEIGHT="27" CONTENT="on" WC="0.71" CC="05"/>
						<SP ID="P7_SP00232" HPOS="218" VPOS="2037" WIDTH="24"/>
						<String ID="P7_ST00259" HPOS="242" VPOS="2010" WIDTH="52" HEIGHT="26" CONTENT="ne" WC="1.00" CC="00"/>
						<SP ID="P7_SP00233" HPOS="294" VPOS="2037" WIDTH="24"/>
						<String ID="P7_ST00260" HPOS="318" VPOS="1996" WIDTH="215" HEIGHT="40" CONTENT="s'adresse" WC="1.00" CC="040000000"/>
						<SP ID="P7_SP00234" HPOS="533" VPOS="2037" WIDTH="24"/>
						<String ID="P7_ST00261" HPOS="557" VPOS="1996" WIDTH="156" HEIGHT="51" CONTENT="jamais" WC="1.00" CC="000020"/>
						<SP ID="P7_SP00235" HPOS="713" VPOS="2047" WIDTH="22"/>
						<String ID="P7_ST00262" HPOS="735" VPOS="2009" WIDTH="53" HEIGHT="25" CONTENT="en" WC="0.80" CC="03"/>
						<SP ID="P7_SP00236" HPOS="788" VPOS="2047" WIDTH="22"/>
						<String ID="P7_ST00263" HPOS="810" VPOS="1996" WIDTH="101" HEIGHT="38" CONTENT="vain" WC="0.99" CC="0030"/>
						<SP ID="P7_SP00237" HPOS="911" VPOS="2047" WIDTH="23"/>
						<String ID="P7_ST00264" HPOS="934" VPOS="2009" WIDTH="80" HEIGHT="25" CONTENT="aux" WC="0.98" CC="040"/>
						<SP ID="P7_SP00238" HPOS="1014" VPOS="2047" WIDTH="23"/>
						<String ID="P7_ST00265" HPOS="1037" VPOS="1994" WIDTH="165" HEIGHT="50" CONTENT="grands" WC="0.99" CC="000303"/>
						<SP ID="P7_SP00239" HPOS="1202" VPOS="2047" WIDTH="22"/>
						<String ID="P7_ST00266" HPOS="1224" VPOS="1997" WIDTH="185" HEIGHT="36" CONTENT="artistes." WC="0.99" CC="306515003"/>
					</TextLine>
					<TextLine ID="P7_TL00028" HPOS="215" VPOS="2059" WIDTH="1909" HEIGHT="55">
						<String ID="P7_ST00267" HPOS="215" VPOS="2064" WIDTH="69" HEIGHT="41" CONTENT="Un" WC="1.00" CC="00"/>
						<SP ID="P7_SP00240" HPOS="284" VPOS="2105" WIDTH="24"/>
						<String ID="P7_ST00268" HPOS="308" VPOS="2063" WIDTH="548" HEIGHT="51" CONTENT="Bourgault-Ducoudray," WC="0.81" CC="00400004640520400103"/>
						<SP ID="P7_SP00241" HPOS="856" VPOS="2114" WIDTH="45"/>
						<String ID="P7_ST00269" HPOS="901" VPOS="2077" WIDTH="56" HEIGHT="25" CONTENT="un" WC="1.00" CC="00"/>
						<SP ID="P7_SP00242" HPOS="957" VPOS="2114" WIDTH="33"/>
						<String ID="P7_ST00270" HPOS="990" VPOS="2062" WIDTH="246" HEIGHT="40" CONTENT="Alexandre" WC="0.99" CC="030060050"/>
						<SP ID="P7_SP00243" HPOS="1236" VPOS="2114" WIDTH="24"/>
						<String ID="P7_ST00271" HPOS="1260" VPOS="2060" WIDTH="211" HEIGHT="50" CONTENT="Georges," WC="1.00" CC="00000004"/>
						<SP ID="P7_SP00244" HPOS="1471" VPOS="2114" WIDTH="27"/>
						<String ID="P7_ST00272" HPOS="1498" VPOS="2076" WIDTH="57" HEIGHT="24" CONTENT="un" WC="0.76" CC="40"/>
						<SP ID="P7_SP00245" HPOS="1555" VPOS="2114" WIDTH="23"/>
						<String ID="P7_ST00273" HPOS="1578" VPOS="2059" WIDTH="242" HEIGHT="47" CONTENT="Guilmant," WC="0.65" CC="026406073"/>
						<SP ID="P7_SP00246" HPOS="1820" VPOS="2114" WIDTH="39"/>
						<String ID="P7_ST00274" HPOS="1859" VPOS="2075" WIDTH="58" HEIGHT="25" CONTENT="un" WC="1.00" CC="00"/>
						<SP ID="P7_SP00247" HPOS="1917" VPOS="2114" WIDTH="24"/>
						<String ID="P7_ST00275" HPOS="1941" VPOS="2060" WIDTH="183" HEIGHT="40" CONTENT="Vincent" WC="1.00" CC="0000005"/>
					</TextLine>
					<TextLine ID="P7_TL00029" HPOS="160" VPOS="2128" WIDTH="1964" HEIGHT="57">
						<String ID="P7_ST00276" HPOS="160" VPOS="2131" WIDTH="169" HEIGHT="54" CONTENT="d'lndy," WC="0.94" CC="0000004"/>
						<SP ID="P7_SP00248" HPOS="329" VPOS="2185" WIDTH="21"/>
						<String ID="P7_ST00277" HPOS="350" VPOS="2146" WIDTH="57" HEIGHT="25" CONTENT="un" WC="0.61" CC="42"/>
						<SP ID="P7_SP00249" HPOS="407" VPOS="2185" WIDTH="21"/>
						<String ID="P7_ST00278" HPOS="428" VPOS="2131" WIDTH="174" HEIGHT="49" CONTENT="Pierné," WC="0.85" CC="0000064"/>
						<SP ID="P7_SP00250" HPOS="602" VPOS="2185" WIDTH="102"/>
						<String ID="P7_ST00279" HPOS="704" VPOS="2139" WIDTH="99" HEIGHT="31" CONTENT="tous" WC="0.96" CC="6064"/>
						<SP ID="P7_SP00251" HPOS="803" VPOS="2185" WIDTH="32"/>
						<String ID="P7_ST00280" HPOS="835" VPOS="2144" WIDTH="103" HEIGHT="26" CONTENT="ceux" WC="0.97" CC="0057"/>
						<SP ID="P7_SP00252" HPOS="938" VPOS="2185" WIDTH="39"/>
						<String ID="P7_ST00281" HPOS="977" VPOS="2130" WIDTH="103" HEIGHT="39" CONTENT="dont" WC="0.99" CC="0060"/>
						<SP ID="P7_SP00253" HPOS="1080" VPOS="2185" WIDTH="33"/>
						<String ID="P7_ST00282" HPOS="1113" VPOS="2142" WIDTH="110" HEIGHT="27" CONTENT="nous" WC="0.99" CC="0040"/>
						<SP ID="P7_SP00254" HPOS="1223" VPOS="2185" WIDTH="40"/>
						<String ID="P7_ST00283" HPOS="1263" VPOS="2142" WIDTH="136" HEIGHT="26" CONTENT="avons" WC="0.99" CC="00044"/>
						<SP ID="P7_SP00255" HPOS="1399" VPOS="2185" WIDTH="36"/>
						<String ID="P7_ST00284" HPOS="1435" VPOS="2128" WIDTH="148" HEIGHT="52" CONTENT="publié" WC="0.99" CC="160300"/>
						<SP ID="P7_SP00256" HPOS="1583" VPOS="2185" WIDTH="36"/>
						<String ID="P7_ST00285" HPOS="1619" VPOS="2141" WIDTH="84" HEIGHT="26" CONTENT="une" WC="1.00" CC="000"/>
						<SP ID="P7_SP00257" HPOS="1703" VPOS="2185" WIDTH="40"/>
						<String ID="P7_ST00286" HPOS="1743" VPOS="2140" WIDTH="112" HEIGHT="38" CONTENT="page" WC="0.99" CC="0300"/>
						<SP ID="P7_SP00258" HPOS="1855" VPOS="2185" WIDTH="39"/>
						<String ID="P7_ST00287" HPOS="1894" VPOS="2128" WIDTH="160" HEIGHT="39" CONTENT="inédite" WC="1.00" CC="3000030"/>
						<SP ID="P7_SP00259" HPOS="2054" VPOS="2185" WIDTH="31"/>
						<String ID="P7_ST00288" HPOS="2085" VPOS="2137" WIDTH="39" HEIGHT="31" CONTENT="et" WC="0.84" CC="30"/>
					</TextLine>
					<TextLine ID="P7_TL00030" HPOS="159" VPOS="2197" WIDTH="1963" HEIGHT="53">
						<String ID="P7_ST00289" HPOS="159" VPOS="2199" WIDTH="219" HEIGHT="47" CONTENT="nouvelle," WC="0.99" CC="600002404"/>
						<SP ID="P7_SP00260" HPOS="378" VPOS="2246" WIDTH="90"/>
						<String ID="P7_ST00290" HPOS="468" VPOS="2200" WIDTH="255" HEIGHT="50" CONTENT="pourraient" WC="1.00" CC="0000000260"/>
						<SP ID="P7_SP00261" HPOS="723" VPOS="2250" WIDTH="20"/>
						<String ID="P7_ST00291" HPOS="743" VPOS="2202" WIDTH="87" HEIGHT="36" CONTENT="être" WC="0.97" CC="6600"/>
						<SP ID="P7_SP00262" HPOS="830" VPOS="2250" WIDTH="22"/>
						<String ID="P7_ST00292" HPOS="852" VPOS="2202" WIDTH="227" HEIGHT="46" CONTENT="comparés" WC="1.00" CC="01000060"/>
						<SP ID="P7_SP00263" HPOS="1079" VPOS="2250" WIDTH="26"/>
						<String ID="P7_ST00293" HPOS="1105" VPOS="2197" WIDTH="88" HEIGHT="39" CONTENT="àde" WC="0.93" CC="600"/>
						<SP ID="P7_SP00264" HPOS="1193" VPOS="2250" WIDTH="20"/>
						<String ID="P7_ST00294" HPOS="1213" VPOS="2197" WIDTH="164" HEIGHT="49" CONTENT="grands" WC="0.99" CC="000700"/>
						<SP ID="P7_SP00265" HPOS="1377" VPOS="2250" WIDTH="34"/>
						<String ID="P7_ST00295" HPOS="1411" VPOS="2197" WIDTH="190" HEIGHT="49" CONTENT="peintres" WC="1.00" CC="00203000"/>
						<SP ID="P7_SP00266" HPOS="1601" VPOS="2250" WIDTH="38"/>
						<String ID="P7_ST00296" HPOS="1639" VPOS="2199" WIDTH="20" HEIGHT="34" CONTENT="à" WC="0.63" CC="3"/>
						<SP ID="P7_SP00267" HPOS="1659" VPOS="2250" WIDTH="34"/>
						<String ID="P7_ST00297" HPOS="1693" VPOS="2197" WIDTH="73" HEIGHT="48" CONTENT="qui" WC="0.98" CC="050"/>
						<SP ID="P7_SP00268" HPOS="1766" VPOS="2250" WIDTH="36"/>
						<String ID="P7_ST00298" HPOS="1802" VPOS="2208" WIDTH="110" HEIGHT="26" CONTENT="nous" WC="0.99" CC="4000"/>
						<SP ID="P7_SP00269" HPOS="1912" VPOS="2250" WIDTH="34"/>
						<String ID="P7_ST00299" HPOS="1946" VPOS="2197" WIDTH="176" HEIGHT="37" CONTENT="aurions" WC="1.00" CC="0000130"/>
					</TextLine>
					<TextLine ID="P7_TL00031" HPOS="159" VPOS="2262" WIDTH="1963" HEIGHT="53">
						<String ID="P7_ST00300" HPOS="159" VPOS="2267" WIDTH="217" HEIGHT="40" CONTENT="demandé" WC="1.00" CC="0006000"/>
						<SP ID="P7_SP00270" HPOS="376" VPOS="2307" WIDTH="22"/>
						<String ID="P7_ST00301" HPOS="398" VPOS="2281" WIDTH="59" HEIGHT="26" CONTENT="un" WC="0.29" CC="67"/>
						<SP ID="P7_SP00271" HPOS="457" VPOS="2307" WIDTH="17"/>
						<String ID="P7_ST00302" HPOS="474" VPOS="2266" WIDTH="166" HEIGHT="39" CONTENT="dessin." WC="1.00" CC="0000004"/>
						<SP ID="P7_SP00272" HPOS="640" VPOS="2307" WIDTH="25"/>
						<String ID="P7_ST00303" HPOS="665" VPOS="2264" WIDTH="53" HEIGHT="41" CONTENT="Et" WC="0.69" CC="14"/>
						<SP ID="P7_SP00273" HPOS="718" VPOS="2307" WIDTH="19"/>
						<String ID="P7_ST00304" HPOS="737" VPOS="2278" WIDTH="161" HEIGHT="36" CONTENT="songez" WC="1.00" CC="000000"/>
						<SP ID="P7_SP00274" HPOS="898" VPOS="2314" WIDTH="25"/>
						<String ID="P7_ST00305" HPOS="923" VPOS="2265" WIDTH="135" HEIGHT="50" CONTENT="qu'un" WC="0.99" CC="00440"/>
						<SP ID="P7_SP00275" HPOS="1058" VPOS="2315" WIDTH="22"/>
						<String ID="P7_ST00306" HPOS="1080" VPOS="2264" WIDTH="148" HEIGHT="40" CONTENT="dessin" WC="0.99" CC="000105"/>
						<SP ID="P7_SP00276" HPOS="1228" VPOS="2315" WIDTH="16"/>
						<String ID="P7_ST00307" HPOS="1244" VPOS="2264" WIDTH="52" HEIGHT="39" CONTENT="de" WC="0.98" CC="00"/>
						<SP ID="P7_SP00277" HPOS="1296" VPOS="2315" WIDTH="23"/>
						<String ID="P7_ST00308" HPOS="1319" VPOS="2267" WIDTH="170" HEIGHT="45" CONTENT="maître," WC="0.99" CC="0045103"/>
						<SP ID="P7_SP00278" HPOS="1489" VPOS="2315" WIDTH="23"/>
						<String ID="P7_ST00309" HPOS="1512" VPOS="2276" WIDTH="101" HEIGHT="26" CONTENT="sans" WC="0.99" CC="4000"/>
						<SP ID="P7_SP00279" HPOS="1613" VPOS="2315" WIDTH="23"/>
						<String ID="P7_ST00310" HPOS="1636" VPOS="2264" WIDTH="121" HEIGHT="38" CONTENT="avoir" WC="0.99" CC="00050"/>
						<SP ID="P7_SP00280" HPOS="1757" VPOS="2315" WIDTH="25"/>
						<String ID="P7_ST00311" HPOS="1782" VPOS="2262" WIDTH="37" HEIGHT="39" CONTENT="le" WC="0.77" CC="40"/>
						<SP ID="P7_SP00281" HPOS="1819" VPOS="2315" WIDTH="37"/>
						<String ID="P7_ST00312" HPOS="1856" VPOS="2265" WIDTH="139" HEIGHT="36" CONTENT="même" WC="0.99" CC="0302"/>
						<SP ID="P7_SP00282" HPOS="1995" VPOS="2315" WIDTH="35"/>
						<String ID="P7_ST00313" HPOS="2030" VPOS="2265" WIDTH="92" HEIGHT="48" CONTENT="prix" WC="0.99" CC="0012"/>
					</TextLine>
					<TextLine ID="P7_TL00032" HPOS="160" VPOS="2332" WIDTH="1066" HEIGHT="55">
						<String ID="P7_ST00314" HPOS="160" VPOS="2334" WIDTH="134" HEIGHT="53" CONTENT="qu'un" WC="0.98" CC="03460"/>
						<SP ID="P7_SP00283" HPOS="294" VPOS="2387" WIDTH="25"/>
						<String ID="P7_ST00315" HPOS="319" VPOS="2334" WIDTH="192" HEIGHT="47" CONTENT="tableau," WC="0.99" CC="70010004"/>
						<SP ID="P7_SP00284" HPOS="511" VPOS="2387" WIDTH="25"/>
						<String ID="P7_ST00316" HPOS="536" VPOS="2342" WIDTH="64" HEIGHT="31" CONTENT="est" WC="0.98" CC="104"/>
						<SP ID="P7_SP00285" HPOS="600" VPOS="2387" WIDTH="22"/>
						<String ID="P7_ST00317" HPOS="622" VPOS="2333" WIDTH="241" HEIGHT="51" CONTENT="cependant" WC="1.00" CC="000030040"/>
						<SP ID="P7_SP00286" HPOS="863" VPOS="2387" WIDTH="24"/>
						<String ID="P7_ST00318" HPOS="887" VPOS="2337" WIDTH="84" HEIGHT="34" CONTENT="très" WC="0.98" CC="0070"/>
						<SP ID="P7_SP00287" HPOS="971" VPOS="2387" WIDTH="24"/>
						<String ID="P7_ST00319" HPOS="995" VPOS="2333" WIDTH="199" HEIGHT="50" CONTENT="précieux" WC="0.99" CC="00605060"/>
						<SP ID="P7_SP00288" HPOS="1194" VPOS="2387" WIDTH="27"/>
						<String ID="P7_ST00320" HPOS="1221" VPOS="2332" WIDTH="5" HEIGHT="36" CONTENT="!" WC="0.61" CC="3"/>
					</TextLine>
					<TextLine ID="P7_TL00033" HPOS="213" VPOS="2398" WIDTH="1909" HEIGHT="54">
						<String ID="P7_ST00321" HPOS="213" VPOS="2401" WIDTH="123" HEIGHT="43" CONTENT="Nous" WC="1.00" CC="0000"/>
						<SP ID="P7_SP00289" HPOS="336" VPOS="2444" WIDTH="33"/>
						<String ID="P7_ST00322" HPOS="369" VPOS="2415" WIDTH="195" HEIGHT="27" CONTENT="sommes" WC="1.00" CC="000000"/>
						<SP ID="P7_SP00290" HPOS="564" VPOS="2444" WIDTH="20"/>
						<String ID="P7_ST00323" HPOS="584" VPOS="2400" WIDTH="400" HEIGHT="52" CONTENT="particulièrement" WC="1.00" CC="0000470437000052"/>
						<SP ID="P7_SP00291" HPOS="984" VPOS="2452" WIDTH="29"/>
						<String ID="P7_ST00324" HPOS="1013" VPOS="2399" WIDTH="193" HEIGHT="39" CONTENT="heureux" WC="0.98" CC="5065045"/>
						<SP ID="P7_SP00292" HPOS="1206" VPOS="2452" WIDTH="30"/>
						<String ID="P7_ST00325" HPOS="1236" VPOS="2398" WIDTH="53" HEIGHT="39" CONTENT="de" WC="1.00" CC="00"/>
						<SP ID="P7_SP00293" HPOS="1289" VPOS="2452" WIDTH="42"/>
						<String ID="P7_ST00326" HPOS="1331" VPOS="2399" WIDTH="183" HEIGHT="50" CONTENT="pouvoir" WC="1.00" CC="0000020"/>
						<SP ID="P7_SP00294" HPOS="1514" VPOS="2452" WIDTH="24"/>
						<String ID="P7_ST00327" HPOS="1538" VPOS="2399" WIDTH="188" HEIGHT="38" CONTENT="associer" WC="1.00" CC="50000100"/>
						<SP ID="P7_SP00295" HPOS="1726" VPOS="2452" WIDTH="26"/>
						<String ID="P7_ST00328" HPOS="1752" VPOS="2401" WIDTH="21" HEIGHT="34" CONTENT="à" WC="0.93" CC="0"/>
						<SP ID="P7_SP00296" HPOS="1773" VPOS="2452" WIDTH="29"/>
						<String ID="P7_ST00329" HPOS="1802" VPOS="2410" WIDTH="69" HEIGHT="26" CONTENT="ces" WC="1.00" CC="000"/>
						<SP ID="P7_SP00297" HPOS="1871" VPOS="2452" WIDTH="20"/>
						<String ID="P7_ST00330" HPOS="1891" VPOS="2399" WIDTH="206" HEIGHT="37" CONTENT="remercie" SUBS_TYPE="HypPart1" SUBS_CONTENT="remerciements" WC="1.00" CC="00000030"/>
						<HYP HPOS="2097" VPOS="2399" WIDTH="25" CONTENT="-"/>
					</TextLine>
					<TextLine ID="P7_TL00034" HPOS="159" VPOS="2464" WIDTH="1963" HEIGHT="57">
						<String ID="P7_ST00331" HPOS="159" VPOS="2479" WIDTH="142" HEIGHT="32" CONTENT="ments" SUBS_TYPE="HypPart2" SUBS_CONTENT="remerciements" WC="0.99" CC="00640"/>
						<SP ID="P7_SP00298" HPOS="301" VPOS="2511" WIDTH="34"/>
						<String ID="P7_ST00332" HPOS="335" VPOS="2484" WIDTH="58" HEIGHT="26" CONTENT="un" WC="0.45" CC="37"/>
						<SP ID="P7_SP00299" HPOS="393" VPOS="2511" WIDTH="32"/>
						<String ID="P7_ST00333" HPOS="425" VPOS="2470" WIDTH="297" HEIGHT="51" CONTENT="compositeur" WC="1.00" CC="00000030050"/>
						<SP ID="P7_SP00300" HPOS="722" VPOS="2521" WIDTH="22"/>
						<String ID="P7_ST00334" HPOS="744" VPOS="2467" WIDTH="51" HEIGHT="40" CONTENT="de" WC="1.00" CC="00"/>
						<SP ID="P7_SP00301" HPOS="795" VPOS="2521" WIDTH="24"/>
						<String ID="P7_ST00335" HPOS="819" VPOS="2472" WIDTH="86" HEIGHT="35" CONTENT="très" WC="0.99" CC="6000"/>
						<SP ID="P7_SP00302" HPOS="905" VPOS="2521" WIDTH="16"/>
						<String ID="P7_ST00336" HPOS="921" VPOS="2466" WIDTH="139" HEIGHT="50" CONTENT="grand" WC="0.99" CC="00040"/>
						<SP ID="P7_SP00303" HPOS="1060" VPOS="2521" WIDTH="22"/>
						<String ID="P7_ST00337" HPOS="1082" VPOS="2466" WIDTH="134" HEIGHT="39" CONTENT="talent" WC="0.99" CC="504100"/>
						<SP ID="P7_SP00304" HPOS="1216" VPOS="2521" WIDTH="19"/>
						<String ID="P7_ST00338" HPOS="1235" VPOS="2474" WIDTH="40" HEIGHT="30" CONTENT="et" WC="1.00" CC="00"/>
						<SP ID="P7_SP00305" HPOS="1275" VPOS="2521" WIDTH="23"/>
						<String ID="P7_ST00339" HPOS="1298" VPOS="2465" WIDTH="50" HEIGHT="39" CONTENT="de" WC="1.00" CC="00"/>
						<SP ID="P7_SP00306" HPOS="1348" VPOS="2521" WIDTH="20"/>
						<String ID="P7_ST00340" HPOS="1368" VPOS="2465" WIDTH="131" HEIGHT="39" CONTENT="haute" WC="0.98" CC="06060"/>
						<SP ID="P7_SP00307" HPOS="1499" VPOS="2521" WIDTH="21"/>
						<String ID="P7_ST00341" HPOS="1520" VPOS="2466" WIDTH="200" HEIGHT="44" CONTENT="autorité," WC="0.99" CC="006301062"/>
						<SP ID="P7_SP00308" HPOS="1720" VPOS="2521" WIDTH="23"/>
						<String ID="P7_ST00342" HPOS="1743" VPOS="2464" WIDTH="131" HEIGHT="51" CONTENT="qu'on" WC="0.99" CC="00203"/>
						<SP ID="P7_SP00309" HPOS="1874" VPOS="2521" WIDTH="26"/>
						<String ID="P7_ST00343" HPOS="1900" VPOS="2472" WIDTH="99" HEIGHT="43" CONTENT="peut" WC="0.99" CC="0030"/>
						<SP ID="P7_SP00310" HPOS="1999" VPOS="2521" WIDTH="20"/>
						<String ID="P7_ST00344" HPOS="2019" VPOS="2466" WIDTH="103" HEIGHT="38" CONTENT="citer" WC="1.00" CC="00000"/>
					</TextLine>
					<TextLine ID="P7_TL00035" HPOS="156" VPOS="2530" WIDTH="1851" HEIGHT="55">
						<String ID="P7_ST00345" HPOS="156" VPOS="2551" WIDTH="170" HEIGHT="29" CONTENT="comme" WC="0.99" CC="60000"/>
						<SP ID="P7_SP00311" HPOS="326" VPOS="2580" WIDTH="20"/>
						<String ID="P7_ST00346" HPOS="346" VPOS="2552" WIDTH="58" HEIGHT="25" CONTENT="un" WC="0.77" CC="04"/>
						<SP ID="P7_SP00312" HPOS="404" VPOS="2580" WIDTH="21"/>
						<String ID="P7_ST00347" HPOS="425" VPOS="2536" WIDTH="172" HEIGHT="41" CONTENT="modèle" WC="0.99" CC="030700"/>
						<SP ID="P7_SP00313" HPOS="597" VPOS="2580" WIDTH="22"/>
						<String ID="P7_ST00348" HPOS="619" VPOS="2549" WIDTH="54" HEIGHT="26" CONTENT="en" WC="0.67" CC="06"/>
						<SP ID="P7_SP00314" HPOS="673" VPOS="2580" WIDTH="17"/>
						<String ID="P7_ST00349" HPOS="690" VPOS="2537" WIDTH="181" HEIGHT="37" CONTENT="matière" WC="1.00" CC="0001000"/>
						<SP ID="P7_SP00315" HPOS="871" VPOS="2580" WIDTH="19"/>
						<String ID="P7_ST00350" HPOS="890" VPOS="2535" WIDTH="52" HEIGHT="38" CONTENT="de" WC="1.00" CC="00"/>
						<SP ID="P7_SP00316" HPOS="942" VPOS="2580" WIDTH="17"/>
						<String ID="P7_ST00351" HPOS="959" VPOS="2534" WIDTH="247" HEIGHT="51" CONTENT="pédagogie" WC="0.99" CC="760200030"/>
						<SP ID="P7_SP00317" HPOS="1206" VPOS="2585" WIDTH="21"/>
						<String ID="P7_ST00352" HPOS="1227" VPOS="2532" WIDTH="210" HEIGHT="39" CONTENT="musicale" WC="0.99" CC="06000060"/>
						<SP ID="P7_SP00318" HPOS="1437" VPOS="2585" WIDTH="25"/>
						<String ID="P7_ST00353" HPOS="1462" VPOS="2542" WIDTH="7" HEIGHT="27" CONTENT=":" WC="0.45" CC="5"/>
						<SP ID="P7_SP00319" HPOS="1469" VPOS="2585" WIDTH="26"/>
						<String ID="P7_ST00354" HPOS="1495" VPOS="2531" WIDTH="60" HEIGHT="39" CONTENT="M." WC="0.86" CC="02"/>
						<SP ID="P7_SP00320" HPOS="1555" VPOS="2585" WIDTH="23"/>
						<String ID="P7_ST00355" HPOS="1578" VPOS="2531" WIDTH="198" HEIGHT="49" CONTENT="Auguste" WC="1.00" CC="0004000"/>
						<SP ID="P7_SP00321" HPOS="1776" VPOS="2585" WIDTH="18"/>
						<String ID="P7_ST00356" HPOS="1794" VPOS="2530" WIDTH="213" HEIGHT="52" CONTENT="Chapuis." WC="0.74" CC="44500302"/>
					</TextLine>
					<TextLine ID="P7_TL00036" HPOS="210" VPOS="2597" WIDTH="1909" HEIGHT="50">
						<String ID="P7_ST00357" HPOS="210" VPOS="2604" WIDTH="261" HEIGHT="42" CONTENT="Professeur" WC="1.00" CC="0000000000"/>
						<SP ID="P7_SP00322" HPOS="471" VPOS="2646" WIDTH="21"/>
						<String ID="P7_ST00358" HPOS="492" VPOS="2603" WIDTH="275" HEIGHT="40" CONTENT="d'harmonie" WC="1.00" CC="0300000530"/>
						<SP ID="P7_SP00323" HPOS="767" VPOS="2646" WIDTH="25"/>
						<String ID="P7_ST00359" HPOS="792" VPOS="2616" WIDTH="53" HEIGHT="25" CONTENT="au" WC="0.75" CC="05"/>
						<SP ID="P7_SP00324" HPOS="845" VPOS="2646" WIDTH="21"/>
						<String ID="P7_ST00360" HPOS="866" VPOS="2600" WIDTH="354" HEIGHT="47" CONTENT="Conservatoire," WC="1.00" CC="00300000003004"/>
						<SP ID="P7_SP00325" HPOS="1220" VPOS="2647" WIDTH="25"/>
						<String ID="P7_ST00361" HPOS="1245" VPOS="2600" WIDTH="213" HEIGHT="38" CONTENT="directeur" WC="1.00" CC="030000040"/>
						<SP ID="P7_SP00326" HPOS="1458" VPOS="2647" WIDTH="22"/>
						<String ID="P7_ST00362" HPOS="1480" VPOS="2599" WIDTH="51" HEIGHT="38" CONTENT="de" WC="1.00" CC="00"/>
						<SP ID="P7_SP00327" HPOS="1531" VPOS="2647" WIDTH="23"/>
						<String ID="P7_ST00363" HPOS="1554" VPOS="2597" WIDTH="361" HEIGHT="50" CONTENT="l'enseignement" WC="1.00" CC="33051030600030"/>
						<SP ID="P7_SP00328" HPOS="1915" VPOS="2647" WIDTH="23"/>
						<String ID="P7_ST00364" HPOS="1938" VPOS="2599" WIDTH="181" HEIGHT="39" CONTENT="musical" WC="1.00" CC="0100003"/>
					</TextLine>
					<TextLine ID="P7_TL00037" HPOS="155" VPOS="2664" WIDTH="1964" HEIGHT="54">
						<String ID="P7_ST00365" HPOS="155" VPOS="2674" WIDTH="109" HEIGHT="40" CONTENT="dans" WC="0.98" CC="0080"/>
						<SP ID="P7_SP00329" HPOS="264" VPOS="2714" WIDTH="21"/>
						<String ID="P7_ST00366" HPOS="285" VPOS="2673" WIDTH="62" HEIGHT="39" CONTENT="les" WC="0.95" CC="100"/>
						<String ID="P7_ST00367" HPOS="348" VPOS="2671" WIDTH="9" HEIGHT="24" CONTENT="v" STYLE="superscript" WC="1.00" CC="9"/>
						<String ID="P7_ST00368" HPOS="369" VPOS="2672" WIDTH="141" HEIGHT="40" CONTENT="écoles" WC="0.90" CC="000500"/>
						<SP ID="P7_SP00330" HPOS="510" VPOS="2714" WIDTH="22"/>
						<String ID="P7_ST00369" HPOS="532" VPOS="2671" WIDTH="52" HEIGHT="40" CONTENT="de" WC="0.84" CC="03"/>
						<SP ID="P7_SP00331" HPOS="584" VPOS="2714" WIDTH="23"/>
						<String ID="P7_ST00370" HPOS="607" VPOS="2671" WIDTH="38" HEIGHT="39" CONTENT="la" WC="0.77" CC="40"/>
						<SP ID="P7_SP00332" HPOS="645" VPOS="2714" WIDTH="25"/>
						<String ID="P7_ST00371" HPOS="670" VPOS="2670" WIDTH="100" HEIGHT="39" CONTENT="ville" WC="0.99" CC="00230"/>
						<SP ID="P7_SP00333" HPOS="770" VPOS="2714" WIDTH="20"/>
						<String ID="P7_ST00372" HPOS="790" VPOS="2669" WIDTH="52" HEIGHT="39" CONTENT="de" WC="0.82" CC="03"/>
						<SP ID="P7_SP00334" HPOS="842" VPOS="2714" WIDTH="23"/>
						<String ID="P7_ST00373" HPOS="865" VPOS="2668" WIDTH="126" HEIGHT="40" CONTENT="Paris" WC="1.00" CC="00000"/>
						<SP ID="P7_SP00335" HPOS="991" VPOS="2714" WIDTH="26"/>
						<String ID="P7_ST00374" HPOS="1017" VPOS="2677" WIDTH="8" HEIGHT="38" CONTENT=";" WC="1.00" CC="0"/>
						<SP ID="P7_SP00336" HPOS="1025" VPOS="2715" WIDTH="25"/>
						<String ID="P7_ST00375" HPOS="1050" VPOS="2667" WIDTH="340" HEIGHT="51" CONTENT="vice-président" WC="1.00" CC="03003400000075"/>
						<SP ID="P7_SP00337" HPOS="1390" VPOS="2718" WIDTH="21"/>
						<String ID="P7_ST00376" HPOS="1411" VPOS="2667" WIDTH="51" HEIGHT="38" CONTENT="de" WC="1.00" CC="00"/>
						<SP ID="P7_SP00338" HPOS="1462" VPOS="2718" WIDTH="34"/>
						<String ID="P7_ST00377" HPOS="1496" VPOS="2665" WIDTH="38" HEIGHT="39" CONTENT="la" WC="1.00" CC="00"/>
						<SP ID="P7_SP00339" HPOS="1534" VPOS="2718" WIDTH="33"/>
						<String ID="P7_ST00378" HPOS="1567" VPOS="2665" WIDTH="299" HEIGHT="40" CONTENT="Commission" WC="1.00" CC="2000200000"/>
						<SP ID="P7_SP00340" HPOS="1866" VPOS="2718" WIDTH="29"/>
						<String ID="P7_ST00379" HPOS="1895" VPOS="2664" WIDTH="224" HEIGHT="41" CONTENT="d'examen" WC="0.99" CC="04010006"/>
					</TextLine>
					<TextLine ID="P7_TL00038" HPOS="155" VPOS="2732" WIDTH="1964" HEIGHT="54">
						<String ID="P7_ST00380" HPOS="155" VPOS="2742" WIDTH="76" HEIGHT="39" CONTENT="des" WC="1.00" CC="000"/>
						<SP ID="P7_SP00341" HPOS="231" VPOS="2781" WIDTH="21"/>
						<String ID="P7_ST00381" HPOS="252" VPOS="2739" WIDTH="119" HEIGHT="41" CONTENT="chefs" WC="1.00" CC="00020"/>
						<SP ID="P7_SP00342" HPOS="371" VPOS="2781" WIDTH="20"/>
						<String ID="P7_ST00382" HPOS="391" VPOS="2748" WIDTH="40" HEIGHT="32" CONTENT="et" WC="1.00" CC="00"/>
						<SP ID="P7_SP00343" HPOS="431" VPOS="2781" WIDTH="23"/>
						<String ID="P7_ST00383" HPOS="454" VPOS="2736" WIDTH="247" HEIGHT="43" CONTENT="sous-chefs" WC="1.00" CC="2140000010"/>
						<SP ID="P7_SP00344" HPOS="701" VPOS="2781" WIDTH="23"/>
						<String ID="P7_ST00384" HPOS="724" VPOS="2737" WIDTH="52" HEIGHT="39" CONTENT="de" WC="1.00" CC="00"/>
						<SP ID="P7_SP00345" HPOS="776" VPOS="2781" WIDTH="19"/>
						<String ID="P7_ST00385" HPOS="795" VPOS="2737" WIDTH="204" HEIGHT="49" CONTENT="musique" WC="1.00" CC="0002000"/>
						<SP ID="P7_SP00346" HPOS="999" VPOS="2786" WIDTH="20"/>
						<String ID="P7_ST00386" HPOS="1019" VPOS="2735" WIDTH="51" HEIGHT="38" CONTENT="de" WC="1.00" CC="00"/>
						<SP ID="P7_SP00347" HPOS="1070" VPOS="2786" WIDTH="26"/>
						<String ID="P7_ST00387" HPOS="1096" VPOS="2733" WIDTH="190" HEIGHT="49" CONTENT="l'armée," WC="1.00" CC="03000004"/>
						<SP ID="P7_SP00348" HPOS="1286" VPOS="2786" WIDTH="26"/>
						<String ID="P7_ST00388" HPOS="1312" VPOS="2734" WIDTH="305" HEIGHT="48" CONTENT="organisateur" WC="1.00" CC="400050001000"/>
						<SP ID="P7_SP00349" HPOS="1617" VPOS="2786" WIDTH="34"/>
						<String ID="P7_ST00389" HPOS="1651" VPOS="2741" WIDTH="38" HEIGHT="31" CONTENT="et" WC="0.73" CC="05"/>
						<SP ID="P7_SP00350" HPOS="1689" VPOS="2786" WIDTH="31"/>
						<String ID="P7_ST00390" HPOS="1720" VPOS="2732" WIDTH="99" HEIGHT="40" CONTENT="chef" WC="0.99" CC="0301"/>
						<SP ID="P7_SP00351" HPOS="1819" VPOS="2786" WIDTH="11"/>
						<String ID="P7_ST00391" HPOS="1830" VPOS="2732" WIDTH="75" HEIGHT="40" CONTENT="des" WC="1.00" CC="000"/>
						<SP ID="P7_SP00352" HPOS="1905" VPOS="2786" WIDTH="21"/>
						<String ID="P7_ST00392" HPOS="1926" VPOS="2742" WIDTH="193" HEIGHT="30" CONTENT="concerts" WC="0.99" CC="00400601"/>
					</TextLine>
					<TextLine ID="P7_TL00039" HPOS="155" VPOS="2799" WIDTH="1964" HEIGHT="60">
						<String ID="P7_ST00393" HPOS="155" VPOS="2810" WIDTH="53" HEIGHT="38" CONTENT="de" WC="1.00" CC="00"/>
						<SP ID="P7_SP00353" HPOS="208" VPOS="2848" WIDTH="22"/>
						<String ID="P7_ST00394" HPOS="230" VPOS="2806" WIDTH="229" HEIGHT="53" CONTENT="l'orphéon" WC="1.00" CC="440000000"/>
						<SP ID="P7_SP00354" HPOS="459" VPOS="2859" WIDTH="23"/>
						<String ID="P7_ST00395" HPOS="482" VPOS="2805" WIDTH="238" HEIGHT="51" CONTENT="municipal" WC="1.00" CC="000200001"/>
						<SP ID="P7_SP00355" HPOS="720" VPOS="2859" WIDTH="37"/>
						<String ID="P7_ST00396" HPOS="757" VPOS="2803" WIDTH="191" HEIGHT="48" CONTENT="(chorale" WC="1.00" CC="00030050"/>
						<SP ID="P7_SP00356" HPOS="948" VPOS="2859" WIDTH="26"/>
						<String ID="P7_ST00397" HPOS="974" VPOS="2802" WIDTH="182" HEIGHT="39" CONTENT="scolaire" WC="1.00" CC="00045000"/>
						<SP ID="P7_SP00357" HPOS="1156" VPOS="2859" WIDTH="33"/>
						<String ID="P7_ST00398" HPOS="1189" VPOS="2803" WIDTH="145" HEIGHT="45" CONTENT="mixte," WC="0.99" CC="036003"/>
						<SP ID="P7_SP00358" HPOS="1334" VPOS="2859" WIDTH="40"/>
						<String ID="P7_ST00399" HPOS="1374" VPOS="2804" WIDTH="232" HEIGHT="47" CONTENT="composée" WC="1.00" CC="00000000"/>
						<SP ID="P7_SP00359" HPOS="1606" VPOS="2859" WIDTH="22"/>
						<String ID="P7_ST00400" HPOS="1628" VPOS="2800" WIDTH="74" HEIGHT="39" CONTENT="des" WC="1.00" CC="000"/>
						<SP ID="P7_SP00360" HPOS="1702" VPOS="2859" WIDTH="33"/>
						<String ID="P7_ST00401" HPOS="1735" VPOS="2799" WIDTH="140" HEIGHT="40" CONTENT="élèves" WC="0.99" CC="047002"/>
						<SP ID="P7_SP00361" HPOS="1875" VPOS="2859" WIDTH="23"/>
						<String ID="P7_ST00402" HPOS="1898" VPOS="2800" WIDTH="74" HEIGHT="39" CONTENT="des" WC="0.99" CC="002"/>
						<SP ID="P7_SP00362" HPOS="1972" VPOS="2859" WIDTH="20"/>
						<String ID="P7_ST00403" HPOS="1992" VPOS="2813" WIDTH="127" HEIGHT="26" CONTENT="cours" WC="0.99" CC="00500"/>
					</TextLine>
					<TextLine ID="P7_TL00040" HPOS="154" VPOS="2867" WIDTH="1961" HEIGHT="56">
						<String ID="P7_ST00404" HPOS="154" VPOS="2876" WIDTH="230" HEIGHT="47" CONTENT="d'adultes," WC="0.99" CC="0300056004"/>
						<SP ID="P7_SP00363" HPOS="384" VPOS="2923" WIDTH="26"/>
						<String ID="P7_ST00405" HPOS="410" VPOS="2875" WIDTH="203" HEIGHT="39" CONTENT="hommes" WC="1.00" CC="000000"/>
						<SP ID="P7_SP00364" HPOS="613" VPOS="2923" WIDTH="32"/>
						<String ID="P7_ST00406" HPOS="645" VPOS="2881" WIDTH="40" HEIGHT="31" CONTENT="et" WC="0.99" CC="00"/>
						<SP ID="P7_SP00365" HPOS="685" VPOS="2923" WIDTH="22"/>
						<String ID="P7_ST00407" HPOS="707" VPOS="2871" WIDTH="200" HEIGHT="45" CONTENT="femmes," WC="1.00" CC="0000004"/>
						<SP ID="P7_SP00366" HPOS="907" VPOS="2923" WIDTH="34"/>
						<String ID="P7_ST00408" HPOS="941" VPOS="2878" WIDTH="40" HEIGHT="31" CONTENT="et" WC="1.00" CC="00"/>
						<SP ID="P7_SP00367" HPOS="981" VPOS="2923" WIDTH="21"/>
						<String ID="P7_ST00409" HPOS="1002" VPOS="2869" WIDTH="77" HEIGHT="39" CONTENT="des" WC="1.00" CC="000"/>
						<SP ID="P7_SP00368" HPOS="1079" VPOS="2923" WIDTH="38"/>
						<String ID="P7_ST00410" HPOS="1117" VPOS="2867" WIDTH="170" HEIGHT="40" CONTENT="enfants" WC="0.99" CC="0600533"/>
						<SP ID="P7_SP00369" HPOS="1287" VPOS="2923" WIDTH="36"/>
						<String ID="P7_ST00411" HPOS="1323" VPOS="2868" WIDTH="76" HEIGHT="39" CONTENT="des" WC="1.00" CC="001"/>
						<SP ID="P7_SP00370" HPOS="1399" VPOS="2923" WIDTH="34"/>
						<String ID="P7_ST00412" HPOS="1433" VPOS="2867" WIDTH="142" HEIGHT="39" CONTENT="écoles" WC="0.98" CC="604501"/>
						<SP ID="P7_SP00371" HPOS="1575" VPOS="2923" WIDTH="22"/>
						<String ID="P7_ST00413" HPOS="1597" VPOS="2867" WIDTH="52" HEIGHT="39" CONTENT="de" WC="1.00" CC="00"/>
						<SP ID="P7_SP00372" HPOS="1649" VPOS="2923" WIDTH="38"/>
						<String ID="P7_ST00414" HPOS="1687" VPOS="2867" WIDTH="37" HEIGHT="39" CONTENT="la" WC="0.55" CC="44"/>
						<SP ID="P7_SP00373" HPOS="1724" VPOS="2923" WIDTH="36"/>
						<String ID="P7_ST00415" HPOS="1760" VPOS="2867" WIDTH="100" HEIGHT="39" CONTENT="ville" WC="0.99" CC="03500"/>
						<SP ID="P7_SP00374" HPOS="1860" VPOS="2923" WIDTH="32"/>
						<String ID="P7_ST00416" HPOS="1892" VPOS="2867" WIDTH="51" HEIGHT="39" CONTENT="de" WC="1.00" CC="00"/>
						<SP ID="P7_SP00375" HPOS="1943" VPOS="2923" WIDTH="32"/>
						<String ID="P7_ST00417" HPOS="1975" VPOS="2867" WIDTH="140" HEIGHT="46" CONTENT="Paris," WC="0.99" CC="000404"/>
					</TextLine>
					<TextLine ID="P7_TL00041" HPOS="153" VPOS="2933" WIDTH="1964" HEIGHT="61">
						<String ID="P7_ST00418" HPOS="153" VPOS="2956" WIDTH="188" HEIGHT="38" CONTENT="garçons" WC="1.00" CC="0002300"/>
						<SP ID="P7_SP00376" HPOS="341" VPOS="2994" WIDTH="20"/>
						<String ID="P7_ST00419" HPOS="361" VPOS="2951" WIDTH="40" HEIGHT="31" CONTENT="et" WC="0.73" CC="05"/>
						<SP ID="P7_SP00377" HPOS="401" VPOS="2994" WIDTH="21"/>
						<String ID="P7_ST00420" HPOS="422" VPOS="2940" WIDTH="148" HEIGHT="50" CONTENT="filles)," WC="0.99" CC="00173070"/>
						<SP ID="P7_SP00378" HPOS="570" VPOS="2994" WIDTH="26"/>
						<String ID="P7_ST00421" HPOS="596" VPOS="2939" WIDTH="199" HEIGHT="50" CONTENT="Auguste" WC="0.99" CC="0504040"/>
						<SP ID="P7_SP00379" HPOS="795" VPOS="2994" WIDTH="20"/>
						<String ID="P7_ST00422" HPOS="815" VPOS="2937" WIDTH="197" HEIGHT="51" CONTENT="Chapuis" WC="0.85" CC="0500040"/>
						<SP ID="P7_SP00380" HPOS="1012" VPOS="2994" WIDTH="24"/>
						<String ID="P7_ST00423" HPOS="1036" VPOS="2935" WIDTH="62" HEIGHT="40" CONTENT="fut" WC="0.94" CC="466"/>
						<SP ID="P7_SP00381" HPOS="1098" VPOS="2994" WIDTH="23"/>
						<String ID="P7_ST00424" HPOS="1121" VPOS="2935" WIDTH="181" HEIGHT="40" CONTENT="d'abord" WC="0.99" CC="0400500"/>
						<SP ID="P7_SP00382" HPOS="1302" VPOS="2994" WIDTH="34"/>
						<String ID="P7_ST00425" HPOS="1336" VPOS="2949" WIDTH="57" HEIGHT="25" CONTENT="un" WC="0.65" CC="07"/>
						<SP ID="P7_SP00383" HPOS="1393" VPOS="2994" WIDTH="20"/>
						<String ID="P7_ST00426" HPOS="1413" VPOS="2935" WIDTH="76" HEIGHT="39" CONTENT="des" WC="1.00" CC="000"/>
						<SP ID="P7_SP00384" HPOS="1489" VPOS="2994" WIDTH="23"/>
						<String ID="P7_ST00427" HPOS="1512" VPOS="2934" WIDTH="97" HEIGHT="51" CONTENT="plus" WC="0.98" CC="0260"/>
						<SP ID="P7_SP00385" HPOS="1609" VPOS="2994" WIDTH="23"/>
						<String ID="P7_ST00428" HPOS="1632" VPOS="2933" WIDTH="200" HEIGHT="40" CONTENT="brillants" WC="0.99" CC="003960050"/>
						<SP ID="P7_SP00386" HPOS="1832" VPOS="2994" WIDTH="20"/>
						<String ID="P7_ST00429" HPOS="1852" VPOS="2935" WIDTH="189" HEIGHT="39" CONTENT="lauréats" WC="0.99" CC="00620065"/>
						<SP ID="P7_SP00387" HPOS="2041" VPOS="2994" WIDTH="19"/>
						<String ID="P7_ST00430" HPOS="2060" VPOS="2935" WIDTH="57" HEIGHT="40" CONTENT="du" WC="1.00" CC="00"/>
					</TextLine>
					<TextLine ID="P7_TL00042" HPOS="154" VPOS="3000" WIDTH="1963" HEIGHT="58">
						<String ID="P7_ST00431" HPOS="154" VPOS="3011" WIDTH="369" HEIGHT="41" CONTENT="Conservatoire:" WC="1.00" CC="00700002004004"/>
						<SP ID="P7_SP00388" HPOS="523" VPOS="3052" WIDTH="47"/>
						<String ID="P7_ST00432" HPOS="570" VPOS="3023" WIDTH="11" HEIGHT="24" CONTENT="i" WC="0.93" CC="0"/>
						<String ID="P7_ST00433" HPOS="591" VPOS="3012" WIDTH="32" HEIGHT="17" CONTENT="er" STYLE="superscript" WC="0.39" CC="47"/>
						<SP ID="P7_SP00389" HPOS="623" VPOS="3052" WIDTH="29"/>
						<String ID="P7_ST00434" HPOS="652" VPOS="3008" WIDTH="93" HEIGHT="50" CONTENT="prix" WC="0.99" CC="0030"/>
						<SP ID="P7_SP00390" HPOS="745" VPOS="3058" WIDTH="36"/>
						<String ID="P7_ST00435" HPOS="781" VPOS="3005" WIDTH="274" HEIGHT="39" CONTENT="d'harmonie" WC="1.00" CC="0360000510"/>
						<SP ID="P7_SP00391" HPOS="1055" VPOS="3058" WIDTH="39"/>
						<String ID="P7_ST00436" HPOS="1094" VPOS="3002" WIDTH="157" HEIGHT="51" CONTENT="(classe" WC="1.00" CC="0000000"/>
						<SP ID="P7_SP00392" HPOS="1251" VPOS="3058" WIDTH="39"/>
						<String ID="P7_ST00437" HPOS="1290" VPOS="3002" WIDTH="51" HEIGHT="39" CONTENT="de" WC="1.00" CC="00"/>
						<SP ID="P7_SP00393" HPOS="1341" VPOS="3058" WIDTH="39"/>
						<String ID="P7_ST00438" HPOS="1380" VPOS="3001" WIDTH="81" HEIGHT="39" CONTENT="Th." WC="0.96" CC="064"/>
						<SP ID="P7_SP00394" HPOS="1461" VPOS="3058" WIDTH="25"/>
						<String ID="P7_ST00439" HPOS="1486" VPOS="3000" WIDTH="201" HEIGHT="52" CONTENT="Dubois)," WC="0.99" CC="27000524"/>
						<SP ID="P7_SP00395" HPOS="1687" VPOS="3058" WIDTH="38"/>
						<String ID="P7_ST00440" HPOS="1725" VPOS="3016" WIDTH="11" HEIGHT="27" CONTENT="i" WC="0.38" CC="6"/>
						<String ID="P7_ST00441" HPOS="1745" VPOS="3006" WIDTH="33" HEIGHT="17" CONTENT="er" STYLE="superscript" WC="0.47" CC="37"/>
						<SP ID="P7_SP00396" HPOS="1778" VPOS="3058" WIDTH="33"/>
						<String ID="P7_ST00442" HPOS="1811" VPOS="3003" WIDTH="92" HEIGHT="49" CONTENT="prix" WC="0.98" CC="0015"/>
						<SP ID="P7_SP00397" HPOS="1903" VPOS="3058" WIDTH="35"/>
						<String ID="P7_ST00443" HPOS="1938" VPOS="3000" WIDTH="179" HEIGHT="52" CONTENT="d'orgue" WC="1.00" CC="0400000"/>
					</TextLine>
					<TextLine ID="P7_TL00043" HPOS="153" VPOS="3068" WIDTH="1962" HEIGHT="62">
						<String ID="P7_ST00444" HPOS="153" VPOS="3088" WIDTH="41" HEIGHT="32" CONTENT="et" WC="0.56" CC="34"/>
						<SP ID="P7_SP00398" HPOS="194" VPOS="3120" WIDTH="19"/>
						<String ID="P7_ST00445" HPOS="213" VPOS="3078" WIDTH="384" HEIGHT="52" CONTENT="d'improvisation" WC="1.00" CC="013000000065204"/>
						<SP ID="P7_SP00399" HPOS="597" VPOS="3130" WIDTH="17"/>
						<String ID="P7_ST00446" HPOS="614" VPOS="3074" WIDTH="157" HEIGHT="49" CONTENT="(classe" WC="1.00" CC="0010120"/>
						<SP ID="P7_SP00400" HPOS="771" VPOS="3130" WIDTH="21"/>
						<String ID="P7_ST00447" HPOS="792" VPOS="3073" WIDTH="52" HEIGHT="39" CONTENT="de" WC="1.00" CC="00"/>
						<SP ID="P7_SP00401" HPOS="844" VPOS="3130" WIDTH="17"/>
						<String ID="P7_ST00448" HPOS="861" VPOS="3071" WIDTH="136" HEIGHT="40" CONTENT="César" WC="1.00" CC="00000"/>
						<SP ID="P7_SP00402" HPOS="997" VPOS="3130" WIDTH="20"/>
						<String ID="P7_ST00449" HPOS="1017" VPOS="3070" WIDTH="203" HEIGHT="48" CONTENT="Franck)," WC="0.99" CC="60050023"/>
						<SP ID="P7_SP00403" HPOS="1220" VPOS="3130" WIDTH="17"/>
						<String ID="P7_ST00450" HPOS="1237" VPOS="3070" WIDTH="117" HEIGHT="39" CONTENT="élève" WC="0.98" CC="73700"/>
						<SP ID="P7_SP00404" HPOS="1354" VPOS="3130" WIDTH="22"/>
						<String ID="P7_ST00451" HPOS="1376" VPOS="3069" WIDTH="52" HEIGHT="39" CONTENT="de" WC="1.00" CC="00"/>
						<SP ID="P7_SP00405" HPOS="1428" VPOS="3130" WIDTH="23"/>
						<String ID="P7_ST00452" HPOS="1451" VPOS="3068" WIDTH="137" HEIGHT="39" CONTENT="César" WC="0.99" CC="05000"/>
						<SP ID="P7_SP00406" HPOS="1588" VPOS="3130" WIDTH="17"/>
						<String ID="P7_ST00453" HPOS="1605" VPOS="3068" WIDTH="169" HEIGHT="40" CONTENT="Franck" WC="1.00" CC="600000"/>
						<SP ID="P7_SP00407" HPOS="1774" VPOS="3130" WIDTH="23"/>
						<String ID="P7_ST00454" HPOS="1797" VPOS="3083" WIDTH="111" HEIGHT="38" CONTENT="pour" WC="0.99" CC="0023"/>
						<SP ID="P7_SP00408" HPOS="1908" VPOS="3130" WIDTH="23"/>
						<String ID="P7_ST00455" HPOS="1931" VPOS="3070" WIDTH="37" HEIGHT="39" CONTENT="la" WC="0.54" CC="44"/>
						<SP ID="P7_SP00409" HPOS="1968" VPOS="3130" WIDTH="26"/>
						<String ID="P7_ST00456" HPOS="1994" VPOS="3083" WIDTH="91" HEIGHT="26" CONTENT="com" SUBS_TYPE="HypPart1" SUBS_CONTENT="composition..." WC="0.99" CC="000"/>
						<HYP HPOS="2085" VPOS="3083" WIDTH="30" CONTENT="-"/>
					</TextLine>
					<TextLine ID="P7_TL00044" HPOS="152" VPOS="3142" WIDTH="547" HEIGHT="56">
						<String ID="P7_ST00457" HPOS="152" VPOS="3147" WIDTH="242" HEIGHT="51" CONTENT="position..." SUBS_TYPE="HypPart2" SUBS_CONTENT="composition..." WC="1.00" CC="00001304423"/>
						<SP ID="P7_SP00410" HPOS="394" VPOS="3198" WIDTH="24"/>
						<String ID="P7_ST00458" HPOS="418" VPOS="3144" WIDTH="31" HEIGHT="40" CONTENT="Il" WC="0.81" CC="30"/>
						<SP ID="P7_SP00411" HPOS="449" VPOS="3198" WIDTH="19"/>
						<String ID="P7_ST00459" HPOS="468" VPOS="3143" WIDTH="141" HEIGHT="40" CONTENT="obtint" WC="0.99" CC="300055"/>
						<SP ID="P7_SP00412" HPOS="609" VPOS="3198" WIDTH="21"/>
						<String ID="P7_ST00460" HPOS="630" VPOS="3142" WIDTH="37" HEIGHT="38" CONTENT="le" WC="0.83" CC="30"/>
						<SP ID="P7_SP00413" HPOS="667" VPOS="3198" WIDTH="25"/>
						<String ID="P7_ST00461" HPOS="692" VPOS="3153" WIDTH="7" HEIGHT="25" CONTENT=":" WC="0.51" CC="4"/>
					</TextLine>
					<TextLine ID="P7_TL00045" HPOS="207" VPOS="3201" WIDTH="1909" HEIGHT="59">
						<String ID="P7_ST00462" HPOS="207" VPOS="3214" WIDTH="101" HEIGHT="39" CONTENT="Prix" WC="0.99" CC="1020"/>
						<SP ID="P7_SP00414" HPOS="308" VPOS="3253" WIDTH="17"/>
						<String ID="P7_ST00463" HPOS="325" VPOS="3214" WIDTH="53" HEIGHT="38" CONTENT="de" WC="1.00" CC="00"/>
						<SP ID="P7_SP00415" HPOS="378" VPOS="3253" WIDTH="19"/>
						<String ID="P7_ST00464" HPOS="397" VPOS="3210" WIDTH="207" HEIGHT="41" CONTENT="l'lnstitut" WC="0.99" CC="0100063530"/>
						<SP ID="P7_SP00416" HPOS="604" VPOS="3253" WIDTH="24"/>
						<String ID="P7_ST00465" HPOS="628" VPOS="3210" WIDTH="110" HEIGHT="50" CONTENT="(prix" WC="1.00" CC="00000"/>
						<SP ID="P7_SP00417" HPOS="738" VPOS="3260" WIDTH="20"/>
						<String ID="P7_ST00466" HPOS="758" VPOS="3205" WIDTH="198" HEIGHT="50" CONTENT="Rossini)" WC="0.82" CC="30000036"/>
						<SP ID="P7_SP00418" HPOS="956" VPOS="3260" WIDTH="23"/>
						<String ID="P7_ST00467" HPOS="979" VPOS="3218" WIDTH="102" HEIGHT="27" CONTENT="avec" WC="1.00" CC="0000"/>
						<SP ID="P7_SP00419" HPOS="1081" VPOS="3260" WIDTH="17"/>
						<String ID="P7_ST00468" HPOS="1098" VPOS="3205" WIDTH="56" HEIGHT="38" CONTENT="les" WC="0.97" CC="150" STYLEREFS="TXT_2"/>
						<SP ID="P7_SP00420" HPOS="1154" VPOS="3260" WIDTH="7"/>
						<String ID="P7_ST00469" HPOS="1161" VPOS="3203" WIDTH="175" HEIGHT="50" CONTENT="Jardins" WC="0.99" CC="2900080" STYLEREFS="TXT_2"/>
						<SP ID="P7_SP00421" HPOS="1336" VPOS="3260" WIDTH="22"/>
						<String ID="P7_ST00470" HPOS="1358" VPOS="3202" WIDTH="217" HEIGHT="41" CONTENT="d'Armide" WC="0.84" CC="09003000" STYLEREFS="TXT_2"/>
						<SP ID="P7_SP00422" HPOS="1575" VPOS="3260" WIDTH="18"/>
						<String ID="P7_ST00471" HPOS="1593" VPOS="3201" WIDTH="240" HEIGHT="53" CONTENT="(exécution" WC="1.00" CC="0200001401"/>
						<SP ID="P7_SP00423" HPOS="1833" VPOS="3260" WIDTH="25"/>
						<String ID="P7_ST00472" HPOS="1858" VPOS="3218" WIDTH="52" HEIGHT="26" CONTENT="au" WC="0.71" CC="05"/>
						<SP ID="P7_SP00424" HPOS="1910" VPOS="3260" WIDTH="21"/>
						<String ID="P7_ST00473" HPOS="1931" VPOS="3203" WIDTH="159" HEIGHT="44" CONTENT="Conser" SUBS_TYPE="HypPart1" SUBS_CONTENT="Conservatoire" WC="0.99" CC="506000"/>
						<HYP HPOS="2090" VPOS="3203" WIDTH="26" CONTENT="-"/>
					</TextLine>
					<TextLine ID="P7_TL00046" HPOS="150" VPOS="3271" WIDTH="878" HEIGHT="61">
						<String ID="P7_ST00474" HPOS="150" VPOS="3283" WIDTH="169" HEIGHT="38" CONTENT="vatoire" SUBS_TYPE="HypPart2" SUBS_CONTENT="Conservatoire" WC="0.99" CC="7060004"/>
						<SP ID="P7_SP00425" HPOS="319" VPOS="3321" WIDTH="23"/>
						<String ID="P7_ST00475" HPOS="342" VPOS="3294" WIDTH="79" HEIGHT="38" CONTENT="par" WC="0.97" CC="060"/>
						<SP ID="P7_SP00426" HPOS="421" VPOS="3332" WIDTH="23"/>
						<String ID="P7_ST00476" HPOS="444" VPOS="3280" WIDTH="38" HEIGHT="38" CONTENT="la" WC="0.72" CC="50"/>
						<SP ID="P7_SP00427" HPOS="482" VPOS="3332" WIDTH="26"/>
						<String ID="P7_ST00477" HPOS="508" VPOS="3276" WIDTH="172" HEIGHT="42" CONTENT="Société" WC="0.99" CC="0200046"/>
						<SP ID="P7_SP00428" HPOS="680" VPOS="3332" WIDTH="23"/>
						<String ID="P7_ST00478" HPOS="703" VPOS="3276" WIDTH="75" HEIGHT="39" CONTENT="des" WC="0.98" CC="060"/>
						<SP ID="P7_SP00429" HPOS="778" VPOS="3332" WIDTH="24"/>
						<String ID="P7_ST00479" HPOS="802" VPOS="3271" WIDTH="226" HEIGHT="53" CONTENT="concerts)." WC="1.00" CC="0000500324"/>
					</TextLine>
					<TextLine ID="P7_TL00047" HPOS="207" VPOS="3346" WIDTH="432" HEIGHT="42">
						<String ID="P7_ST00480" HPOS="207" VPOS="3349" WIDTH="31" HEIGHT="39" CONTENT="11" WC="0.81" CC="11"/>
						<SP ID="P7_SP00430" HPOS="238" VPOS="3388" WIDTH="28"/>
						<String ID="P7_ST00481" HPOS="266" VPOS="3357" WIDTH="65" HEIGHT="31" CONTENT="est" WC="1.00" CC="000"/>
						<SP ID="P7_SP00431" HPOS="331" VPOS="3388" WIDTH="20"/>
						<String ID="P7_ST00482" HPOS="351" VPOS="3348" WIDTH="186" HEIGHT="39" CONTENT="l'auteur" WC="0.99" CC="00050272"/>
						<SP ID="P7_SP00432" HPOS="537" VPOS="3388" WIDTH="22"/>
						<String ID="P7_ST00483" HPOS="559" VPOS="3346" WIDTH="52" HEIGHT="38" CONTENT="de" WC="1.00" CC="00"/>
						<SP ID="P7_SP00433" HPOS="611" VPOS="3388" WIDTH="20"/>
						<String ID="P7_ST00484" HPOS="631" VPOS="3356" WIDTH="8" HEIGHT="26" CONTENT=":" WC="1.00" CC="0"/>
					</TextLine>
					<TextLine ID="P7_TL00048" HPOS="205" VPOS="3403" WIDTH="1745" HEIGHT="65">
						<String ID="P7_ST00485" HPOS="205" VPOS="3414" WIDTH="331" HEIGHT="54" CONTENT="Enguerrande," WC="0.78" CC="065740000002" STYLEREFS="TXT_2"/>
						<SP ID="P7_SP00434" HPOS="536" VPOS="3468" WIDTH="37"/>
						<String ID="P7_ST00486" HPOS="573" VPOS="3414" WIDTH="151" HEIGHT="38" CONTENT="drame" WC="0.99" CC="00400"/>
						<SP ID="P7_SP00435" HPOS="724" VPOS="3468" WIDTH="24"/>
						<String ID="P7_ST00487" HPOS="748" VPOS="3410" WIDTH="171" HEIGHT="52" CONTENT="lyrique" WC="0.99" CC="3090000"/>
						<SP ID="P7_SP00436" HPOS="919" VPOS="3468" WIDTH="17"/>
						<String ID="P7_ST00488" HPOS="936" VPOS="3422" WIDTH="53" HEIGHT="26" CONTENT="en" WC="0.83" CC="03"/>
						<SP ID="P7_SP00437" HPOS="989" VPOS="3468" WIDTH="27"/>
						<String ID="P7_ST00489" HPOS="1016" VPOS="3422" WIDTH="14" HEIGHT="37" CONTENT="5" WC="0.40" CC="5"/>
						<SP ID="P7_SP00438" HPOS="1030" VPOS="3468" WIDTH="26"/>
						<String ID="P7_ST00490" HPOS="1056" VPOS="3416" WIDTH="115" HEIGHT="31" CONTENT="actes" WC="1.00" CC="00300"/>
						<SP ID="P7_SP00439" HPOS="1171" VPOS="3468" WIDTH="25"/>
						<String ID="P7_ST00491" HPOS="1196" VPOS="3410" WIDTH="247" HEIGHT="48" CONTENT="représenté" WC="0.99" CC="0000610046"/>
						<SP ID="P7_SP00440" HPOS="1443" VPOS="3468" WIDTH="24"/>
						<String ID="P7_ST00492" HPOS="1467" VPOS="3410" WIDTH="20" HEIGHT="35" CONTENT="à" WC="0.65" CC="3"/>
						<SP ID="P7_SP00441" HPOS="1487" VPOS="3468" WIDTH="17"/>
						<String ID="P7_ST00493" HPOS="1504" VPOS="3403" WIDTH="416" HEIGHT="54" CONTENT="l'Opéra-Comique" WC="0.88" CC="340000030100030"/>
						<SP ID="P7_SP00442" HPOS="1920" VPOS="3468" WIDTH="21"/>
						<String ID="P7_ST00494" HPOS="1941" VPOS="3421" WIDTH="9" HEIGHT="33" CONTENT=";" WC="0.32" CC="6"/>
					</TextLine>
					<TextLine ID="P7_TL00049" HPOS="197" VPOS="3481" WIDTH="852" HEIGHT="51">
						<String ID="P7_ST00495" HPOS="197" VPOS="3483" WIDTH="175" HEIGHT="49" CONTENT="Janned" WC="0.93" CC="000040" STYLEREFS="TXT_2"/>
						<String ID="P7_ST00496" HPOS="378" VPOS="3515" WIDTH="8" HEIGHT="17" CONTENT="," WC="0.57" CC="4"/>
						<SP ID="P7_SP00443" HPOS="386" VPOS="3532" WIDTH="23"/>
						<String ID="P7_ST00497" HPOS="409" VPOS="3482" WIDTH="150" HEIGHT="39" CONTENT="drame" WC="1.00" CC="00000"/>
						<SP ID="P7_SP00444" HPOS="559" VPOS="3532" WIDTH="24"/>
						<String ID="P7_ST00498" HPOS="583" VPOS="3481" WIDTH="170" HEIGHT="51" CONTENT="lyrique" WC="0.99" CC="0002060"/>
						<SP ID="P7_SP00445" HPOS="753" VPOS="3532" WIDTH="21"/>
						<String ID="P7_ST00499" HPOS="774" VPOS="3491" WIDTH="52" HEIGHT="27" CONTENT="en" WC="0.66" CC="06"/>
						<SP ID="P7_SP00446" HPOS="826" VPOS="3532" WIDTH="33"/>
						<String ID="P7_ST00500" HPOS="859" VPOS="3492" WIDTH="17" HEIGHT="35" CONTENT="3" WC="0.27" CC="7"/>
						<SP ID="P7_SP00447" HPOS="876" VPOS="3532" WIDTH="28"/>
						<String ID="P7_ST00501" HPOS="904" VPOS="3485" WIDTH="114" HEIGHT="31" CONTENT="actes" WC="1.00" CC="00000"/>
						<SP ID="P7_SP00448" HPOS="1018" VPOS="3532" WIDTH="22"/>
						<String ID="P7_ST00502" HPOS="1040" VPOS="3485" WIDTH="9" HEIGHT="38" CONTENT=";" WC="1.00" CC="0"/>
					</TextLine>
					<TextLine ID="P7_TL00050" HPOS="207" VPOS="3542" WIDTH="1412" HEIGHT="56">
						<String ID="P7_ST00503" HPOS="207" VPOS="3551" WIDTH="76" HEIGHT="38" CONTENT="Les" WC="0.95" CC="605" STYLEREFS="TXT_2"/>
						<SP ID="P7_SP00449" HPOS="283" VPOS="3589" WIDTH="21"/>
						<String ID="P7_ST00504" HPOS="304" VPOS="3548" WIDTH="273" HEIGHT="41" CONTENT="Demoiselles" WC="0.99" CC="20640080109" STYLEREFS="TXT_2"/>
						<SP ID="P7_SP00450" HPOS="577" VPOS="3589" WIDTH="19"/>
						<String ID="P7_ST00505" HPOS="596" VPOS="3548" WIDTH="49" HEIGHT="38" CONTENT="de" WC="1.00" CC="00" STYLEREFS="TXT_2"/>
						<SP ID="P7_SP00451" HPOS="645" VPOS="3589" WIDTH="31"/>
						<String ID="P7_ST00506" HPOS="676" VPOS="3543" WIDTH="236" HEIGHT="55" CONTENT="Samt-Cyr" WC="0.58" CC="29816030" STYLEREFS="TXT_2"/>
						<String ID="P7_ST00507" HPOS="916" VPOS="3575" WIDTH="11" HEIGHT="22" CONTENT="?" STYLE="subscript" WC="0.62" CC="3" STYLEREFS="TXT_2"/>
						<SP ID="P7_SP00452" HPOS="927" VPOS="3598" WIDTH="19"/>
						<String ID="P7_ST00508" HPOS="946" VPOS="3543" WIDTH="192" HEIGHT="40" CONTENT="comédie" WC="1.00" CC="0007000"/>
						<SP ID="P7_SP00453" HPOS="1138" VPOS="3598" WIDTH="24"/>
						<String ID="P7_ST00509" HPOS="1162" VPOS="3542" WIDTH="167" HEIGHT="51" CONTENT="lyrique" WC="1.00" CC="1000030"/>
						<SP ID="P7_SP00454" HPOS="1329" VPOS="3598" WIDTH="29"/>
						<String ID="P7_ST00510" HPOS="1358" VPOS="3554" WIDTH="51" HEIGHT="26" CONTENT="en" WC="0.73" CC="05"/>
						<SP ID="P7_SP00455" HPOS="1409" VPOS="3598" WIDTH="23"/>
						<String ID="P7_ST00511" HPOS="1432" VPOS="3554" WIDTH="24" HEIGHT="37" CONTENT="4" WC="1.00" CC="0"/>
						<SP ID="P7_SP00456" HPOS="1456" VPOS="3598" WIDTH="18"/>
						<String ID="P7_ST00512" HPOS="1474" VPOS="3548" WIDTH="115" HEIGHT="32" CONTENT="actes" WC="0.98" CC="40531"/>
						<SP ID="P7_SP00457" HPOS="1589" VPOS="3598" WIDTH="20"/>
						<String ID="P7_ST00513" HPOS="1609" VPOS="3553" WIDTH="10" HEIGHT="35" CONTENT=";" WC="0.24" CC="7"/>
					</TextLine>
				</TextBlock>
			</PrintSpace>
		</Page>
	</Layout>
</alto>
