2263 4008
127 291 84 47 498

911 302 410 29 CORRESPONDANCE

125 390 133 43 d'une
278 402 113 43 part,
414 393 77 40 des
514 392 232 41 difficultés
769 395 179 41 inutiles
971 404 9 41 ;
1006 396 170 42 d'autre
1195 406 114 44 part,
1334 397 54 40 ils
1409 396 230 51 négligent
1659 396 77 41 des
1757 397 216 40 exercices
1992 396 114 40 indis-

125 460 239 53 pensables
388 475 55 26 au
467 462 217 39 musicien
707 463 76 50 qui
802 461 80 42 fait
905 465 141 50 partie
1068 464 26 40 d
1101 465 8 18 :
1117 479 59 27 un
1213 465 228 43 ensemble
1481 475 42 31 et
1566 466 75 52 qui
1674 464 92 42 doit
1818 466 147 39 savoir
2010 462 94 43 s'ab-

127 528 155 42 sorber
305 530 111 40 dans
440 538 65 32 cet
528 529 248 41 ensemble.

181 597 31 41 Il
234 596 81 42 m'a
338 597 170 42 semblé
548 596 129 56 qu'ils
712 600 177 41 avaient
933 599 157 43 besoin
1113 599 135 44 d'être
1287 605 221 40 remaniés
1553 607 22 37 à
1616 616 72 28 ces
1728 602 147 41 divers
1896 604 150 52 points
2065 602 55 41 de

125 680 99 27 vue.

183 734 392 43 Résumons-nous
601 746 8 28 :

181 802 168 54 Depuis
375 816 105 41 1902
503 817 57 28 on
579 804 237 48 demande,
838 814 41 32 et
896 818 56 28 on
977 807 158 41 réalise
1155 807 39 40 la
1213 807 334 54 simplification
1569 809 54 41 de
1646 809 41 41 la
1712 809 274 51 grammaire
2001 807 100 42 fran-

127 872 132 50 çaise,
278 881 41 32 et
339 885 57 28 on
414 873 212 52 applique
651 873 39 40 la
717 874 209 41 méthode
948 875 163 41 directe
1129 880 21 37 à
1171 875 160 43 l'étude
1354 877 77 41 des
1454 877 204 52 langues.

178 941 334 54 J'entreprends
534 940 281 55 aujourd'hui
848 951 111 33 cette
979 943 166 42 double
1176 944 127 42 tâche
1327 958 9 28 :
1363 944 234 54 simplifier
1620 947 39 40 la
1681 948 275 50 grammaire
1990 946 109 40 musi-

127 1009 91 41 cale
244 1021 8 38 ;
275 1010 181 41 étendre
479 1010 304 53 l'application
805 1011 54 41 de
882 1011 40 41 la
947 1012 209 42 méthode
1175 1014 163 41 directe
1356 1018 21 36 à
1416 1012 162 44 l'étude
1601 1015 60 41 du
1700 1016 193 50 langage
1918 1013 207 49 musical,

211 1077 121 42 enfin
353 1088 157 32 mettre
535 1084 21 35 à
581 1093 47 27 sa
653 1080 123 52 place
799 1080 38 40 le
859 1079 126 42 chant
1007 1080 157 42 choral.

180 1144 126 44 Nous
329 1160 170 29 venons
520 1148 54 40 de
596 1148 107 52 jeter
721 1148 59 42 du
800 1148 82 42 lest
899 1164 9 33 ;
935 1149 319 43 élevons-nous
1275 1165 100 28 vers
1399 1151 40 41 la
1462 1151 168 42 Beauté
1655 1151 7 40 !

1777 1219 38 56 J.
1850 1219 51 42 C.

1022 1422 51 7 —
1096 1400 62 41 M.
1186 1401 84 41 Ad.
1300 1400 183 50 Aderer,
1508 1403 76 51 qui
1609 1416 23 26 a
1653 1401 167 53 qualité
1848 1413 113 40 pour
1983 1400 146 53 parler

124 1469 78 40 des
224 1469 159 41 choses
411 1468 59 42 du
491 1469 187 51 théâtre,
717 1478 40 32 et
790 1470 318 52 spécialement
1144 1470 59 41 du
1239 1470 169 41 théâtre
1432 1470 188 53 lyrique,
1644 1484 23 27 a
1686 1469 80 42 fait
1788 1478 110 32 cette
1921 1468 182 42 observa-

126 1538 93 40 tion
243 1546 121 32 toute
379 1538 159 52 simple
555 1539 115 39 mais
684 1537 313 53 parfaitement
1018 1540 129 51 juste,
1164 1552 85 40 que
1265 1539 113 41 dans
1402 1539 63 41 les
1486 1539 249 41 orchestres
1755 1538 53 41 de
1825 1552 82 27 nos
1935 1538 194 41 théâtres

127 1606 39 40 la
191 1606 270 52 disposition
484 1607 75 51 qui
577 1615 89 31 met
686 1605 62 41 les
778 1607 171 41 cuivres
974 1611 22 35 à
1020 1606 159 49 droite,
1210 1606 64 41 les
1304 1608 214 51 premiers
1546 1607 176 41 violons
1754 1611 21 36 à
1811 1606 189 51 gauche,
2026 1615 102 39 etc.,

127 1683 64 33 est
214 1674 78 41 des
324 1674 100 52 plus
447 1674 236 41 fâcheuses
703 1688 113 39 pour
839 1676 189 41 certains
1048 1676 245 48 auditeurs,
1311 1684 41 32 et
1369 1674 106 54 qu'il
1498 1676 306 40 conviendrait
1826 1676 217 52 déplacer
2065 1675 64 41 les

127 1748 254 36 exécutants
416 1756 54 27 en
506 1744 209 47 éventail,
737 1748 195 48 groupés
969 1758 56 27 au
1054 1752 163 42 centre,
1262 1744 248 41 s'étendant
1543 1744 265 41 au-dessous
1832 1744 53 41 de
1909 1744 39 40 la
1982 1749 145 43 scène,

125 1813 112 40 dans
258 1811 39 41 le
320 1825 103 28 sens
446 1811 54 40 de
538 1811 41 41 la
616 1811 289 53 profondeur,
936 1821 41 32 et
999 1825 90 28 non
1110 1826 75 31 sur
1201 1813 63 40 les
1285 1815 119 38 côtés
1434 1813 113 41 dans
1590 1813 39 40 le
1667 1827 103 27 sens
1793 1813 53 40 de
1869 1813 40 40 la
1933 1813 195 51 largeur.

126 1879 122 42 Tous
271 1880 63 40 les
358 1882 328 50 compositeurs
712 1881 225 41 consultés
961 1895 79 39 par
1058 1880 68 41 M.
1157 1881 169 41 Aderer
1364 1895 76 28 sur
1474 1894 47 28 ce
1559 1883 126 51 point
1721 1890 76 32 ont
1835 1879 215 42 confirmé
2082 1894 47 27 sa

125 1950 197 39 manière
350 1949 54 40 de
433 1950 111 40 voir.
566 1947 65 42 Le
652 1950 187 40 résultat
858 1949 54 42 de
931 1949 221 54 l'enquête
1183 1956 73 35 eût
1285 1954 68 37 été
1381 1950 101 53 plus
1510 1949 160 42 décisif
1693 1963 159 28 encore
1875 1951 54 47 si,
1954 1958 94 33 tout
2076 1963 55 27 en

125 2017 255 41 consultant
412 2017 77 41 des
522 2019 242 39 musiciens
783 2031 124 40 purs,
932 2018 61 41 M.
1021 2018 169 41 Aderer
1209 2016 143 44 s'était
1374 2019 181 41 adressé
1575 2023 22 36 à
1620 2018 216 53 quelques
1875 2018 254 53 physiciens

124 2085 164 41 faisant
321 2086 77 40 des
418 2095 184 31 travaux
625 2086 322 53 d'acoustique.
973 2085 87 43 Les
1082 2086 104 42 faits
1216 2087 107 53 qu'il
1348 2101 22 27 a
1390 2087 138 41 voulu
1557 2087 198 51 signaler
1788 2088 192 40 seraient
2011 2086 117 42 alors

125 2168 193 38 apparus
337 2154 113 40 dans
470 2168 85 27 une
574 2154 185 42 lumière
781 2155 271 41 d'évidence.
1076 2154 121 45 Pour
1220 2156 210 52 indiquer
1451 2164 273 32 exactement
1747 2155 64 41 les
1835 2154 197 42 troubles
2053 2156 75 52 qui

125 2236 46 28 se
192 2223 262 53 produisent
478 2224 103 40 chez
602 2238 59 26 un
680 2224 205 41 auditeur
906 2224 126 52 placé
1054 2227 23 37 à
1102 2222 260 43 l'extrémité
1383 2224 141 41 droite
1554 2225 58 40 du
1641 2225 170 40 théâtre
1834 2232 41 33 et
1897 2224 205 40 immédia-

127 2300 165 33 tement
315 2292 193 40 derrière
531 2290 269 50 l'orchestre,
816 2292 28 41 il
866 2292 119 41 n'eût
1004 2306 82 39 pas
1110 2297 68 37 été
1192 2293 158 43 inutile
1371 2293 54 40 de
1448 2293 93 41 dire
1555 2291 106 55 qu'il
1685 2292 116 41 suffit
1816 2292 105 41 d'un
1940 2293 190 40 dixième

127 2361 52 40 de
203 2361 190 40 seconde
415 2361 112 41 dans
550 2360 40 41 le
613 2361 144 42 retard
776 2360 105 41 d'un
905 2374 98 38 son,
1028 2374 114 40 pour
1165 2362 138 53 qu'un
1341 2362 150 41 conflit
1513 2364 260 51 acoustique
1791 2363 86 39 soit
1899 2361 200 53 possible
2116 2372 11 38 ;

127 2443 85 39 que
228 2427 238 43 l'intensité
485 2429 78 41 des
595 2443 106 28 sons
720 2429 168 42 décroît
908 2443 54 28 en
980 2432 151 39 raison
1153 2431 175 41 inverse
1350 2431 59 41 du
1433 2435 122 36 carré
1574 2430 54 41 de
1648 2430 40 41 la
1712 2431 216 47 distance,
1956 2439 82 32 etc.
2062 2429 71 42 En

125 2512 61 27 un
202 2507 108 41 mot,
336 2498 30 41 il
388 2512 27 39 y
438 2512 22 26 a
485 2498 40 40 là
548 2511 88 28 une
659 2500 207 50 question
891 2500 91 51 qui,
1008 2512 112 40 pour
1149 2501 124 39 avoir
1296 2497 168 43 chance
1493 2498 236 49 d'aboutir,
1752 2499 221 41 demande
1994 2502 22 37 à
2040 2502 91 38 être

179 1398 261 48 L'ENQUÊTE
474 1415 57 25 DE
564 1400 62 41 M.
661 1399 86 42 AD.
783 1399 212 43 ADERER.

127 2571 146 37 serrée
295 2564 104 43 d'un
420 2580 85 39 peu
526 2567 100 52 plus
650 2572 121 47 près.

873 2565 53 43 G.

184 2752 445 42 CORRESPONDANCE.

652 2751 138 42 —De
833 2752 202 42 Londres
1061 2752 40 52 (à
1127 2753 40 40 la
1203 2753 100 40 date
1326 2752 57 41 du
1407 2766 47 37 23
1479 2750 212 54 octobre),
1716 2761 41 32 et
1780 2765 172 28 comme
1978 2755 113 39 suite
2109 2756 21 38 à

127 2822 40 40 la
189 2830 103 32 note
312 2834 137 40 parue
469 2821 112 41 dans
597 2821 41 40 la
660 2820 144 42 Revue
821 2820 202 41 musicale
1038 2821 60 41 du
1120 2834 42 39 15
1192 2821 193 49 octobre,
1411 2820 61 40 M.
1496 2819 190 42 Camille
1706 2818 303 45 Saint-Saëns
2029 2832 103 32 veut

126 2890 104 41 bien
252 2903 113 28 nous
385 2891 135 40 écrire
541 2903 85 39 que
647 2890 52 50 si,
722 2889 110 41 dans
857 2902 69 28 ses
955 2889 218 40 Tableaux
1207 2888 331 57 symphoniques
1559 2890 292 48 (récemment
1874 2904 135 39 parus
2027 2891 104 41 chez

126 2959 221 50 Durand),
369 2958 29 41 il
419 2973 22 26 a
465 2958 206 53 employé
689 2957 78 42 des
785 2971 205 38 gammes
1013 2958 113 41 dites
1147 2971 21 26 «
1188 2957 239 42 orientales
1448 2969 38 40 »,
1505 2970 45 28 ce
1569 2955 110 43 n'est
1696 2971 80 40 pas
1788 2971 113 40 pour
1913 2958 219 55 échapper

126 3032 21 36 à
170 3029 39 40 la
245 3029 204 51 tyrannie
472 3027 59 41 du
551 3026 132 42 mode
705 3027 172 53 majeur
899 3036 41 32 et
976 3027 58 41 du
1053 3027 130 41 mode
1204 3029 176 39 mineur
1397 3041 10 35 ;
1429 3039 70 29 ces
1521 3039 221 38 gammes,
1768 3040 116 28 nous
1904 3029 62 40 dit
1989 3028 115 41 rémi-

127 3105 106 33 nent
256 3097 299 52 compositeur
579 3094 112 55 (qui,
727 3109 54 27 en
819 3098 224 51 musique,
1065 3097 242 41 mériterait
1342 3095 104 42 bien
1469 3096 39 41 le
1531 3098 98 39 titre
1653 3094 355 56 d'orientaliste),
2034 3107 97 32 sont

127 3166 79 40 des
229 3177 207 39 gammes
458 3166 334 52 «égyptiennes
816 3164 313 54 authentiques
1152 3177 39 29 ».

259 3361 38 42 A
320 3376 166 40 propos
507 3362 58 41 du
591 3362 108 42 livre
739 3360 100 56 qu'a
865 3364 154 52 publié
1040 3360 63 44 M.
1128 3361 125 57 Jules
1276 3362 275 45 Combarieu
1571 3362 123 56 (chez
1713 3365 58 42 A.
1793 3366 177 54 Picard)
1994 3381 75 28 sur
2090 3368 41 41 la

126 3429 197 57 Musique
345 3437 37 35 et
404 3432 41 40 la
464 3430 151 56 Magie
620 3463 10 17 ,
652 3430 61 43 M.
732 3431 210 54 Maspéro
976 3442 102 32 veut
1114 3432 104 42 bien
1237 3447 114 28 nous
1393 3436 136 39 écrire
1561 3433 107 55 qu'il
1700 3444 66 33 est
1789 3436 343 52 complètement

130 3500 203 41 d'accord
358 3514 104 27 avec
479 3498 187 45 l'auteur
685 3514 112 40 pour
832 3500 129 43 l'idée
982 3501 336 44 fondamentale
1341 3503 54 41 de
1430 3517 46 28 ce
1501 3505 177 51 travail,
1703 3514 41 33 et
1760 3504 29 41 il
1809 3517 115 30 nous
1949 3505 108 42 offre
2079 3507 53 41 de

132 3581 115 29 nous
271 3583 195 40 envoyer
484 3567 220 56 d'Egypte
725 3571 78 40 des
825 3570 264 43 documents
1112 3574 93 51 qui,
1237 3585 112 40 pour
1388 3573 40 40 le
1449 3573 134 40 détail
1606 3573 54 41 de
1696 3573 38 40 la
1759 3574 371 51 démonstration,

131 3635 317 45 confirmeront
471 3639 271 53 pleinement
764 3648 110 34 cette
897 3641 123 41 thèse
1039 3641 220 41 nouvelle.
1284 3639 126 45 Nous
1424 3639 185 45 n'avons
1633 3656 80 38 pas
1736 3641 158 45 besoin
1916 3643 216 53 d'ajouter
