2263 3859
606 266 272 36 EXÉCUTIONS
910 276 52 26 ET
994 275 318 29 PUBLICATIONS
1343 278 254 28 NOUVELLES

2008 272 80 42 497

1779 339 24 23 *

120 362 131 41 chant
273 363 169 53 choral,
464 379 81 28 nos
564 378 330 41 commençants
917 369 238 51 possèdent
1176 367 219 42 l'essentiel
1401 400 8 8 .
1430 369 61 41 Le
1509 379 111 32 reste
1634 369 180 41 viendra
1834 381 82 40 peu
1945 372 22 35 à
1987 380 100 39 peu,

119 443 80 39 par
221 428 188 54 l'usage,
435 442 40 32 et
508 437 176 39 suivant
707 437 40 39 la
771 440 143 37 même
941 437 206 40 méthode
1167 439 75 50 qui
1265 437 122 52 place
1411 438 197 52 toujours
1639 438 40 40 la
1721 435 229 42 définition
1992 434 75 41 abs-

120 499 126 39 traite
267 511 57 27 ou
362 498 292 55 l'explication
698 504 229 53 théorique
959 508 118 51 après
1110 503 257 42 l'exécution
1391 505 142 40 réelle.
1559 505 127 40 Trois
1719 506 217 50 principes
1956 502 137 41 m'ont

120 566 134 50 guidé
275 566 112 40 dans
407 568 38 39 la
472 571 222 40 rédaction
717 572 52 40 de
792 586 45 27 ce
861 573 105 40 livre
988 581 40 32 et
1048 573 52 39 de
1122 573 110 39 celui
1255 574 74 50 qui
1352 574 144 39 suivra
1523 584 8 27 :

185 640 36 32 i°
244 631 144 44 D'une
427 635 128 51 façon
594 640 220 50 générale,
858 653 113 27 nous
994 641 283 50 supprimons
1313 654 69 26 ces
1402 642 211 39 exercices
1634 639 291 42 d'intonation
1948 645 56 34 où
2037 651 55 28 on

122 701 230 39 accumule
377 702 63 40 les
484 704 231 42 difficultés
750 707 273 50 (altérations
1060 709 286 46 incessantes,
1367 708 216 52 brusques
1606 708 316 49 changements
1960 707 53 39 de
2032 707 63 39 clé

123 768 112 40 dans
261 783 59 25 un
343 771 101 38 trait
463 773 167 50 rapide,
653 773 117 53 etc.),
809 788 170 27 comme
1002 788 56 28 on
1081 775 264 40 accumulait
1367 775 208 41 autrefois
1610 776 62 40 les
1702 778 149 49 pièges
1887 776 110 39 dans
2032 775 61 38 les

127 848 22 27 cc
169 836 164 39 dictées
357 848 20 25 »
403 837 53 40 de
489 841 188 39 certains
700 855 206 28 examens
926 856 111 39 pour
1058 843 218 52 l'épreuve
1298 842 54 40 de
1374 842 328 53 l'orthographe
1730 842 7 38 !
1771 842 115 41 Tout
1908 842 88 40 cela
2032 849 65 32 est

127 903 343 52 complètement
493 907 170 40 inutile.

186 980 43 30 2°
253 969 87 42 Les
360 980 136 33 textes
519 974 53 39 de
604 975 168 51 solfège
801 990 159 37 conçus
995 978 121 40 selon
1139 978 39 40 la
1197 978 222 46 tradition,
1524 977 200 41 exercices
1759 992 70 25 sur
1851 976 247 41 Vintervalle

129 1040 50 39 de
200 1039 193 47 seconde,
416 1054 71 25 sur
510 1041 35 38 le
569 1042 226 52 demi-ton,
819 1060 70 23 sur
919 1045 38 39 la
980 1052 158 46 quarte,
1182 1046 35 38 le
1245 1045 138 40 triolet
1389 1076 11 19 ,
1433 1055 98 38 etc.,
1552 1055 107 41 etc.,
1780 1058 111 27 nous
1911 1045 62 39 les
1996 1057 76 38 sup-

130 1108 200 51 primons
360 1109 119 37 aussi
503 1118 8 36 ;
537 1121 112 28 nous
685 1110 93 40 leur
801 1111 274 41 substituons
1106 1121 228 43 purement
1371 1121 40 31 et
1446 1113 278 51 simplement
1761 1112 75 40 des
1877 1112 221 40 chansons

131 1173 256 52 populaires
409 1173 414 49 (convenablement
865 1178 186 40 choisies
1074 1188 40 31 et
1138 1180 273 50 reproduites
1443 1187 282 41 exactement,
1752 1192 101 26 avec
1876 1179 37 39 le
1934 1186 166 43 respect

132 1241 77 40 des
232 1242 320 51 compositions
574 1243 287 50 populaires).

190 1308 118 41 Tout
349 1322 46 27 ce
419 1305 103 56 qu'il
560 1323 26 38 y
609 1324 21 25 a
673 1310 150 41 d'utile
855 1313 110 39 dans
988 1313 61 40 les
1091 1316 176 37 anciens
1310 1326 19 25 «
1354 1312 189 51 solfèges
1565 1325 20 25 »
1626 1326 45 26 se
1702 1321 149 32 trouve
1888 1313 109 39 dans
2032 1326 68 26 ces

136 1376 224 40 chansons
384 1378 91 49 qui,
500 1390 79 37 par
600 1378 127 47 suite,
755 1389 187 41 peuvent
964 1380 63 40 les
1047 1381 239 51 remplacer
1310 1396 8 32 ;
1363 1380 66 40 s'il
1462 1396 26 35 y
1512 1394 37 36 a,
1575 1380 108 40 dans
1707 1380 61 40 les
1790 1380 209 50 solfèges,
2024 1381 76 39 des

136 1444 157 40 choses
315 1444 73 51 qui
412 1456 54 27 ne
489 1451 98 33 sont
609 1458 78 37 pas
709 1445 111 40 dans
839 1446 62 40 les
924 1447 218 41 chansons
1177 1448 265 52 populaires,
1474 1448 63 40 les
1573 1446 189 51 solfèges
1796 1456 98 32 sont
1926 1448 177 40 inutiles

138 1524 111 38 pour
268 1511 61 39 les
349 1520 344 40 commençants.

199 1583 38 46 3°
256 1577 49 41 Si
325 1590 113 28 nous
463 1580 301 50 supprimons,
791 1592 56 28 ou
870 1581 231 40 réduisons
1124 1595 53 27 au
1202 1583 118 39 strict
1337 1583 260 48 nécessaire,
1619 1582 37 39 la
1676 1583 136 50 partie
1832 1596 18 24 «
1870 1581 167 51 solfège
2061 1594 38 35 »,

139 1658 114 28 nous
287 1645 304 40 introduisons
614 1660 53 26 en
702 1648 213 39 révanche
956 1649 213 51 quelques
1192 1651 211 38 exercices
1436 1662 228 27 nouveaux
1698 1650 105 38 dont
1838 1648 169 41 l'utilité
2029 1657 66 32 est

141 1717 217 46 suggérée
388 1727 78 38 par
486 1712 300 52 l'expérience.

200 1780 151 40 Parmi
375 1780 62 40 les
456 1780 174 41 défauts
654 1795 86 37 que
762 1780 68 53 j'ai
854 1782 37 39 le
925 1783 97 51 plus
1041 1782 323 52 fréquemment
1387 1787 216 37 constatés
1627 1784 108 39 dans
1764 1783 61 40 les
1862 1784 162 40 classes
2046 1789 57 35 où

143 1846 87 43 l'on
251 1848 172 48 chante,
446 1848 28 39 il
494 1863 26 37 y
540 1862 52 26 en
623 1863 21 25 a
661 1849 112 39 deux
790 1850 132 50 qu'on
941 1858 65 32 est
1035 1850 148 51 obligé
1206 1852 51 39 de
1281 1852 163 39 relever
1464 1855 19 35 à
1503 1851 167 51 chaque
1688 1853 162 38 instant
1876 1865 7 26 :

281 1915 111 40 Vous
411 1930 50 24 ne
482 1930 63 24 me
564 1916 202 52 regardez
786 1924 73 42 pas
875 1913 71 42 !...

279 1982 113 40 Vous
413 1998 25 23 n
455 1982 187 40 observez
663 1990 75 46 pas
761 1983 57 39 les
849 1998 181 24 nuances
1060 1983 212 55 indiquées
1295 1982 68 43 !...

202 2050 146 41 Telles
368 2058 99 32 sont
487 2050 61 39 les
565 2050 233 40 doléances
815 2050 292 52 perpétuelles
1129 2051 75 39 des
1227 2056 177 35 maîtres
1432 2053 158 38 devant
1621 2051 116 40 leurs
1767 2051 157 40 élèves.

200 2117 62 41 Le
285 2120 188 50 premier
496 2116 148 42 défaut
664 2131 20 25 a
710 2118 76 39 des
809 2131 153 27 causes
985 2118 252 52 profondes.
1258 2119 31 39 Il
1312 2121 132 44 vient,
1470 2133 52 25 en
1538 2119 166 49 grande
1731 2121 152 49 partie,
1905 2119 52 39 de
1976 2119 39 39 la
2039 2119 48 39 dé-

148 2185 198 53 plorable
383 2184 212 41 habitude
637 2185 53 39 de
725 2187 138 38 croire
886 2199 83 38 que
1005 2184 100 41 c'est
1128 2199 74 26 sur
1225 2185 37 40 le
1294 2187 152 51 papier
1466 2184 138 54 qu'est
1626 2187 38 38 la
1690 2187 215 51 musique.
1930 2185 119 40 Pour
2071 2186 39 39 le

148 2256 209 47 corriger,
382 2266 57 27 on
460 2252 88 40 fera
573 2253 76 40 des
670 2252 203 40 exercices
894 2252 283 40 d'obéissance
1212 2255 23 37 à
1270 2253 40 39 la
1342 2254 190 52 baguette
1539 2286 8 17 ,
1586 2252 224 51 obligeant
1843 2253 61 40 les
1924 2254 143 39 élèves
2089 2257 21 36 à

149 2321 208 51 regarder
379 2321 93 40 leur
491 2324 169 37 maître.
683 2319 31 40 Il
737 2319 92 40 faut
865 2320 62 39 les
950 2333 275 27 commencer
1246 2321 75 38 dès
1351 2321 39 38 le
1411 2323 187 49 premier
1637 2321 111 51 jour,
1790 2321 115 39 alors
1929 2335 82 37 que
2049 2321 62 39 les

148 2387 174 47 enfants
345 2401 46 26 se
410 2387 189 41 bornent
622 2392 22 35 à
670 2401 205 38 marquer
894 2387 76 40 des
995 2396 141 43 temps
1154 2401 101 26 avec
1278 2387 38 40 le
1341 2387 114 51 pied,
1481 2388 38 39 la
1542 2389 118 38 main
1683 2396 40 31 et
1745 2388 38 39 la
1817 2389 113 38 voix.
1956 2387 32 40 Il
2019 2387 93 40 faut

146 2457 63 39 les
230 2458 243 46 continuer,
500 2455 147 52 quand
669 2468 56 27 on
749 2454 164 40 aborde
936 2454 239 41 l'émission
1213 2455 52 38 de
1288 2453 182 44 l'accord
1500 2454 172 52 parfait.
1698 2453 145 53 Qu'on
1865 2455 245 40 introduise

149 2528 48 45 çà
221 2532 41 31 et
284 2524 40 39 là
348 2523 76 40 des
442 2525 149 49 points
614 2521 195 51 d'orgue,
844 2522 77 40 des
943 2521 270 40 accelerando
1222 2553 7 14 ,
1255 2522 75 39 des
1352 2522 252 39 ralentando
1613 2553 7 14 ,
1645 2535 53 26 en
1719 2530 282 32 concentrant
2025 2521 72 41 l'at-

152 2593 167 38 tention
338 2591 54 40 de
411 2599 99 32 tous
534 2604 73 27 sur
627 2590 38 39 le
686 2598 123 41 geste
832 2589 56 40 du
915 2589 111 47 chef,
1049 2598 40 31 et
1124 2602 52 26 en
1209 2591 200 47 exigeant
1436 2602 83 27 une
1550 2588 255 41 obéissance
1843 2598 118 31 toute
1999 2590 93 39 mili-

153 2660 110 38 taire
281 2657 7 38 !

206 2725 120 40 Pour
348 2726 191 49 corriger
570 2725 39 39 le
644 2723 160 41 second
846 2721 164 50 défaut,
1035 2723 29 39 il
1088 2725 215 45 convient,
1326 2723 75 39 dès
1424 2723 38 39 le
1485 2723 147 46 début,
1658 2725 51 38 de
1733 2724 167 39 donner
1924 2738 82 25 aux
2043 2737 48 27 en-

151 2792 117 41 fants
284 2793 52 39 de
356 2792 171 41 bonnes
547 2791 250 49 habitudes,
823 2803 52 26 en
898 2803 53 26 ne
966 2790 93 39 leur
1075 2799 261 42 permettant
1350 2803 78 38 pas
1451 2791 52 38 de
1523 2791 198 49 négliger
1740 2791 377 40 certaineschoses

150 2866 86 34 très
258 2862 305 49 importantes.
588 2858 87 42 Sur
697 2872 84 27 une
804 2857 157 51 simple
1001 2866 116 37 note,
1154 2863 57 42 ut,
1248 2870 55 26 on
1342 2866 100 42 peut
1479 2857 107 40 faire
1621 2872 101 25 avec
1763 2859 38 38 le
1837 2859 97 50 plus
1974 2859 142 48 grand

152 2925 131 54 profit
302 2928 76 39 des
414 2927 200 40 exercices
636 2928 50 38 de
721 2925 146 52 fusion
898 2925 70 38 des
1001 2924 99 39 voix
1107 2953 7 18 )
1149 2937 53 27 en
1223 2937 82 27 vue
1340 2922 216 41 d'obtenir
1596 2924 190 51 l'égalité
1809 2925 199 52 parfaite,
2035 2927 84 39 soit

153 2998 110 36 dans
286 2995 38 39 la
343 2995 208 48 douceur,
573 2996 84 38 soit
680 2993 110 40 dans
811 2993 38 38 la
867 2990 130 41 force.
1020 2989 85 42 Sur
1118 3005 84 26 une
1222 3000 147 31 courte
1386 2991 187 40 mélodie
1597 2998 55 34 où
1669 2994 186 38 certains
1879 3001 241 32 contrastes

153 3070 159 32 auront
334 3066 67 36 été
418 3066 227 46 ménagés,
672 3074 55 27 on
750 3067 102 44 peut
877 3059 118 39 aussi
1104 3071 53 28 en
1171 3060 221 49 précisant
1431 3067 93 32 tout
1560 3058 182 41 d'abord
1774 3057 147 55 l'objet
1960 3061 161 52 spécial

153 3130 53 40 de
222 3138 109 32 cette
353 3130 128 40 étude
500 3152 50 6 —
576 3128 107 40 faire
716 3127 77 40 des
829 3125 200 40 exercices
1061 3124 238 41 d'intensité
1331 3132 40 33 et
1402 3127 49 38 de
1486 3126 209 40 variation
1726 3125 253 50 d'intensité,
2012 3141 111 38 pour

157 3196 170 51 obliger
344 3197 62 40 les
430 3196 173 41 enfants
627 3200 21 35 à
669 3196 145 39 suivre
834 3193 61 40 les
917 3193 263 40 indications
1209 3193 53 40 de
1296 3207 207 26 nuances.
1542 3193 118 41 C'est
1696 3207 53 27 en
1787 3203 93 31 tout
1916 3195 90 39 cela
2039 3208 84 39 que

157 3264 297 50 l'ingéniosité
468 3264 58 39 du
543 3266 157 36 maître
714 3269 102 44 peut
828 3257 207 42 s'exercer
1052 3272 101 26 avec
1173 3257 144 53 profit.
1337 3258 83 40 Les
1439 3259 188 50 solfèges
1650 3260 224 52 employés
1891 3261 169 52 jusqu'à
2078 3275 46 26 ce

157 3333 97 51 jour
275 3345 53 26 ne
348 3332 246 51 paraissent
613 3343 78 38 pas
708 3328 100 40 faits
831 3339 111 40 pour
960 3326 256 41 l'exécution
1229 3327 235 40 collective.
1488 3326 56 41 Ils
1567 3341 52 26 ne
1643 3328 250 51 s'inspirent
1912 3342 77 38 pas
2010 3328 95 40 sufîi-

160 3400 280 38 sammentde
455 3398 127 40 l'idée
599 3398 57 38 du
681 3396 130 39 chant
830 3393 159 40 choral.
1019 3393 55 42 Ils
1100 3398 251 47 présentent
1381 3408 58 26 un
1468 3396 331 49 enseignement
1830 3397 73 50 qui
1932 3398 192 49 pourrait

160 3466 268 51 s'appliquer
452 3470 22 35 à
498 3466 40 38 la
560 3464 237 40 formation
814 3462 103 40 d'un
941 3462 211 40 musicien
1176 3462 167 46 soliste,
1364 3461 210 42 chantant
1597 3461 275 53 quelquefois
1896 3463 75 40 des
1996 3464 127 40 duos.

159 3534 118 49 Trop
303 3547 20 24 «
350 3534 243 49 livresques
614 3540 79 32 »et
715 3529 195 42 attachés
936 3532 21 37 à
994 3542 85 28 une
1094 3529 204 41 méthode
1317 3542 83 39 peu
1423 3529 275 51 rationnelle,
1740 3530 54 40 ils
1836 3532 288 50 accumulent,
