3906 5481
449 226 358 84 Lettre
880 212 127 95 de
1083 209 355 95 Berlin

210 486 159 53 Chez
401 484 268 53 Cassirer
702 498 77 35 on
819 496 27 36 a
887 496 80 52 pu
1004 479 315 65 organiser
1359 487 122 36 une
1513 467 235 69 grande

134 575 59 50 et
247 572 382 66 importante
678 563 349 70 exposition
1079 562 105 52 des
1234 571 238 41 œuvres
1524 554 72 50 de
1646 552 67 51 Cé-

136 669 213 39 zanne.
409 654 66 59 34
530 653 307 60 tableaux,
891 650 74 51 de
1471 636 240 68 aquarel-

135 741 86 51 les
267 744 59 47 et
372 739 241 52 dessins
659 737 83 51 du
795 736 239 66 peintre
1082 745 118 51 que
1248 742 149 37 mon
1446 723 125 53 ami
1622 720 123 51 Bell

136 824 273 69 appelait
458 838 10 37 :
512 821 137 57 ((Le
685 815 371 69 Christophe
1098 811 255 56 Colomb
1392 808 155 53 d'un
1593 821 114 36 nou-

136 923 151 42 veau
322 908 330 54 continent
687 905 73 51 de
791 903 55 51 la
884 903 196 49 forme
1106 918 49 43 »,
1194 912 26 35 s
1249 895 237 52 élèvent
1522 891 223 52 devant

135 993 309 52 l'horizon
497 991 86 52 du
638 986 213 70 public
899 984 327 64 artistique
1278 975 332 57 allemand»
1669 973 78 53 Ce

137 1079 112 51 fait
298 1076 200 52 forme
543 1074 57 53 la
650 1073 140 51 base
840 1071 105 51 des
993 1067 302 52 créations
1347 1059 289 56 actuelles
1686 1062 59 48 et

136 1163 261 52 futures.
441 1158 491 54 Heureusement
966 1152 56 51 le
1059 1149 212 69 public
1306 1145 314 54 allemand
1655 1149 93 49 est

139 1245 142 70 plus
331 1245 239 53 sérieux
616 1255 120 53 que
784 1238 54 52 la
890 1250 203 54 presse
1142 1234 108 67 qui
1298 1231 322 52 l'informe
1668 1227 77 68 (je

137 1343 268 55 suppose
470 1326 158 69 qu'il
696 1324 147 51 n'en
913 1325 88 48 est
1071 1334 105 53 pas
1243 1318 358 52 autrement
1668 1328 76 37 en

137 1411 276 69 France).
448 1412 113 52 Nos
596 1413 253 49 auteurs
883 1406 271 53 écrivant
1189 1418 106 36 sur
1328 1400 144 53 l'art
1508 1414 61 38 se
1604 1402 140 48 sont

135 1512 217 39 encore
395 1510 123 38 une
562 1494 114 53 fois
720 1491 208 53 laissés
972 1487 315 55 entraîner
1335 1500 108 54 par
1488 1483 57 53 la
1593 1482 121 69 poli-

137 1585 172 66 tique
345 1597 12 50 ;
414 1580 30 53 à
499 1579 79 52 tel
641 1579 177 66 point
873 1574 190 68 qu'ils
1121 1572 342 65 critiquent
1520 1570 32 51 à
1607 1568 138 52 leur

138 1669 176 66 point
365 1666 76 52 de
494 1678 114 37 vue
662 1662 73 52 de
792 1682 30 28 «
855 1658 307 66 Politique
1217 1656 75 52 de
1342 1654 161 53 l'Art
1531 1674 27 30 »
1618 1668 127 36 une

133 1751 344 67 exposition
521 1747 166 53 aussi
737 1747 380 65 importante
1163 1756 120 53 que
1329 1739 148 53 celle
1522 1739 74 51 de
1642 1737 68 53 Cé-

133 1850 213 38 zanne.
395 1831 382 54 C'est-à-dire
823 1828 190 68 qu'ils
1060 1826 350 53 s'efforcent
1453 1823 73 52 de
1569 1823 176 67 jouer

133 1919 280 53 Cézanne
473 1920 211 49 contre
749 1933 27 30 a
805 1927 283 37 nouveau
1155 1911 329 51 continent
1547 1908 75 52 de
1687 1907 58 52 la

133 2006 195 50 forme
354 2023 28 30 »
413 2000 201 68 lequel
648 2015 140 37 sans
816 1997 90 53 lui
938 2012 78 37 ne
1048 1995 280 68 pourrait
1359 2008 107 53 pas
1497 1994 243 50 exister.

132 2089 93 53 On
274 2088 278 67 pourrait
596 2084 236 68 répéter
875 2083 86 50 les
1005 2086 237 63 paroles
1287 2094 121 52 que
1453 2072 294 58 Flaubert

131 2174 199 51 notait
378 2171 155 51 dans
580 2185 112 36 son
743 2166 240 68 journal
1030 2181 79 36 en
1155 2166 127 51 face
1330 2165 104 50 des
1482 2163 261 53 colosses

129 2259 75 51 de
254 2256 293 52 Memnon
606 2271 8 36 :
668 2276 30 29 «
723 2258 129 61 Que
901 2252 76 52 de
1025 2250 251 68 regards
1327 2249 72 52 de
1455 2249 288 67 profanes

128 2346 114 49 ont
296 2340 215 69 reposé
564 2354 105 37 sur
724 2353 138 47 eux,
945 2336 389 67 proclamant
1389 2334 166 52 leurs
1612 2333 99 68 opi-

129 2429 186 51 nions
372 2429 59 48 et
492 2427 250 65 passant
801 2423 243 50 ensuite
1072 2440 50 32 ».
1185 2420 107 52 Les
1350 2418 261 53 colosses
1668 2418 75 52 de

129 2511 296 52 Memnon
462 2513 112 48 ont
613 2507 215 52 résisté
869 2508 31 50 à
939 2520 94 38 ces
1075 2504 273 69 regards,
1395 2505 32 52 à
1467 2519 95 38 ces
1607 2518 101 53 pro-

131 2595 369 53 clamations
532 2608 14 49 ;
614 2592 276 53 Cézanne
956 2595 58 48 et
1083 2605 90 37 ses
1243 2589 312 68 disciples,
1626 2604 117 36 eux

127 2680 188 63 aussi,
368 2682 257 49 sauront
672 2695 47 50 y.
751 2677 266 52 résister.
1068 2675 46 51 Il
1163 2679 89 48 est
1301 2676 31 51 à
1377 2689 365 52 remarquer

127 2764 148 70 qu'à
330 2768 155 48 cette
536 2763 280 52 occasion
873 2762 81 51 les
1007 2764 241 64 experts
1300 2763 58 49 et
1414 2759 328 53 soi-disant

127 2850 433 51 connaisseurs
593 2849 217 66 jouent
844 2845 56 52 le
934 2845 125 53 rôle
1094 2845 104 52 des
1233 2845 309 67 profanes,
1582 2845 160 51 mais

127 2950 131 37 non
296 2949 107 52 pas
440 2933 54 52 le
530 2932 216 68 public
779 2935 60 48 et
875 2933 204 50 moins
1116 2944 218 39 encore
1372 2930 85 53 les
1496 2930 248 52 artistes

128 3018 364 53 allemands.

204 3101 383 54 Flechtheim
631 3117 31 37 a
706 3105 214 48 ouvert
965 3101 30 52 à
1038 3100 206 54 Berlin
1292 3115 123 38 une
1457 3099 284 53 nouvelle

128 3188 227 68 galerie
390 3187 163 53 d'art
590 3187 155 52 dans
784 3186 264 67 laquelle
1083 3187 42 51 il
1164 3187 276 51 s'efforce
1477 3186 75 51 de
1590 3186 113 52 don-

129 3289 110 38 ner
298 3287 124 38 une
476 3272 133 53 idée
664 3276 203 48 exacte
921 3272 86 52 du
1061 3293 32 29 «
1117 3287 287 36 nouveau
1461 3270 245 68 dévelop-

132 3362 253 63 pement
432 3357 77 51 de
559 3356 146 53 l'art
751 3372 77 36 en
881 3356 226 52 France
1157 3376 28 30 »
1221 3371 11 49 ;
1284 3373 89 35 un
1424 3351 180 57 effort
1655 3357 57 51 sé-

127 3444 176 51 rieux
353 3442 298 52 méritant
700 3441 39 51 d
768 3442 125 52 être
941 3442 361 67 encouragé.

204 3528 46 51 Il
320 3527 217 67 parait,
609 3526 634 65 malheureusement,
1311 3543 121 52 que
1498 3542 63 37 ce
1625 3531 88 48 ter-

127 3612 156 52 rible
359 3611 215 53 blocus
656 3611 374 52 intellectuel
1110 3612 439 52 actuellement
1626 3614 76 50 im-

130 3697 143 68 posé
308 3712 78 36 en
420 3697 210 53 raison
668 3696 87 52 du
792 3695 239 68 change
1067 3712 70 36 va
1174 3712 218 38 encore
1432 3696 308 69 paralyser

125 3786 59 48 et
209 3781 210 53 même
443 3786 282 47 entraver
757 3785 199 48 toutes
985 3782 86 51 les
1100 3781 237 54 bonnes
1369 3784 369 51 intentions.

128 3867 78 53 La
254 3866 304 69 première
602 3867 346 66 exposition
994 3866 219 54 n'était
1259 3869 178 66 point
1481 3868 227 54 caracté-

128 3953 285 66 ristique,
461 3966 83 37 on
591 3953 160 50 avait
795 3951 426 68 l'impression
1268 3954 191 66 qu'en
1507 3954 234 65 grande

133 4038 197 66 partie
394 4036 108 53 des
567 4050 239 38 œuvres
872 4036 194 51 d'une
1131 4037 209 51 valeur
1408 4038 330 65 médiocre,

129 4120 197 53 seules
336 4157 12 28 >
406 4136 161 38 nous
623 4122 243 51 avaient
917 4121 94 54 été
1064 4122 310 68 envoyées.
1436 4124 95 52 Un
1585 4125 156 67 petit

129 4206 307 52 sous-bois
483 4207 73 51 de
608 4206 245 64 Derairi,
904 4208 158 50 ainsi
1112 4222 121 53 que
1278 4208 161 52 deux
1486 4214 254 47 natures

129 4295 230 49 mortes
401 4292 74 51 de
518 4291 258 67 Braque,
821 4291 217 64 seules,
1083 4292 230 53 étaient
1355 4294 105 52 des
1501 4310 239 37 œuvres

127 4376 487 66 remarquables.
654 4376 108 52 Cet
801 4376 123 53 état
962 4377 76 52 de
1072 4378 212 52 choses
1323 4382 90 48 est
1450 4378 295 55 d'autant

129 4462 144 67 plus
330 4460 370 69 regrettable
758 4461 215 67 qu'ici,
1033 4463 177 66 après
1264 4479 90 35 un
1414 4463 327 54 isolement

126 4546 184 64 forcé,
349 4551 138 46 tout
521 4546 54 51 le
612 4546 232 54 monde
878 4546 321 53 s'acharne
1232 4548 33 53 à
1300 4549 268 67 prendre
1602 4565 104 36 con-

126 4632 321 52 naissance
484 4631 107 52 des
630 4630 316 54 nouvelles
986 4631 330 53 tendances
1355 4633 76 53 de
1469 4633 144 54 l'art
1651 4650 60 38 ac-

126 4716 129 52 tuel
288 4732 77 35 en
404 4716 241 54 France.
686 4717 46 50 A
767 4730 227 53 propos
1026 4715 74 53 de
1131 4732 65 37 ce
1227 4717 514 69 développement

123 4800 87 53 les
264 4801 141 68 plus
457 4800 268 68 grandes
774 4816 242 37 erreurs
1066 4816 61 38 se
1176 4806 142 49 sont
1366 4802 373 69 répandues,

122 4903 83 35 ou
247 4890 112 48 ont
403 4886 94 53 été
536 4886 353 68 répandues
932 4886 667 55 intentionnellement
1640 4904 68 37 en-

122 4987 158 49 core,
322 4987 110 53 par
464 4971 85 52 les
585 4971 262 53 milieux
883 4971 338 69 politiques
1254 4972 83 54 où
1370 4973 44 53 il
1447 4978 91 48 est
1575 4974 169 68 parlé

122 5058 39 51 (1
191 5061 91 52 art

199 5142 195 64 Ainsi,
447 5142 158 52 dans
657 5158 90 36 un
794 5141 152 53 livre
994 5142 265 53 ridicule
1309 5158 108 38 sur
1466 5143 56 54 la
1574 5146 136 67 pein-

127 5232 137 53 ture
309 5229 302 68 française
656 5229 224 72 depuis
933 5227 160 74 1914,
1142 5245 83 39 on
1275 5233 148 68 peut
1469 5235 274 51 contem-

2210 198 128 77 pier
2381 217 127 39 une
2551 198 339 57 caricature
2931 197 73 53 de
3052 188 264 67 Picasso/
3352 172 256 69 difficile
3653 183 31 54 à
3723 169 66 66 dé-

2207 292 234 52 mentir
2492 304 76 36 eu
2624 289 220 63 voyant
2899 282 73 51 de
3025 294 62 37 ce
3144 280 239 65 peintre
3440 285 122 38 une
3614 282 209 40 œuvie

2207 375 166 53 aussi
2436 388 121 53 peu
2619 367 504 65 caractéristique
3185 375 120 54 que
3367 356 148 54 celle
3574 355 74 52 de
3711 367 112 38 son

2206 482 30 27 (t
2264 459 233 52 Pierrot
2531 478 49 41 »,
2629 461 53 46 la
2725 452 165 53 seule
2933 447 253 69 exposée
3226 444 144 52 chez
3413 438 404 55 Flechtheim.

2286 544 160 51 Dans
2489 555 124 37 une
2655 537 322 53 deuxième
3019 531 369 67 exposition,
3440 522 381 54 Fiechtheim

2206 627 303 53 montrait
2569 632 82 43 les
2709 636 239 40 œuvres
3006 621 87 48 du
3153 615 241 67 peintre
3453 610 263 51 Matisse.
3780 602 44 55 À

2205 713 131 52 côté
2385 712 76 52 de
2507 713 324 61 beaucoup
2879 706 74 51 de
3004 705 318 67 peintures
3372 697 356 59 anciennes,
3780 691 43 51 il

2206 816 32 51 y
2275 813 78 36 en
2387 797 160 52 avait
2585 792 468 53 suffisamment
3089 786 74 51 de
3199 782 330 53 modernes
3567 793 159 53 pour
3765 791 61 36 se

2206 884 152 50 laire
2418 896 126 35 une
2606 878 131 52 idée
2798 876 105 51 des
2966 870 311 54 dernières
3342 865 334 53 tendances
3737 861 84 52 du

2208 969 261 65 peintre.

2281 1068 329 66 Beaucoup
2645 1067 73 50 de
2757 1078 91 39 ses
2887 1064 179 51 vieux
3104 1058 158 53 amis
3300 1070 79 38 ne
3416 1056 212 50 savent
3665 1050 128 54 déci-

2204 1154 260 52 dément
2529 1166 107 53 pas
2699 1145 411 71 comprendre
3172 1141 205 69 qu'un
3445 1139 244 67 peintre
3750 1134 75 54 de

2205 1242 181 48 notre
2451 1237 242 67 époque
2761 1234 208 67 puisse
3034 1230 132 52 dire
3243 1242 11 36 :
3322 1245 30 31 «
3380 1223 280 53 Cézanne
3724 1233 102 38 me

2204 1321 227 55 touche
2480 1324 209 47 moins
2721 1338 48 31 ».
2825 1316 172 54 Celui
3045 1313 110 69 qui
3207 1314 149 65 peut
3404 1309 152 52 faire
3602 1321 92 37 un
3741 1304 82 53 tel

2204 1421 153 39 aveu
2403 1405 237 53 devrait
2689 1404 127 52 être
2866 1417 91 36 un
3005 1397 325 55 deuxième
3380 1393 299 60 Cézanne,
3733 1404 90 37 un

2204 1505 287 38 nouveau
2551 1490 263 51 Poussin
2866 1501 84 37 ou
3004 1485 55 51 le
3115 1481 187 69 géant
3358 1478 167 53 Atlas
3571 1476 12 52 !
3638 1476 74 51 Et
3767 1475 58 51 là

2203 1588 364 41 commence
2618 1572 55 50 le
2727 1569 321 70 problème
3098 1566 263 53 Matisse.
3420 1562 49 52 Il
3523 1565 91 49 est
3667 1575 157 54 paru

2204 1676 125 36 une
2365 1658 327 53 collection
2727 1654 412 53 intéressante
3175 1652 287 52 donnant
3501 1660 123 39 une
3663 1645 162 52 suite

2202 1746 106 52 des
2359 1744 243 52 dessins
2655 1741 75 52 de
2783 1738 332 55 Kokochka
3168 1737 109 67 qui
3335 1735 313 67 prennent
3699 1744 126 38 une

2204 1828 307 70 première
2551 1827 169 68 place
2756 1825 157 51 dans
2954 1823 19 51 1
3006 1822 361 64 Allemagne
3404 1815 279 58 actuelle.
3728 1814 96 54 On

2202 1914 86 53 les
2342 1914 202 66 voyait
2598 1926 79 36 en
2731 1909 206 52 même
2989 1912 205 62 temps
3248 1906 33 51 à
3331 1903 164 53 deux
3545 1901 280 52 endroits

2201 1997 346 64 différents,
2595 2011 122 37 aux
2760 1993 382 68 expositions
3183 1990 89 52 du
3313 1989 255 51 docteur
3612 1983 177 55 Golds-

2201 2080 674 56 chmidt-Wallerstem
2907 2082 60 47 et
3000 2077 145 51 chez
3180 2072 256 55 Gurlitt.

2275 2169 94 52 En
2417 2156 208 63 àiême
2677 2170 204 62 temps
2930 2163 100 51 fut
3079 2160 163 54 édité
3291 2160 33 52 à
3375 2159 254 62 Vienne,
3679 2155 146 53 chez

2206 2251 252 55 Strache
2515 2249 211 67 Lanjy,
2788 2263 91 36 un
2935 2250 217 48 carton
3210 2259 138 38 avec
3402 2243 85 52 les
3545 2241 280 53 derniers

2202 2337 242 55 dessins
2501 2336 75 51 de
2634 2331 353 55 Kokochka.
3048 2331 46 51 A
3151 2342 364 54 remarquer
3573 2329 252 49 surtout

2202 2423 57 52 la
2319 2420 339 54 neutralité
2718 2419 75 51 de
2853 2417 263 52 l'artiste
3175 2414 156 52 dans
3393 2427 92 37 ses
3545 2411 280 52 derniers

2201 2508 262 53 dessins.
2510 2503 255 68 Chaque
2805 2503 147 52 trait
2994 2501 73 51 de
3110 2514 225 53 crayon
3376 2502 92 47 est
3509 2495 316 53 influencé

2204 2608 109 53 par
2357 2591 56 53 le
2460 2591 345 50 sentiment
2851 2586 55 52 le
2954 2586 143 67 plus
3144 2583 238 63 tendre,
3429 2581 273 53 l'amour
3750 2580 75 52 de

2202 2678 57 52 la
2294 2680 246 60 nature,
2581 2674 57 52 la
2674 2674 181 66 façon
2894 2671 363 68 supérieure
3291 2668 75 53 de
3402 2667 130 52 voir
3567 2671 59 47 et
3661 2680 123 38 com-

2204 2762 269 68 prendre
2527 2760 85 51 les
2669 2758 214 53 choses
2940 2771 108 53 par
3105 2754 296 62 l'auteur,
3462 2753 110 66 qui
3628 2751 196 53 révèle

2201 2847 160 53 ainsi
2400 2861 91 37 ses
2527 2844 376 52 sentiments
2937 2841 85 52 les
3060 2839 142 68 plus
3235 2837 194 53 variés
3462 2841 61 48 et
3559 2836 86 53 les
3682 2835 142 69 plus

2202 2933 278 52 intimes.
2524 2928 161 54 C'est
2722 2928 58 52 la
2816 2926 217 53 réalité
3069 2923 262 54 touchée
3369 2924 33 52 à
3440 2923 181 69 peine
3655 2922 76 51 de
3766 2920 58 53 la

2206 3018 212 67 pointe
2454 3015 106 52 des
2596 3014 229 66 doigts,
2863 3027 84 37 on
2985 3011 56 52 la
3077 3011 127 51 voit
3238 3007 392 70 représentée
3667 3006 156 53 dans

2204 3106 137 48 tout
2380 3115 114 38 son
2530 3098 273 64 charme,
2846 3113 64 36 sa
2948 3093 430 71 multiplicité,
3419 3108 113 38 son
3570 3091 256 53 charme

2200 3192 59 47 et
2308 3202 62 35 sa
2416 3183 268 54 richesse
2728 3182 232 53 offrant
3006 3185 60 49 et
3110 3179 278 54 révélant
3436 3193 92 38 ses
3577 3181 243 49 secrets.

2203 3270 166 54 Dans
2401 3286 96 36 ces
2529 3269 262 62 dessins,
2829 3266 197 53 d'une
3060 3264 219 69 pureté
3313 3263 508 62 extraordinaire,

2201 3357 55 51 le
2304 3356 244 67 peintre
2594 3352 196 53 révèle
2837 3355 140 49 tout
3021 3366 65 37 ce
3131 3365 122 53 que
3298 3349 58 52 la
3402 3353 228 47 nature
3674 3351 150 64 peut

2204 3440 176 53 offrir
2449 3436 373 65 d'intimité,
2895 3436 76 53 de
3036 3434 269 53 richesse
3374 3437 59 48 et
3502 3432 316 53 d'amour.

2200 3527 162 52 Nous
2394 3539 272 38 sommes
2697 3523 75 52 de
2803 3536 287 38 nouveau
3121 3519 261 55 étonnés
3417 3534 109 52 par
3556 3519 56 50 la
3646 3518 144 67 supé-

2201 3611 214 51 riorité
2459 3614 58 48 et
2563 3609 55 51 le
2667 3608 343 52 sentiment
3058 3606 368 51 infiniment
3475 3603 219 53 tendre
3737 3602 88 53 du

2204 3695 264 69 peintre,
2512 3695 111 67 qui
2666 3693 217 68 frappe
2925 3696 179 48 notre
3145 3690 421 66 imagination
3609 3702 110 56 par
3761 3704 64 36 sa

2202 3779 399 69 spontanéité
2639 3782 60 48 et
2737 3794 64 36 sa
2841 3776 279 52 manière
3157 3775 74 53 de
3269 3776 150 51 voir.

2276 3865 262 63 Dvorak,
2596 3863 55 51 le
2704 3866 215 50 savant
2971 3861 75 52 de
3098 3860 145 52 l'art
3298 3864 165 48 mort
3516 3859 273 53 dernière-

2201 3955 198 60 ment,
2448 3950 157 51 dans
2652 3963 93 38 ses
2790 3945 362 54 recherches
3198 3960 279 38 connues
3527 3960 107 37 sur
3681 3944 144 52 l'art

2201 4034 306 70 gothique
2562 4030 282 71 publiées
2899 4032 406 62 récemment,
3363 4030 158 52 dans
3579 4030 55 52 la
3694 4029 98 68 pré-

2202 4123 125 49 face
2364 4120 73 51 de
2473 4134 112 36 son
2621 4132 269 52 ouvrage
2927 4132 108 38 sur
3068 4116 257 64 Vienne,
3365 4130 101 37 ose
3503 4129 322 52 comparer

2201 4207 85 51 les
2341 4202 242 54 dessins
2638 4203 74 51 de
2768 4200 330 54 Kokochka
3155 4202 31 52 à
3241 4216 153 37 ceux
3448 4201 75 52 de
3578 4198 246 54 Michel-

2203 4292 172 63 Ange
2408 4293 60 48 et
2502 4289 87 52 du
2622 4287 225 65 Titien,
2887 4292 58 47 et
2983 4286 240 53 Dvorak
3258 4284 223 55 n'était
3519 4286 179 67 point
3734 4300 89 35 un

2201 4373 426 54 sentimental.

2280 4460 90 52 Un
2419 4462 177 49 autre
2640 4458 150 52 livre
2839 4458 350 67 important
3235 4473 32 35 a
3314 4471 158 52 paru
3518 4455 273 52 dernière-

2202 4549 197 59 ment,
2447 4545 109 67 qui
2605 4543 163 52 n'est
2816 4557 106 52 pas
2969 4546 139 48 tout
3153 4542 33 53 à
3231 4540 112 55 fait
3389 4557 90 34 un
3523 4540 157 52 livre,
3718 4556 107 36 sur

2202 4630 163 64 l'art,
2420 4630 159 50 mais
2632 4626 207 69 plutôt
2891 4642 91 36 un
3029 4626 152 52 livre
3233 4641 108 37 sur
3391 4625 292 68 l'époque
3734 4640 61 38 ac-

2200 4714 210 63 tuelle,
2460 4715 110 66 qui
2615 4712 219 53 éclaire
2876 4727 140 38 avec
3058 4711 57 53 la
3161 4711 270 68 rapidité
3473 4711 76 51 de
3592 4711 234 52 l'éclair

2201 4815 125 36 une
2366 4800 326 62 situation,
2734 4798 59 51 la
2833 4796 196 53 nôtre.
3077 4797 48 52 Il
3168 4795 297 69 s'appelle
3506 4817 31 30 «
3578 4796 76 52 Le
3692 4794 100 54 der-

2201 4886 136 51 nier
2380 4883 257 53 homme
2680 4903 27 30 »
2755 4888 59 47 et
2855 4899 32 36 a
2932 4898 158 52 paru
3134 4882 31 53 à
3212 4882 252 64 Vienne,
3510 4881 164 53 édité
3716 4895 110 54 par

2199 4970 161 52 E.-P.
2397 4969 103 52 Tal
2534 4974 59 47 et
2624 4969 217 68 Cornp.
2883 4968 123 53 Son
3037 4972 226 48 auteur
3295 4971 91 49 est
3418 4966 135 54 Max
3585 4966 234 53 Picard.

2201 5077 30 29 ((
2283 5054 349 64 L'homme,
2684 5054 94 53 dit
2825 5069 65 37 ce
2938 5054 171 63 livre,
3163 5054 257 61 imit.ant
3468 5051 234 70 l'appel
3751 5053 75 51 de

2201 5142 361 64 Cassandre,
2620 5140 162 54 n'est
2836 5140 143 69 plus
3032 5160 51 32 ».
3137 5141 108 52 Les
3294 5138 160 55 êtres
3507 5138 283 70 d'aujour-

2201 5227 206 58 d'hui,
2465 5226 415 56 ressemblant
2934 5243 121 39 aux
3109 5226 311 66 hommes,
3479 5225 149 55 n'en
3684 5229 142 52 sont

2384 5280 23 18 ■'
2434 5294 6 3 -
