3906 5481
1994 4940 85 68 56

583 500 190 88 qu'il
826 498 562 90 approfondisse
1437 517 76 46 sa
1559 496 142 77 vie,
1759 515 76 46 sa
1884 512 271 67 propre
2204 493 142 76 vie,
2402 490 151 66 afin
2609 485 274 89 qu'elle
2932 483 220 68 vaille
3201 490 166 59 tous
3418 480 103 66 les

582 605 310 66 frissons
932 601 87 68 de
1059 623 78 45 ce
1176 598 300 80 monde,
1522 603 237 61 toutes
1798 595 101 66 les
1941 595 400 84 agitations
2383 591 88 68 de
2512 591 73 66 la
2624 590 286 66 surface
2949 586 428 90 planétaire.

771 706 212 66 Voilà
1037 701 537 90 l'équivalence
1630 698 191 88 qu'il
1877 698 107 66 lui
2045 698 157 66 faut
2258 696 266 68 établir
2590 717 14 44 :
2661 695 66 66 le
2785 701 238 78 temps
3081 698 69 59 et
3205 688 316 86 l'espace

582 808 301 69 doivent
920 808 148 66 être
1107 803 597 69 contrebalancés
1742 822 133 67 par
1913 822 149 45 une
2101 801 367 66 existence
2509 798 88 66 de
2637 798 351 66 création.
3034 791 487 70 L'exaltation

582 916 130 85 qui
756 911 64 68 le
864 911 378 66 soulèvera
1281 930 95 44 au
1417 927 215 47 cours
1676 905 88 67 de
1808 927 133 44 son
1987 925 254 46 oeuvre
2285 901 222 68 devra
2551 905 257 62 ruiner
2851 899 184 67 dans
3081 920 134 44 nos
3261 898 260 84 esprits

582 1015 521 89 l'importance
1159 1013 88 66 de
1303 1016 237 61 toutes
1599 1010 102 66 les
1764 1006 459 68 révolutions
2285 1006 424 66 humaines.
2792 1003 545 76 Evidemment,
3420 998 101 66 les

582 1116 570 71 chefs-d'œuvre
1205 1121 166 60 sont
1428 1113 300 79 relatifs,
1791 1133 142 46 eux
1987 1111 224 78 aussi,
2273 1118 70 59 et
2399 1109 101 67 les
2560 1106 457 70 révolutions
3076 1104 445 87 esthétiques

580 1225 291 64 suivent
905 1218 66 68 le
1007 1218 78 66 fil
1122 1218 374 66 ordinaire
1533 1214 314 68 desdites
1884 1213 460 67 révolutions
2383 1213 425 66 humaines.
2852 1209 180 66 Mais
3071 1230 146 47 une
3255 1208 268 88 pensée

582 1323 382 88 originale,
1036 1319 487 90 approfondie
1569 1318 308 89 jusqu'à
1923 1340 76 44 sa
2046 1316 302 68 volonté
2395 1316 254 66 divine
2698 1321 70 59 et
2814 1314 335 78 obscure,
3220 1309 301 90 jusqu'à

580 1450 132 44 son
749 1424 271 68 silence
1054 1423 293 79 obscur,
1389 1445 73 44 se
1498 1419 303 70 déroule
1833 1419 185 68 dans
2055 1418 349 67 l'absolu.

765 1529 348 66 Dernière
1164 1529 366 65 tentation
1596 1548 12 44 :
1662 1526 320 86 puisque
2031 1529 164 61 tout
2248 1529 244 61 rentre
2544 1523 185 66 dans
2783 1521 381 68 l'Histoire
3215 1526 69 59 et
3337 1518 184 67 dans

577 1631 293 80 l'oubli,
914 1631 176 68 c'est
1127 1629 357 88 peut-être
1523 1650 148 45 une
1708 1628 220 67 chose
1969 1626 342 86 agréable
2350 1646 143 66 que
2534 1624 66 68 le
2641 1624 369 80 bonheur,
3056 1631 69 59 et
3162 1623 53 66 il
3255 1629 105 61 est
3396 1621 125 66 des

577 1738 272 67 matins
892 1738 59 64 si
993 1734 241 88 pleins
1276 1733 88 67 de
1406 1734 70 65 la
1516 1733 331 66 douceur
1887 1736 339 61 terrestre
2268 1753 144 64 que
2456 1729 313 66 l'artiste
2814 1731 336 85 pourrait
3196 1726 320 79 s'écrier,

577 1861 291 48 comme
912 1838 217 67 Faust
1161 1860 12 44 :
1222 1865 32 34 «
1305 1838 413 77 Arrête-toi,
1762 1843 83 61 tu
1889 1856 73 44 es
2007 1836 60 64 si
2112 1834 190 66 beau
2334 1836 14 66 !
2395 1860 34 35 »
2478 1833 180 66 Mais
2702 1831 222 68 l'idée
2968 1831 88 68 de
3100 1831 71 68 la
3213 1838 198 61 mort
3455 1829 68 66 le

575 1941 310 68 sollicite
959 1961 156 46 vers
1186 1939 124 66 des
1381 1941 371 64 émotions
1821 1936 171 90 plus
2065 1938 351 66 intenses.
2499 1934 125 68 Cet
2697 1934 216 88 appel
2988 1934 124 66 des
3184 1932 337 70 ténèbres

575 2046 376 90 suprêmes
991 2044 107 66 lui
1141 2044 364 68 découvre
1545 2042 425 68 l'existence
2011 2041 90 66 de
2141 2063 78 46 sa
2256 2063 273 66 propre
2568 2039 327 80 ténèbre,
2942 2044 71 61 et
3054 2059 144 66 que
3239 2037 281 68 celle-ci

573 2149 156 68 doit
782 2147 145 68 être
981 2149 378 66 éternisée.
1420 2147 91 67 Le
1567 2147 405 65 sentiment
2026 2146 86 66 de
2170 2144 71 68 la
2294 2151 220 73 mort,
2578 2141 503 89 l'inquiétude
3135 2141 126 67 des
3318 2144 203 64 nuits

573 2252 281 67 futures
890 2251 103 66 lui
1030 2251 476 66 démontrent
1538 2249 72 66 la
1645 2251 352 66 nécessité
2033 2247 88 68 de
2158 2247 70 68 la
2265 2249 352 64 création.
2663 2246 200 67 Cette
2900 2247 245 65 vision
3184 2244 337 68 dernière

575 2378 93 45 ne
705 2352 390 71 sera-t-elle
1132 2374 129 66 pas
1300 2352 69 68 la
1405 2352 167 88 plus
1611 2354 381 86 puissante
2030 2352 88 66 de
2157 2357 201 61 toute
2399 2371 74 46 sa
2510 2352 143 77 vie,
2697 2357 71 60 et
2805 2369 129 46 son
2979 2349 260 66 devoir
3276 2354 69 61 et
3384 2369 136 46 son

573 2457 258 90 plaisir
871 2481 92 42 ne
1007 2456 291 67 sont-ils
1342 2478 129 67 pas
1515 2456 174 66 d'en
1735 2456 406 86 prolonger
2180 2476 136 66 par
2360 2474 274 46 avance
2676 2452 68 68 le
2786 2454 581 88 pressentiment
3398 2454 29 64 ?

761 2561 158 67 Une
956 2561 437 66 méditation
1430 2562 374 85 mystique
1842 2562 337 87 pourrait
2211 2561 364 64 terminer
2610 2564 110 61 cet
2756 2559 185 66 essai
2979 2556 539 69 d'illustration

572 2664 86 67 de
709 2661 71 69 la
829 2662 257 68 beauté
1139 2662 333 68 obscure.

2668 2765 181 65 Jean
2904 2763 372 67 CASSOU.

1237 3034 147 83 LA
1467 3035 618 83 SITUATION
2170 3013 688 105 FINANCIÈRE

761 3275 129 68 Les
953 3279 484 64 économistes
1498 3275 88 70 de
1647 3282 239 63 toutes
1952 3277 233 68 écoles
2251 3299 73 44 se
2385 3285 169 58 sont
2617 3275 393 85 fourvoyés
3073 3275 184 66 dans
3322 3274 198 67 leurs

578 3380 539 88 appréciations
1159 3379 124 67 des
1327 3382 471 66 événements
1843 3380 398 68 découlant
2285 3380 88 66 de
2417 3379 71 67 la
2532 3402 290 63 guerre,
2876 3379 88 67 de
3008 3379 246 66 même
3303 3379 213 81 façon

578 3504 146 68 que
766 3504 180 46 ceux
990 3485 128 81 qui
1166 3485 332 85 feignent
1540 3484 398 69 d'aborder
1980 3485 72 68 la
2097 3485 330 68 solution
2477 3484 123 67 des
2648 3484 421 88 problèmes
3118 3484 400 66 financiers

575 3605 174 50 avec
778 3585 122 68 des
932 3590 474 85 conceptions
1435 3592 293 64 étroites
1760 3592 131 85 qui
1921 3612 93 44 ne
2045 3597 325 80 peuvent
2399 3587 370 90 s'adapter
2798 3611 146 44 aux
2974 3590 544 65 circonstances

575 3688 374 70 actuelles.

758 3790 200 69 Dans
991 3793 100 68 les
1129 3793 326 70 derniers
1493 3795 249 70 débats
1779 3797 611 88 parlementaires
2427 3797 41 66 à
2502 3795 71 68 la
2612 3795 373 68 Chambre
3022 3795 125 66 des
3184 3795 329 86 députés,

573 3898 100 66 où
709 3902 233 62 ioutes
978 3897 98 67 les
1110 3898 589 70 manifestations
1735 3903 354 65 oratoires
2124 3909 132 61 ont
2290 3924 105 64 pu
2429 3902 374 86 exprimer
2836 3900 103 66 les
2974 3900 544 86 appréciations

575 4000 102 68 les
710 4000 170 90 plus
922 4005 293 78 variées,
1256 4003 52 66 il
1344 4025 93 48 ne
1469 4005 171 68 s'est
1676 4007 233 67 révélé
1943 4029 247 45 aucun
2228 4005 259 69 tribun
2526 4005 365 66 financier
2927 4010 223 83 ayant
3184 4025 88 46 su
3308 4003 167 68 abor-

575 4103 132 68 der
756 4103 88 70 de
898 4107 198 66 front
1147 4107 102 67 les
1303 4110 351 66 réformes
1709 4132 144 66 que
1908 4117 474 83 comportent
2431 4110 71 66 la
2556 4110 356 68 situation
2968 4115 69 61 et
3091 4108 66 68 le
3211 4107 307 69 malaise

575 4207 367 69 financier
983 4208 100 68 du
1125 4230 202 68 pays.

758 4308 113 70 On
924 4334 35 44 a
1010 4315 190 83 agité
1251 4313 66 68 le
1367 4322 278 81 spectre
1694 4317 88 69 de
1833 4317 627 78 l'inflationisme,
2521 4337 169 47 sans
2739 4315 349 69 toutefois
3140 4318 209 66 avoir
3394 4320 124 64 osé

573 4420 351 83 patroner
966 4413 425 75 hardiment
1430 4418 71 68 la
1540 4418 379 85 déflation;
1965 4422 70 66 la
2075 4422 418 88 principale
2536 4423 249 65 raison
2830 4422 129 86 qui
3005 4427 144 61 sert
3188 4420 88 68 de
3320 4413 198 97 règle

573 4527 70 61 et
680 4516 88 72 de
807 4520 203 86 ligne
1049 4520 86 69 de
1174 4522 349 69 conduite
1562 4545 142 46 aux
1738 4530 368 83 partisans
2146 4527 104 67 du
2289 4533 196 61 statu
2524 4547 147 66 quo
2710 4532 195 74 ante,
2951 4525 177 69 c'est
3167 4525 246 90 plutôt
3450 4527 70 67 le

573 4643 330 66 manque
939 4623 88 66 de
1063 4645 315 66 courage
1415 4628 484 68 réformateur
1931 4654 143 62 que
2111 4630 69 68 la
2217 4632 536 66 connaissance
2788 4635 246 63 exacte
3068 4628 88 70 de
3191 4628 71 70 la
3296 4632 183 67 situa-

572 4726 159 68 tion
785 4726 400 70 financière
1232 4728 229 88 qu'ils
1508 4730 330 88 feignent
1886 4733 408 85 d'ignorer.
