3906 5481
1923 4887 110 75 14

544 475 241 64 toutes
831 466 106 70 les
980 465 332 71 violettes
1356 463 89 70 de
1491 483 161 48 mer
1699 460 248 67 furent
1992 456 300 71 cachées
2343 478 171 46 sous
2563 456 102 70 les
2715 455 287 71 feuilles
3051 456 237 65 vertes
3335 449 131 68 des

555 573 318 87 vagues?
910 570 142 68 Des
1090 571 222 65 nuées
1349 566 327 68 chassées
1715 560 394 88 d'Europe,
2155 580 411 49 reconnues
2605 560 41 67 à
2683 563 183 63 cette
2902 556 213 70 tache
3149 555 88 67 de
3276 573 184 65 sang

544 675 166 88 pâle
739 671 183 90 qu'y
951 693 41 46 a
1020 671 254 68 laissée
1303 668 227 80 Paris,
1569 668 41 66 à
1638 671 180 65 cette
1852 663 233 69 odeur
2114 663 90 69 de
2233 663 211 68 tabac
2475 663 91 68 de
2598 661 388 81 Hollande,
3025 663 44 66 à
3098 660 124 67 des
3254 665 206 61 troua

544 776 210 70 bleus
790 775 359 88 découpés
1188 775 41 66 à
1266 771 69 66 la
1373 771 235 66 forme
1645 768 88 68 de
1772 788 115 48 ces
1926 766 132 68 îles
2101 768 98 66 où
2238 766 398 68 hivernent
2675 766 103 66 les
2819 766 479 76 romanciers,
3342 780 118 47 ces

546 881 224 66 nuées
815 897 188 47 nous
1049 875 281 67 ôtèrent
1374 880 163 61 tout
1581 869 196 68 désir
1820 868 264 68 d'aller
2129 868 170 90 plus
2344 866 161 70 loin
2553 866 184 68 dans
2786 866 420 68 l'inconnu.
3264 861 195 69 C'est

544 1003 80 48 ce
670 980 276 89 jour-là
995 998 142 68 que
1188 976 66 68 le
1301 976 364 87 capitaine
1716 995 71 46 se
1838 978 295 83 trompa
2182 971 90 70 de
2322 969 392 82 méridien,
2773 978 69 61 et
2893 969 124 68 dès
3068 968 149 69 lors
3267 985 188 49 nous

543 1081 487 90 manquâmes
1066 1086 235 61 toutes
1339 1078 103 68 les
1483 1076 289 70 escales.
1820 1076 171 68 Puis
2028 1076 164 66 vint
2229 1095 80 49 ce
2348 1076 174 86 jour
2560 1076 99 66 où
2697 1074 67 68 le
2803 1073 265 69 voilier
3105 1069 306 70 s'embar-

543 1206 195 50 rassa
766 1184 181 68 dans
980 1183 100 67 les
1112 1181 454 86 branchages
1598 1179 228 68 d'une
1857 1179 184 68 forêt
2070 1178 90 69 de
2194 1178 250 81 corail,
2483 1179 100 66 où
2614 1198 191 47 nous
2836 1176 260 69 dûmes
3130 1173 325 69 attendre

543 1284 271 92 qu'elle
846 1286 112 66 fût
990 1284 327 66 devenue
1349 1289 162 61 tout
1547 1284 39 65 à
1623 1281 129 68 fait
1786 1303 147 46 une
1967 1279 98 70 île
2099 1286 71 61 et
2204 1279 286 90 qu'une
2527 1281 315 66 mission
2880 1279 88 68 de
3002 1276 453 90 géographes

541 1389 302 70 abordât
870 1410 191 67 pour
1086 1388 71 66 la
1183 1388 411 66 découvrir.
1632 1384 194 68 Nous
1857 1384 384 68 devînmes
2272 1383 193 69 alors
2495 1383 90 67 de
2615 1383 266 69 solides
2915 1384 212 78 amis,
3164 1400 290 50 comme

538 1493 125 67 des
704 1489 420 88 gentlemen
1166 1488 567 71 véritablement
1772 1486 439 88 désespérés.
2260 1486 335 68 Pendant
2641 1486 235 88 qu'on
2920 1484 349 70 attachait
3311 1503 144 47 aux

538 1615 305 66 vergues
883 1593 125 66 dix
1047 1591 209 68 mille
1296 1591 415 69 couvercles
1752 1589 88 68 de
1882 1587 232 72 boîtes
2155 1589 90 68 de
2285 1609 388 48 conserves
2715 1591 129 85 qui
2886 1587 337 68 devaient
3266 1604 188 50 nous

534 1696 288 69 donner
853 1694 89 68 de
975 1694 155 68 loin
1168 1714 169 50 sous
1371 1694 103 68 les
1508 1692 246 70 soleils
1791 1691 404 69 couchants
2229 1691 376 69 l'éclatant
2641 1698 244 81 aspect
2920 1689 188 69 d'un
3147 1687 305 70 Kursaal

536 1797 88 70 de
653 1797 328 87 Lugano,
1015 1818 183 45 vous
1232 1797 439 87 crayonniez
1703 1796 183 67 dans
1919 1816 105 47 un
2057 1796 183 86 petit
2270 1801 273 61 carnet.

714 1901 132 69 Les
885 1906 232 62 morts
1157 1901 195 67 seuls
1393 1908 322 81 peuvent
1759 1899 145 69 être
1948 1901 197 66 aussi
2187 1897 295 70 tendres
2524 1919 144 68 que
2712 1919 190 48 nous
2947 1899 259 68 étions.
3257 1896 195 67 Nous

536 2006 356 79 suivions,
944 2002 303 90 jusqu'à
1296 2002 71 68 la
1418 2002 281 90 pâleur,
1757 2002 66 68 le
1877 2023 302 67 passage
2231 2001 127 67 des
2409 2001 218 86 longs
2681 2004 339 85 poissons
3073 1999 198 69 doux
3322 2001 130 86 qui

533 2109 347 66 venaient
914 2124 316 49 caresser
1269 2106 163 67 leur
1469 2106 132 67 dos
1645 2106 42 67 à
1726 2112 212 61 notre
1979 2124 257 68 coque.
2285 2104 200 68 Vous
2527 2104 332 66 deviniez
2905 2102 183 68 dans
3132 2126 105 44 un
3278 2107 174 61 vent

534 2207 187 71 d'est
765 2211 40 66 à
851 2207 168 88 quel
1068 2207 298 90 parfum
1415 2229 73 46 se
1535 2207 374 68 frottaient
1957 2207 101 68 les
2106 2207 252 68 dames
2404 2206 276 69 créoles
2727 2206 90 67 de
2864 2206 234 79 Lima,
3152 2204 88 69 de
3289 2204 120 68 Val-

533 2314 287 86 paraiso
858 2333 17 60 ;
909 2312 179 81 moi,
1127 2311 183 67 dans
1344 2334 105 46 un
1481 2319 176 61 vent
1687 2311 312 81 d'ouest,
2036 2312 71 88 je
2143 2311 395 67 n'arrivais
2571 2312 43 66 à
2644 2312 232 66 sentir
2910 2331 144 68 que
3086 2311 71 66 la
3191 2331 205 46 mono-

533 2422 171 61 tone
756 2414 230 68 odeur
1037 2414 102 71 du
1196 2443 34 35 «
1261 2414 215 69 Pears
1532 2414 191 90 Soap
1755 2441 63 54 »,
1879 2416 42 66 à
1977 2417 178 85 quoi
2209 2414 163 68 l'on
2426 2436 74 46 se
2556 2414 342 88 parfume
2952 2416 43 64 à
3052 2412 293 88 Sidney,
3410 2414 40 64 à

533 2515 448 68 Melbourne.
1044 2515 196 70 Nous
1295 2519 450 86 apprenions
1801 2537 144 68 que
1999 2519 159 64 rien
2216 2539 96 46 ne
2363 2524 178 61 vaut
2592 2515 465 68 décidément
3110 2515 74 66 la
3235 2517 215 86 peine

531 2619 232 69 d'être
800 2642 102 44 vu
939 2627 71 61 et
1049 2622 173 66 saisi
1264 2619 87 69 de
1393 2622 189 86 près,
1633 2641 143 67 que
1818 2627 203 63 toute
2063 2619 221 71 chose
2328 2641 186 49 vous
2556 2620 273 88 rejoint
2871 2619 407 89 n'importe
3320 2620 122 82 où,

533 2742 142 68 que
705 2720 71 70 le
800 2720 258 90 plaisir
1086 2722 204 68 enfin
1320 2729 105 62 est
1455 2746 104 44 un
1593 2724 216 66 festin
1842 2722 88 69 de
1962 2730 220 73 mort,
2217 2725 322 87 puisque
2570 2720 306 88 l'image
2908 2720 90 70 de
3027 2725 129 77 toi,
3198 2720 252 90 quand

533 2824 71 67 la
661 2825 369 83 reçoivent
1086 2846 154 47 mes
1295 2847 213 66 yeux,
1572 2824 193 69 n'est
1820 2825 186 90 déjà,
2070 2847 185 48 mon
2312 2829 178 78 ami,
2554 2824 173 89 plus
2783 2825 73 68 la
2912 2827 277 66 tienne.
3254 2825 200 68 Pour

533 2927 377 90 employer
947 2930 43 65 à
1027 2935 210 61 notre
1274 2929 420 69 délivrance
1733 2935 205 61 votre
1980 2932 244 64 savoir
2262 2929 89 69 de
2392 2932 311 85 peintre,
2751 2929 66 67 le
2858 2932 365 85 capitaine
3266 2949 181 47 vous

533 3032 162 86 pria
736 3028 308 70 d'écrire
1086 3052 126 46 sur
1249 3030 73 70 la
1361 3030 291 71 voilure
1693 3052 91 46 en
1831 3032 246 69 lettres
2119 3032 92 69 de
2255 3039 167 62 cent
2465 3032 206 88 pieds
2719 3040 110 60 cet
2871 3034 154 66 avis
3083 3052 15 48 :

1357 3133 207 70 Make
1621 3157 41 46 a
1718 3135 186 70 little
1962 3137 169 66 hint
2182 3135 151 70 this
2390 3157 166 66 way
2598 3139 12 64 !

714 3235 113 68 Un
868 3233 361 72 bâtiment
1264 3257 210 68 passa
1513 3259 169 47 sous
1725 3245 210 61 notre
1974 3245 194 75 vent,
2216 3244 98 64 où
2353 3238 161 67 l'on
2558 3238 466 68 n'entendait
3062 3238 341 89 probable-

531 3345 208 64 ment
795 3360 141 65 que
992 3338 438 88 l'espagnol,
1491 3362 124 49 car
1671 3342 52 66 il
1782 3364 212 66 passa
2050 3349 232 62 outre.
2346 3342 198 67 Vous
2604 3343 369 87 peignîtes
3027 3342 191 67 alors
3278 3343 40 66 à
3376 3342 69 67 la

529 3442 317 66 misaine
881 3462 144 44 une
1059 3443 322 66 créature
1415 3465 142 44 aux
1594 3443 325 68 hanches
1955 3447 428 78 immenses,
2426 3452 203 61 toute
2663 3443 366 87 d'argent,
3071 3443 90 70 de
3196 3448 249 66 cuivre

531 3550 71 59 et
648 3542 189 81 d'or,
895 3547 129 83 qui
1073 3545 315 86 appelait
1439 3545 347 83 l'amour,
1843 3555 68 61 et
1962 3547 208 69 mille
2223 3548 257 71 choses
2534 3547 87 67 de
2676 3547 214 69 celles
2946 3547 282 88 qu'une
3281 3548 162 68 âme

528 3643 257 70 tendre
822 3652 175 79 peut
1034 3648 318 87 évoquer
1389 3670 92 46 en
1523 3650 351 69 soufflant
1913 3672 128 44 sur
2079 3674 105 44 un
2226 3653 290 66 miroir.
2566 3650 197 68 Cette
2805 3650 242 69 même
3090 3653 166 65 nuit
3298 3674 145 45 une

529 3746 215 68 étoile
805 3748 253 70 filante
1117 3753 129 83 qui
1306 3755 393 85 rejoignait
1757 3775 76 46 sa
1892 3755 517 69 constellation
2470 3760 325 63 traversa
2854 3777 136 46 nos
3052 3755 126 68 dix
3235 3755 208 68 mille

529 3851 300 65 miroirs
875 3850 88 67 de
1010 3851 378 70 fer-blanc.
1439 3853 201 70 J'eus
1687 3855 67 69 le
1799 3860 571 83 pressentiment
2416 3857 88 67 de
2553 3857 274 86 grands
2878 3857 403 69 malheurs.
3333 3858 109 68 En

529 3951 188 82 effet,
760 3975 103 44 un
895 3956 181 83 petit
1108 3958 270 64 cratère
1413 3962 447 64 sous-marin
1896 3960 228 68 éclata
2160 3960 66 68 le
2262 3962 428 67 lendemain
2724 3968 69 60 et
2825 3982 271 68 poussa
3130 3962 312 67 soudain

531 4061 210 61 notre
797 4055 96 67 île
949 4058 39 64 à
1046 4056 67 68 la
1173 4061 301 66 surface.
1537 4061 254 70 Divers
1850 4072 623 77 gouvernements
2536 4065 493 68 s'émurent...
3098 4065 113 69 Un
3269 4075 173 61 vent

528 4156 291 68 d'ouest
868 4161 127 83 qui
1047 4163 261 64 sentait
1354 4163 66 68 le
1467 4171 309 61 mouton
1828 4188 188 46 nous
2067 4188 305 48 ramena
2421 4190 161 44 vers
2634 4166 188 82 l'est,
2881 4171 129 85 qui
3061 4171 264 68 sentait
3376 4170 66 68 le

529 4260 275 66 fumier
841 4260 401 69 d'oiseaux.
1290 4265 57 66 Il
1386 4288 46 63 y
1474 4271 120 61 eut
1635 4288 112 48 ces
1786 4268 232 81 villes,
2067 4292 115 45 ces
2223 4270 472 81 immeubles,
2744 4292 114 45 ces
2900 4273 378 83 végétaux,
3327 4295 113 46 ces

528 4363 333 81 femmes,
915 4371 68 60 et
1030 4387 78 44 ce
1156 4370 128 83 qui
1335 4390 92 46 ne
1474 4378 173 59 vaut
1693 4371 69 66 la
1808 4376 215 85 peine
2072 4373 230 69 d'être
2353 4376 249 87 appris
2654 4397 143 64 que
2846 4397 133 66 par
3027 4375 303 89 l'image
3379 4380 61 66 si

528 4463 442 71 doucement
1007 4464 255 90 pâmée
1301 4492 141 64 que
1488 4493 184 48 nous
1713 4495 90 46 en
1845 4483 389 80 apportent
2275 4476 103 70 les
2417 4485 234 61 vents.

2484 4684 205 68 Paul
2734 4684 337 68 BUDRY.
