3906 5481
303 308 84 67 de
459 307 628 79 demi-bacheliers,
1163 308 64 65 et
1273 322 203 68 parce
1546 297 160 84 qu'il
1756 293 94 66 est

301 393 361 66 tellement
704 398 83 61 de
831 413 124 46 son
1002 398 144 76 âge,
1193 395 63 61 le
1303 390 180 79 sujet
1525 380 320 84 acquiert,

301 495 88 44 au
470 478 168 79 plan
719 476 566 81 psychologique,
1368 490 134 45 une
1579 468 271 74 étrange

301 562 244 67 valeur
594 559 506 64 sentimentale.
1178 556 259 66 Tandis
1508 571 131 63 que
1703 549 146 78 trop

303 644 83 61 de
447 661 284 47 romans
795 645 82 63 de
936 644 357 62 vieillards
1354 632 402 88 prétendent
1815 630 35 61 à

303 723 425 66 d'artificiels
794 723 359 66 souvenirs
1219 722 374 71 d'enfance,
1659 715 191 78 L'âge

303 806 311 63 heureux
655 808 102 63 est
797 827 268 45 comme
1109 810 61 61 le
1210 805 241 64 miroir
1490 803 324 78 rétrospec-

301 888 85 64 tif
428 889 205 63 d'une
670 891 137 63 très
848 893 283 78 précoce
1170 891 335 78 jeunesse.

381 1026 157 65 Aux
569 1028 318 80 passions
919 1026 462 66 clandestines
1414 1026 91 63 du
1539 1023 166 64 fond
1737 1021 113 61 des

299 1111 347 64 corridors
677 1113 205 62 firent
912 1113 195 79 place
1141 1113 61 62 le
1236 1109 164 82 goût
1432 1109 81 63 de
1544 1109 68 61 la
1642 1106 208 63 danse

299 1192 65 63 et
414 1194 94 63 du
562 1194 162 61 flirt.
807 1192 312 77 Tarnier,
1197 1191 255 81 Béjart,
1532 1186 313 74 Lernain,

299 1275 275 80 lycéens
619 1275 520 80 d'aujourd'hui
1188 1275 65 63 et
1295 1277 161 80 plus
1498 1292 85 46 ou
1627 1270 223 65 moins

298 1358 228 65 reflets
569 1360 162 63 d'un
770 1358 400 65 moi-même
1210 1357 314 72 lointain,
1566 1357 96 62 les
1701 1372 111 46 con-

298 1438 238 80 quêtes
589 1458 173 46 vous
814 1441 156 63 sont
1024 1440 239 64 faciles
1317 1458 130 61 que
1502 1438 345 63 Natanson

298 1541 171 44 vous
516 1541 39 43 a
601 1523 393 91 préparées,
1044 1524 65 63 et
1156 1524 61 61 le
1268 1524 130 61 don
1451 1523 90 62 du
1591 1519 258 65 théâtre

299 1606 99 61 est
436 1624 155 44 rare
630 1606 118 79 qui
792 1607 268 70 permet
1100 1607 83 61 de
1224 1606 237 62 tendre
1503 1607 65 61 la
1608 1606 239 62 chaîne

299 1689 83 61 de
425 1687 66 63 la
533 1687 207 74 jeune
780 1689 142 61 fille
963 1687 39 63 à
1043 1690 67 61 la
1151 1687 466 79 demi-vierge,
1664 1689 80 61 de
1783 1687 66 61 la

296 1768 393 64 courtisane
736 1770 37 62 à
821 1772 66 60 la
934 1770 256 64 femme
1234 1770 278 64 mariée.
1564 1768 285 71 Tarnier

296 1868 86 46 ne
430 1851 205 64 doute
684 1854 83 61 de
814 1853 147 66 rien
1019 1875 12 40 :
1078 1851 374 83 perversité
1500 1853 85 64 où
1634 1853 176 62 trans-

294 1934 229 80 paraît
613 1953 243 45 encore
943 1936 359 81 beaucoup
1392 1936 452 73 d'innocence,

298 2017 132 61 don
482 2015 347 66 iuanisme
877 2019 84 62 où
1009 2019 68 61 la
1124 2017 315 64 sincérité
1485 2017 167 64 tient
1696 2019 151 78 trop

298 2100 83 61 de
435 2100 196 78 place
685 2119 180 59 pour
921 2100 167 80 qu'il
1144 2100 129 64 soit
1325 2102 387 79 vainqueur
1767 2103 80 63 de

294 2178 383 78 lui-même,
738 2181 457 65 sensualisme
1251 2185 305 62 cérébral
1610 2185 86 62 où
1751 2185 96 64 les

294 2264 237 78 pleurs
623 2263 296 79 ingénus
1007 2266 288 78 gravent
1383 2268 185 62 leurs
1654 2266 193 66 stries

294 2346 259 62 émues.
604 2346 183 64 Avec
831 2349 229 66 cruelle
1109 2351 259 62 audace
1415 2369 83 44 ne
1546 2349 299 66 séduit-il

293 2445 147 56 pas,
514 2445 88 44 au
648 2429 305 77 premier
997 2429 168 76 acte,
1231 2471 83 7 —
1378 2432 63 63 le
1485 2434 362 78 jazz-band

293 2508 353 81 trépidant
697 2530 137 44 aux
885 2512 336 66 excitants
1270 2517 337 79 shimmys
1654 2554 81 10 —
1779 2518 66 63 la

294 2591 205 64 ieune
535 2591 73 61 M
613 2601 62 26 me
709 2594 391 75 Cermeuse,
1139 2594 178 67 mais
1349 2600 261 76 quelles
1644 2600 201 66 dures

291 2674 257 63 larmes
587 2677 239 66 auand
868 2677 129 61 elle
1036 2677 63 63 le
1136 2677 256 82 plaque
1424 2684 10 58 !
1478 2681 234 79 Béjart
1747 2683 98 66 est

287 2755 163 80 plus
499 2757 151 61 naïf
685 2779 11 41 :
748 2759 317 76 l'amour,
1122 2759 119 81 qui
1293 2762 168 64 n'est
1508 2782 124 61 pas
1681 2766 131 64 éter-

289 2838 136 75 nel,
472 2840 63 61 le
577 2838 147 65 fera
767 2842 349 79 sangloter
1149 2864 12 42 :
1209 2845 215 63 Sarah
1464 2847 244 66 Rafale
1749 2850 96 65 est

287 2920 56 64 si
418 2921 181 65 belle
670 2923 63 63 et
807 2925 256 62 cruelle
1097 2931 10 58 !
1202 2928 83 63 Et
1375 2930 61 61 le
1525 2930 319 67 studieux

287 3003 326 77 Lernain,
660 3008 295 66 Jaccrues
997 3008 354 66 Natanson
1397 3013 62 62 le
1500 3014 74 63 fit
1617 3014 188 83 singu-

287 3084 129 64 lier
470 3089 83 61 de
602 3087 109 63 vie
765 3089 64 63 et
882 3091 81 62 de
1012 3091 214 64 vérité
1261 3114 12 41 :
1327 3094 403 68 d'atteindre
1781 3102 61 61 le

287 3175 180 71 type,
509 3169 44 60 il
596 3169 155 64 s'est
785 3172 293 74 montré,
1119 3192 127 54 par
1280 3175 167 65 cette
1481 3177 361 69 silhouette

287 3251 92 63 du
420 3251 235 77 lycéen
697 3253 334 78 bûcheur,
1077 3257 626 71 indubitablement
1740 3284 67 47 ca-

284 3334 229 78 pable.

362 3470 251 64 Visant
652 3492 83 42 au
779 3473 225 80 preste
1046 3477 340 79 dialogue,
1432 3482 65 76 je
1537 3482 134 68 sais
1712 3505 128 61 que

281 3555 28 59 J
325 3572 252 45 accrues
630 3555 353 66 Natanson
1041 3560 108 62 n'a
1204 3582 123 52 pas
1380 3563 311 81 toujours
1745 3573 60 61 sé-

281 3636 343 64 lectionné
672 3639 68 63 la
785 3638 286 79 fuyante
1119 3644 398 68 abondance
1566 3651 115 66 des
1727 3675 74 57 pa-

281 3719 179 63 roles
511 3717 557 68 inconsistantes.
1146 3726 52 61 Il
1251 3727 98 63 est
1400 3731 149 76 dur,
1603 3739 232 73 quand

281 3819 88 42 on
420 3820 37 43 a
508 3804 301 77 quelque
858 3805 205 65 chose
1110 3805 39 63 à
1198 3809 168 77 dire,
1419 3814 81 61 de
1549 3820 247 65 soumet-

281 3883 100 63 tre
426 3885 39 61 à
509 3885 68 62 la
623 3886 389 80 discipline,
1063 3910 293 61 presque
1402 3897 37 62 à
1483 3898 66 63 la
1593 3902 210 66 castra-

281 3964 169 77 tion,
516 3968 98 64 les
675 3998 27 27 «
768 3973 302 76 grandes
1127 3978 234 64 scènes
1425 4008 27 28 »
1515 4002 131 59 que
1703 3986 134 66 l'on

279 4047 163 66 veut
535 4047 174 66 faire
806 4052 252 78 porter.
1156 4056 200 78 Mais,
1456 4064 85 63 du
1637 4069 196 71 reste,

279 4132 159 63 c'est
511 4152 163 44 avec
746 4135 312 66 maîtrise
1132 4159 133 48 crue
1334 4147 152 61 sont
1556 4151 281 69 burinés

279 4212 329 81 l'épisode
699 4218 340 65 scabreux
1129 4223 81 61 de
1302 4227 66 61 la
1456 4232 381 81 demi-grue

277 4296 231 63 bonne
563 4298 166 76 fille,
794 4300 281 66 initiant
1132 4306 234 70 Béjart
1425 4312 38 62 à
1520 4315 310 78 l'amour,

277 4378 65 62 et
382 4379 178 63 celui
606 4383 91 61 du
741 4381 351 66 troisième
1132 4389 146 63 acte
1320 4394 187 65 entre
1549 4398 286 69 Tarnier

277 4461 65 64 et
436 4462 363 65 Monsieur
897 4467 368 68 Cermeuse
1361 4476 120 78 (Lu

277 4544 190 64 Cette
519 4547 200 63 scène
775 4550 92 61 du
919 4549 208 64 vieux
1178 4557 176 61 mari
1408 4579 82 44 en
1544 4564 146 66 face
1742 4571 91 62 du

276 4625 208 79 jeune
540 4630 239 63 amant
833 4632 81 62 de
970 4652 74 44 sa
1099 4635 276 80 femme,
1430 4664 126 49 par
1607 4650 193 66 l'éton-

274 4708 212 64 nante
511 4792 12 11 _
552 4711 357 66 hardiesse
978 4718 82 61 de
1127 4720 66 62 la
1259 4721 349 83 situation,
1679 4735 156 66 c'est

274 4809 139 46 une
459 4792 369 66 dissection
872 4798 443 79 dramatique
1351 4809 85 61 où
1481 4813 66 59 la
1588 4816 245 70 misère

272 4874 337 66 humaine
641 4879 278 66 s'avoue
948 4882 486 71 humblement
1464 4894 363 81 pitoyable.

367 4969 3 43 '
414 4969 4 43 '
558 4969 12 43 \
696 4977 15 25 f
926 4969 2 43 '
1017 4983 8 10 '
1074 4982 50 20 '''
1152 4969 3 43 '
1173 4990 26 17 r.
1262 4991 25 18 ->
1370 4973 13 34 1
1537 4974 29 34 }l
1579 4984 7 18 i
1725 4996 5 12 ;

355 5019 78 61 M
435 5028 84 29 mes
557 5023 216 62 Sarah
811 5024 267 78 Rafale,
1441 5041 389 75 Cazeneuve

272 5102 66 61 et
387 5102 222 73 Delfo,
668 5106 173 62 MM.
894 5109 426 81 Lugné-Poë,
1375 5121 277 81 Liausu,
1708 5131 80 73 Ga-

274 5185 129 82 dry
455 5187 64 64 et
570 5187 195 80 Asso,
846 5192 122 66 ont
1017 5194 163 83 joué
1254 5201 219 81 L'Age
1527 5207 305 75 heureux

2266 266 168 68 dans
2473 257 64 66 le
2574 254 119 68 ton
2740 249 83 68 de
2867 251 330 81 jeunesse
3242 246 67 67 et
3352 249 294 74 d'ironie
3687 278 127 56 con-:

2264 352 197 65 tenue
2507 339 118 86 qui
2674 332 398 78 convenait,
3152 351 91 47 au
3318 337 247 68 milieu
3639 345 173 75 d'une

2268 428 381 73 décoration
2727 418 709 68 harmonieusement
3511 430 299 75 moderne

2268 523 78 63 de
2395 516 95 65 M.
2546 510 318 79 Deléage.
2947 505 306 81 Jacques
3309 508 356 69 Natanson
3738 525 69 63 est

2264 621 94 50 un
2398 598 222 84 espoir
2664 596 83 63 de
2791 591 263 83 proche
3096 594 604 70 renouvellement
3741 606 59 65 du

2268 684 254 70 théâtre
2562 674 578 90 psychologique-,
3214 672 236 68 libéré'
3477 681 83 62 de
3600 659 222 110 vulgal

2266 772 146 66 rité.
3775 786 47 51 y

2344 857 75 61 P.
2459 853 70 65 S.
2564 891 83 10 —
2681 850 95 63 La
2815 875 30 28 «
2889 843 427 82 compagnie
3360 872 29 29 »
3431 848 92 65 du
3563 850 253 73 Canard

2270 943 330 76 Sauvage,
2689 930 121 84 qui
2876 930 239 64 révéla
3177 930 141 62 l'an
3385 931 273 75 dernier
3733 943 76 65 la

2270 1024 342 65 souriante
2642 1019 330 63 Madame
3003 1014 276 65 Beudet
3311 1016 308 69 donnera
3646 1023 131 69 bien-

2270 1109 93 66 tôt
2408 1109 80 63 de
2532 1121 367 49 nouveaux
2942 1097 410 83 spectacles.

3209 1195 197 59 Henri
3451 1196 212 65 Colas.

2696 1405 703 103 Eloquence

2355 1575 303 64 Maurice
2690 1573 336 77 Rostand,
3066 1570 325 83 aspirant
3427 1572 37 64 à
3496 1573 63 65 la
3588 1573 195 83 gloire,

2275 1661 238 65 atteint
2551 1663 67 61 la
2653 1658 403 81 rhétorique
3097 1660 66 62 et
3203 1656 214 83 glisse
3456 1658 35 63 à
3529 1661 60 63 la
3625 1680 127 63 gran-

2277 1744 420 80 diloquence.
2736 1744 103 63 En
2873 1761 70 44 se
2982 1741 303 66 fondant
3324 1760 86 45 en
3440 1744 210 63 beaux
3681 1744 81 66 dis-

2275 1846 195 46 cours
2511 1866 81 7 —
2633 1827 98 65 les
2775 1827 378 80 conquêtes
3200 1844 139 63 que
3386 1826 63 81 je
3493 1827 185 66 ferais
3716 1848 99 45 en.

2275 1912 278 81 passant
2597 1914 81 62 de
2724 1914 66 62 la
2834 1931 203 62 prose
3083 1931 144 45 aux
3271 1929 154 47 vers
3456 1917 10 58 !
3508 1953 73 6 —
3618 1912 39 64 il
3700 1914 84 64 est

2275 1995 156 66 bien
2496 1997 282 81 capable
2846 1998 83 61 de
2997 1995 249 81 plaire,
3319 1993 162 66 mais
3542 1997 234 64 suffit-il

2275 2080 204 64 d'être
2524 2081 339 80 agréable,
2917 2081 63 65 et
3029 2081 322 65 Maurice
3390 2081 274 65 Rostand
3703 2098 68 46 ne

2274 2164 335 63 voulait-il
2672 2183 123 63 pas
2860 2183 176 47 nous
3098 2164 403 66 convaincre
3554 2183 113 61 que
3720 2164 52 63 le

2275 2264 234 46 renom
2546 2249 283 81 supplée
2866 2268 88 45 au
2990 2249 207 81 génie
3222 2254 31 58 ?
3285 2251 61 61 Il
3381 2269 43 61 y
3454 2266 36 46 a
3518 2247 258 80 manqué

2277 2332 454 80 d'éloquence,
2780 2334 61 62 le
2883 2335 110 68 bel
3043 2335 106 63 art
3195 2335 85 63 de
3324 2334 362 83 persuader,
3727 2330 54 63 et

2274 2415 264 80 préféré
2582 2417 357 81 peut-être,
2995 2418 313 71 écrivain
3361 2420 78 64 de
3478 2415 298 81 verbiage,

2275 2498 60 61 le
2377 2498 212 64 talent
2633 2501 81 63 de
2755 2501 162 65 bien
2963 2503 149 64 dire
3158 2503 39 63 à
3242 2505 70 62 la
3352 2503 222 64 valeur
3613 2501 70 61 de
3718 2515 63 47 ce

2274 2581 164 81 qu'il
2475 2583 327 81 exprime.

2352 2693 125 64 J'ai
2523 2694 71 65 lu
2634 2696 227 66 l'essai
2909 2701 83 63 de
3039 2701 222 65 Taine
3310 2720 119 46 sur
3469 2696 234 66 Racine.

2348 2977 98 61 En
2474 2981 254 79 voyant
2756 2982 293 65 Zacconi
3080 2984 225 80 jouer,
3342 3001 83 46 en
3456 2975 235 72 italien,
3718 2986 75 45 au

2275 3058 254 66 théâtre
2572 3065 117 63 des
2728 3067 650 85 Champs-Elysées,
3425 3065 100 63 Un
3562 3053 234 71 nemico

2274 3143 108 63 del
2416 3147 271 77 popolo,
2729 3150 114 79 j'ai
2885 3153 163 63 saisi
3087 3172 166 46 sans
3291 3145 292 71 conteste
3617 3145 54 59 le
3703 3136 93 63 de-
3838 3128 7 105 j

2270 3228 116 76 gré
2424 3218 415 79 oratoire'de
2880 3238 66 61 la
2987 3238 194 81 pièce
3224 3238 293 63 d'lbsen.
3559 3221 157 76 C'est
3749 3221 50 59 le

2270 3311 356 84 plaidoyer
2668 3319 82 61 de
2792 3319 334 66 l'homme
3170 3321 208 83 juste,
3424 3309 250 86 réglant
3711 3321 90 47 ses

2272 3397 301 80 comptes
2612 3417 163 48 avec
2817 3406 61 61 le
2921 3406 243 79 public
3210 3402 315 68 imbécile
3564 3390 112 85 qui
3715 3382 130 118 ac-1

2270 3477 278 67 clamait
2601 3483 152 65 hier
2807 3487 98 66 les
2960 3492 282 64 drames
3300 3482 405 78 historiques
3752 3468 51 65 et
3844 3468 1 92 ,

2270 3556 251 71 insulte
2558 3565 295 74 l'auteur
2890 3573 63 63 le
2990 3577 159 76 jour
3188 3577 115 74 où,
3346 3575 169 61 dans
3547 3565 119 61 Les
3700 3556 101 65 Re-
3828 3556 17 97 j

2272 3656 307 70 venants,
2619 3651 49 63 il
2711 3682 28 27 «
2783 3656 251 66 touche
3073 3661 41 61 à
3153 3663 69 61 la
3261 3656 259 66 morale
3561 3677 27 28 »
3627 3644 61 65 et
3725 3638 51 66 di-

2270 3729 253 78 vulgue
2567 3732 377 72 l'hérédité.
3779 3739 66 90 f|

2350 3839 88 63 Le
2475 3846 239 76 public
2751 3853 100 61 est
2892 3853 413 67 incohérent
3344 3849 142 85 qui,
3529 3832 277 78 traînant

2270 3939 87 44 au
2424 3924 263 69 théâtre
2748 3953 137 47 une
2939 3931 732 76 'mentalité-meeting,
3735 3915 110 65 nel

2269 4005 161 80 juge
2468 4010 254 78 jamais
2765 4022 389 81 esthétique
3195 4027 66 63 et
3302 4027 159 78 joue
3500 4032 132 48 aux
3669 4000 176 69 faitsl

2270 4086 248 68 divers.
2563 4095 124 68 Les
2726 4102 344 69 émotions
3109 4112 94 61 du
3244 4102 279 88 journal
3562 4096 90 63 du
3688 4102 78 49 ma-

2269 4168 122 79 tin,
2431 4174 44 61 il
2516 4178 93 64 les
2643 4188 328 64 voudrait
3002 4193 66 63 le
3105 4195 164 74 soir,
3312 4208 83 46 en
3430 4181 188 70 chair
3650 4174 55 63 et
3735 4166 110 115 en|

2267 4271 73 46 os
2375 4257 117 65 des
2524 4264 292 68 acteurs.
2856 4273 98 62 Me
2988 4295 176 45 vous
3203 4279 270 61 donnez
3510 4269 161 61 donc
3700 4249 145 112 pas|

2270 4337 65 63 la
2377 4342 220 75 peine.
2645 4349 181 81 Ayez
2872 4359 167 61 chez
3083 4381 178 44 vous
3307 4362 67 60 la
3417 4352 169 68 crise
3628 4332 217 85 d'épi-1

2270 4420 231 81 lepsie,
2567 4432 382 69 demandez
3012 4461 88 45 au
3164 4444 271 64 théâtre
3493 4439 64 59 la
3611 4422 192 69 vision

2242 4569 22 29 à
2270 4503 300 71 d'œuvre
2619 4516 195 66 d'art.
3661 4510 64 96 ||
3757 4501 88 78 M

2353 4616 556 95 Scéniquement,
2965 4638 106 63 Un
3122 4640 285 63 ennemi
3456 4635 91 61 du
3835 4637 10 57 I

2269 4715 42 42 n
2338 4703 97 61 est
2472 4725 123 59 pas
2638 4713 93 62 du
2770 4720 332 66 meilleur
3142 4723 232 66 Ibsen.
3425 4701 290 81 Zacconi,
3752 4698 51 55 le

2269 4782 277 70 docteur
2590 4796 454 86 Stockmann,
3092 4809 274 75 amené,
3410 4820 127 67 par
3574 4799 56 59 le
3666 4782 133 71 rôle,

2265 4882 38 49 a
2357 4867 169 69 faire
2577 4884 340 79 quelques
2973 4891 346 76 discours,
3400 4867 405 85 remémorait

2267 4950 262 83 Jaurès,
2577 4962 63 62 et
2684 4967 160 64 c'est
2888 4974 85 62 de
3021 4975 433 82 l'éloquence
3498 4985 83 46 ou
3620 4960 56 76 je
3711 4965 38 44 11
3774 4958 32 65 y

2267 5035 288 71 entends
2599 5045 173 67 rien.
2860 5065 8 31 '

3096 5143 225 61 Henri
3375 5126 297 78 COLAS.

2595 5289 127 41 Ducros,
2733 5295 133 36 Lefèvre
2880 5305 25 28 <k
2916 5301 112 35 Colas.
3039 5306 26 36 7,
3076 5306 61 33 Rue
3153 5303 360 36 Croulebarbe.-'-Pariç.
