<?xml version="1.0" encoding="UTF-8"?>
<alto xmlns:xsi="http://www.w3.org/2001/XMLSchema-instance" xmlns="http://www.loc.gov/standards/alto/ns-v2#" xsi:schemaLocation="http://www.loc.gov/standards/alto/ns-v2# http://www.loc.gov/standards/alto/alto-v2.0.xsd" xmlns:xlink="http://www.w3.org/1999/xlink">
	<Description>
		<MeasurementUnit>mm10</MeasurementUnit>
		<sourceImageInformation>
			<fileName>//fileserver7/IN2/Princeton/Batch2/bmtnaab/1921_01/00000046.tif</fileName>
		</sourceImageInformation>
		<OCRProcessing ID="OCRPROCESSING_1">
			<preProcessingStep>
				<processingSoftware>
					<softwareCreator>CCS Content Conversion Specialists GmbH, Germany</softwareCreator>
					<softwareName>CCS docWORKS</softwareName>
					<softwareVersion>6.6-0.29</softwareVersion>
				</processingSoftware>
			</preProcessingStep>
			<ocrProcessingStep>
				<processingSoftware>
					<softwareCreator>ABBYY (BIT Software), Russia</softwareCreator>
					<softwareName>FineReader</softwareName>
					<softwareVersion>10.0</softwareVersion>
				</processingSoftware>
			</ocrProcessingStep>
		</OCRProcessing>
	</Description>
	<Styles>
		<TextStyle ID="TXT_0" FONTSIZE="10" FONTFAMILY="Times New Roman"/>
		<ParagraphStyle ID="PAR_RIGHT" ALIGN="Right"/>
		<ParagraphStyle ID="PAR_LEFT" ALIGN="Left"/>
		<ParagraphStyle ID="PAR_BLOCK" ALIGN="Block"/>
	</Styles>
	<Layout>
		<Page ID="P46" PHYSICAL_IMG_NR="46" HEIGHT="5481" WIDTH="3906" PRINTED_IMG_NR="36" PC="0.877">
			<TopMargin ID="P46_TM00001" HPOS="0" VPOS="0" WIDTH="3906" HEIGHT="5"/>
			<LeftMargin ID="P46_LM00001" HPOS="0" VPOS="5" WIDTH="5" HEIGHT="5031"/>
			<RightMargin ID="P46_RM00001" HPOS="3900" VPOS="5" WIDTH="6" HEIGHT="5031"/>
			<BottomMargin ID="P46_BM00001" HPOS="0" VPOS="5036" WIDTH="3906" HEIGHT="445">
				<TextBlock ID="P46_TB00001" HPOS="1991" VPOS="5039" WIDTH="86" HEIGHT="67" STYLEREFS="TXT_0 PAR_RIGHT">
					<TextLine ID="P46_TL00001" HPOS="1992" VPOS="5040" WIDTH="85" HEIGHT="66">
						<String ID="P46_ST00001" HPOS="1992" VPOS="5040" WIDTH="85" HEIGHT="66" CONTENT="36" WC="0.40" CC="56"/>
					</TextLine>
				</TextBlock>
			</BottomMargin>
			<PrintSpace ID="P46_PS00001" HPOS="5" VPOS="5" WIDTH="3895" HEIGHT="5031">
				<TextBlock ID="P46_TB00002" HPOS="571" VPOS="562" WIDTH="2944" HEIGHT="230" STYLEREFS="TXT_0 PAR_LEFT">
					<TextLine ID="P46_TL00002" HPOS="572" VPOS="563" WIDTH="2943" HEIGHT="120">
						<String ID="P46_ST00002" HPOS="572" VPOS="598" WIDTH="211" HEIGHT="81" CONTENT="forêt," WC="0.98" CC="463430"/>
						<SP ID="P46_SP00001" HPOS="783" VPOS="679" WIDTH="53"/>
						<String ID="P46_ST00003" HPOS="836" VPOS="600" WIDTH="61" HEIGHT="66" CONTENT="si" WC="0.59" CC="70"/>
						<SP ID="P46_SP00002" HPOS="897" VPOS="679" WIDTH="46"/>
						<String ID="P46_ST00004" HPOS="943" VPOS="593" WIDTH="191" HEIGHT="90" CONTENT="qu'il" WC="0.99" CC="05003"/>
						<SP ID="P46_SP00003" HPOS="1134" VPOS="683" WIDTH="46"/>
						<String ID="P46_ST00005" HPOS="1180" VPOS="590" WIDTH="282" HEIGHT="69" CONTENT="sembla" WC="0.98" CC="104540"/>
						<SP ID="P46_SP00004" HPOS="1462" VPOS="683" WIDTH="44"/>
						<String ID="P46_ST00006" HPOS="1506" VPOS="608" WIDTH="143" HEIGHT="66" CONTENT="que" WC="0.98" CC="050"/>
						<SP ID="P46_SP00005" HPOS="1649" VPOS="683" WIDTH="47"/>
						<String ID="P46_ST00007" HPOS="1696" VPOS="585" WIDTH="110" HEIGHT="66" CONTENT="fût" WC="0.93" CC="666"/>
						<SP ID="P46_SP00006" HPOS="1806" VPOS="683" WIDTH="49"/>
						<String ID="P46_ST00008" HPOS="1855" VPOS="605" WIDTH="102" HEIGHT="44" CONTENT="un" WC="0.10" CC="98"/>
						<SP ID="P46_SP00007" HPOS="1957" VPOS="683" WIDTH="47"/>
						<String ID="P46_ST00009" HPOS="2004" VPOS="579" WIDTH="214" HEIGHT="68" CONTENT="arbre" WC="0.98" CC="53220"/>
						<SP ID="P46_SP00008" HPOS="2218" VPOS="683" WIDTH="49"/>
						<String ID="P46_ST00010" HPOS="2267" VPOS="579" WIDTH="130" HEIGHT="67" CONTENT="rué" WC="0.99" CC="001"/>
						<SP ID="P46_SP00009" HPOS="2397" VPOS="683" WIDTH="46"/>
						<String ID="P46_ST00011" HPOS="2443" VPOS="574" WIDTH="154" HEIGHT="80" CONTENT="bas," WC="0.96" CC="5064"/>
						<SP ID="P46_SP00010" HPOS="2597" VPOS="683" WIDTH="51"/>
						<String ID="P46_ST00012" HPOS="2648" VPOS="579" WIDTH="69" HEIGHT="63" CONTENT="et" WC="1.00" CC="00"/>
						<SP ID="P46_SP00011" HPOS="2717" VPOS="683" WIDTH="44"/>
						<String ID="P46_ST00013" HPOS="2761" VPOS="571" WIDTH="66" HEIGHT="68" CONTENT="le" WC="0.66" CC="51"/>
						<SP ID="P46_SP00012" HPOS="2827" VPOS="683" WIDTH="48"/>
						<String ID="P46_ST00014" HPOS="2875" VPOS="568" WIDTH="271" HEIGHT="69" CONTENT="silence" WC="0.99" CC="4030011"/>
						<SP ID="P46_SP00013" HPOS="3146" VPOS="683" WIDTH="45"/>
						<String ID="P46_ST00015" HPOS="3191" VPOS="563" WIDTH="324" HEIGHT="69" CONTENT="ensuivit" WC="0.99" CC="00002607"/>
					</TextLine>
					<TextLine ID="P46_TL00003" HPOS="571" VPOS="673" WIDTH="2810" HEIGHT="118">
						<String ID="P46_ST00016" HPOS="571" VPOS="705" WIDTH="126" HEIGHT="68" CONTENT="des" WC="0.94" CC="545"/>
						<SP ID="P46_SP00014" HPOS="697" VPOS="773" WIDTH="39"/>
						<String ID="P46_ST00017" HPOS="736" VPOS="698" WIDTH="384" HEIGHT="93" CONTENT="palombes" WC="0.99" CC="60030006"/>
						<SP ID="P46_SP00015" HPOS="1120" VPOS="791" WIDTH="39"/>
						<String ID="P46_ST00018" HPOS="1159" VPOS="698" WIDTH="336" HEIGHT="64" CONTENT="retenant" WC="1.00" CC="00100200"/>
						<SP ID="P46_SP00016" HPOS="1495" VPOS="791" WIDTH="40"/>
						<String ID="P46_ST00019" HPOS="1535" VPOS="690" WIDTH="163" HEIGHT="66" CONTENT="leur" WC="0.97" CC="5063"/>
						<SP ID="P46_SP00017" HPOS="1698" VPOS="791" WIDTH="40"/>
						<String ID="P46_ST00020" HPOS="1738" VPOS="705" WIDTH="326" HEIGHT="64" CONTENT="ramage," WC="0.99" CC="0300701"/>
						<SP ID="P46_SP00018" HPOS="2064" VPOS="791" WIDTH="45"/>
						<String ID="P46_ST00021" HPOS="2109" VPOS="688" WIDTH="71" HEIGHT="63" CONTENT="et" WC="1.00" CC="00"/>
						<SP ID="P46_SP00019" HPOS="2180" VPOS="791" WIDTH="39"/>
						<String ID="P46_ST00022" HPOS="2219" VPOS="688" WIDTH="242" HEIGHT="63" CONTENT="autres" WC="0.99" CC="050404"/>
						<SP ID="P46_SP00020" HPOS="2461" VPOS="791" WIDTH="43"/>
						<String ID="P46_ST00023" HPOS="2504" VPOS="678" WIDTH="196" HEIGHT="67" CONTENT="bêtes" WC="0.99" CC="02006"/>
						<SP ID="P46_SP00021" HPOS="2700" VPOS="791" WIDTH="44"/>
						<String ID="P46_ST00024" HPOS="2744" VPOS="673" WIDTH="637" HEIGHT="89" CONTENT="rejergonnantes." WC="0.75" CC="108057000052070"/>
					</TextLine>
				</TextBlock>
				<TextBlock ID="P46_TB00003" HPOS="560" VPOS="1080" WIDTH="2957" HEIGHT="3847" STYLEREFS="TXT_0 PAR_BLOCK">
					<TextLine ID="P46_TL00004" HPOS="752" VPOS="1082" WIDTH="2762" HEIGHT="116">
						<String ID="P46_ST00025" HPOS="752" VPOS="1117" WIDTH="362" HEIGHT="66" CONTENT="Demeuré" WC="0.97" CC="6787042"/>
						<SP ID="P46_SP00022" HPOS="1114" VPOS="1183" WIDTH="56"/>
						<String ID="P46_ST00026" HPOS="1170" VPOS="1109" WIDTH="317" HEIGHT="89" CONTENT="stupide," WC="0.68" CC="71600070"/>
						<SP ID="P46_SP00023" HPOS="1487" VPOS="1198" WIDTH="61"/>
						<String ID="P46_ST00027" HPOS="1548" VPOS="1114" WIDTH="69" HEIGHT="62" CONTENT="et" WC="0.45" CC="73"/>
						<SP ID="P46_SP00024" HPOS="1617" VPOS="1198" WIDTH="53"/>
						<String ID="P46_ST00028" HPOS="1670" VPOS="1107" WIDTH="470" HEIGHT="64" CONTENT="maintenant" WC="0.98" CC="8877177703"/>
						<SP ID="P46_SP00025" HPOS="2140" VPOS="1198" WIDTH="55"/>
						<String ID="P46_ST00029" HPOS="2195" VPOS="1098" WIDTH="182" HEIGHT="68" CONTENT="haut" WC="0.98" CC="7000"/>
						<SP ID="P46_SP00026" HPOS="2377" VPOS="1198" WIDTH="53"/>
						<String ID="P46_ST00030" HPOS="2430" VPOS="1097" WIDTH="66" HEIGHT="68" CONTENT="le" WC="0.65" CC="07"/>
						<SP ID="P46_SP00027" HPOS="2496" VPOS="1198" WIDTH="56"/>
						<String ID="P46_ST00031" HPOS="2552" VPOS="1097" WIDTH="184" HEIGHT="76" CONTENT="bois," WC="0.96" CC="62762"/>
						<SP ID="P46_SP00028" HPOS="2736" VPOS="1198" WIDTH="65"/>
						<String ID="P46_ST00032" HPOS="2801" VPOS="1092" WIDTH="250" HEIGHT="66" CONTENT="retrait" WC="0.98" CC="6704600"/>
						<SP ID="P46_SP00029" HPOS="3051" VPOS="1198" WIDTH="55"/>
						<String ID="P46_ST00033" HPOS="3106" VPOS="1109" WIDTH="93" HEIGHT="44" CONTENT="ne" WC="0.36" CC="66"/>
						<SP ID="P46_SP00030" HPOS="3199" VPOS="1198" WIDTH="56"/>
						<String ID="P46_ST00034" HPOS="3255" VPOS="1085" WIDTH="115" HEIGHT="68" CONTENT="fus" WC="0.93" CC="655"/>
						<SP ID="P46_SP00031" HPOS="3370" VPOS="1198" WIDTH="56"/>
						<String ID="P46_ST00035" HPOS="3426" VPOS="1082" WIDTH="88" HEIGHT="67" CONTENT="de" WC="0.63" CC="07"/>
					</TextLine>
					<TextLine ID="P46_TL00005" HPOS="567" VPOS="1187" WIDTH="2945" HEIGHT="120">
						<String ID="P46_ST00036" HPOS="567" VPOS="1244" WIDTH="182" HEIGHT="48" CONTENT="mon" WC="0.93" CC="836"/>
						<SP ID="P46_SP00032" HPOS="749" VPOS="1292" WIDTH="37"/>
						<String ID="P46_ST00037" HPOS="786" VPOS="1224" WIDTH="144" HEIGHT="66" CONTENT="état" WC="1.00" CC="2000"/>
						<SP ID="P46_SP00033" HPOS="930" VPOS="1292" WIDTH="35"/>
						<String ID="P46_ST00038" HPOS="965" VPOS="1239" WIDTH="144" HEIGHT="68" CONTENT="que" WC="0.96" CC="163"/>
						<SP ID="P46_SP00034" HPOS="1109" VPOS="1307" WIDTH="37"/>
						<String ID="P46_ST00039" HPOS="1146" VPOS="1237" WIDTH="134" HEIGHT="66" CONTENT="par" WC="0.97" CC="402"/>
						<SP ID="P46_SP00035" HPOS="1280" VPOS="1307" WIDTH="37"/>
						<String ID="P46_ST00040" HPOS="1317" VPOS="1215" WIDTH="100" HEIGHT="65" CONTENT="ris" WC="0.99" CC="002"/>
						<SP ID="P46_SP00036" HPOS="1417" VPOS="1307" WIDTH="38"/>
						<String ID="P46_ST00041" HPOS="1455" VPOS="1210" WIDTH="265" HEIGHT="70" CONTENT="touffés" WC="0.60" CC="0060757"/>
						<SP ID="P46_SP00037" HPOS="1720" VPOS="1307" WIDTH="39"/>
						<String ID="P46_ST00042" HPOS="1759" VPOS="1210" WIDTH="129" HEIGHT="85" CONTENT="qui" WC="0.93" CC="656"/>
						<SP ID="P46_SP00038" HPOS="1888" VPOS="1307" WIDTH="41"/>
						<String ID="P46_ST00043" HPOS="1929" VPOS="1227" WIDTH="120" HEIGHT="46" CONTENT="me" WC="0.86" CC="02"/>
						<SP ID="P46_SP00039" HPOS="2049" VPOS="1307" WIDTH="37"/>
						<String ID="P46_ST00044" HPOS="2086" VPOS="1202" WIDTH="415" HEIGHT="69" CONTENT="décelèrent" WC="0.99" CC="0004667330"/>
						<SP ID="P46_SP00040" HPOS="2501" VPOS="1307" WIDTH="37"/>
						<String ID="P46_ST00045" HPOS="2538" VPOS="1200" WIDTH="71" HEIGHT="64" CONTENT="la" WC="0.81" CC="30"/>
						<SP ID="P46_SP00041" HPOS="2609" VPOS="1307" WIDTH="38"/>
						<String ID="P46_ST00046" HPOS="2647" VPOS="1195" WIDTH="440" HEIGHT="69" CONTENT="mauvaistié" WC="0.80" CC="0067006000"/>
						<SP ID="P46_SP00042" HPOS="3087" VPOS="1307" WIDTH="37"/>
						<String ID="P46_ST00047" HPOS="3124" VPOS="1195" WIDTH="68" HEIGHT="63" CONTENT="et" WC="0.68" CC="60"/>
						<SP ID="P46_SP00043" HPOS="3192" VPOS="1307" WIDTH="41"/>
						<String ID="P46_ST00048" HPOS="3233" VPOS="1187" WIDTH="233" HEIGHT="69" CONTENT="malen" SUBS_TYPE="HypPart1" SUBS_CONTENT="malengin" WC="0.98" CC="02740"/>
						<HYP HPOS="3466" VPOS="1187" WIDTH="46" CONTENT="-"/>
					</TextLine>
					<TextLine ID="P46_TL00006" HPOS="567" VPOS="1293" WIDTH="2945" HEIGHT="120">
						<String ID="P46_ST00049" HPOS="567" VPOS="1329" WIDTH="132" HEIGHT="84" CONTENT="gin" SUBS_TYPE="HypPart2" SUBS_CONTENT="malengin" WC="0.93" CC="766"/>
						<SP ID="P46_SP00044" HPOS="699" VPOS="1413" WIDTH="48"/>
						<String ID="P46_ST00050" HPOS="747" VPOS="1324" WIDTH="88" HEIGHT="67" CONTENT="de" WC="0.86" CC="02"/>
						<SP ID="P46_SP00045" HPOS="835" VPOS="1413" WIDTH="51"/>
						<String ID="P46_ST00051" HPOS="886" VPOS="1344" WIDTH="155" HEIGHT="46" CONTENT="mes" WC="0.98" CC="005"/>
						<SP ID="P46_SP00046" HPOS="1041" VPOS="1413" WIDTH="53"/>
						<String ID="P46_ST00052" HPOS="1094" VPOS="1319" WIDTH="572" HEIGHT="88" CONTENT="compaignons." WC="0.75" CC="000740701250"/>
						<SP ID="P46_SP00047" HPOS="1666" VPOS="1413" WIDTH="58"/>
						<String ID="P46_ST00053" HPOS="1724" VPOS="1312" WIDTH="198" HEIGHT="79" CONTENT="Lors," WC="0.98" CC="00970"/>
						<SP ID="P46_SP00048" HPOS="1922" VPOS="1413" WIDTH="56"/>
						<String ID="P46_ST00054" HPOS="1978" VPOS="1310" WIDTH="237" HEIGHT="88" CONTENT="jetant" WC="0.99" CC="702000"/>
						<SP ID="P46_SP00049" HPOS="2215" VPOS="1413" WIDTH="51"/>
						<String ID="P46_ST00055" HPOS="2266" VPOS="1327" WIDTH="95" HEIGHT="44" CONTENT="au" WC="0.64" CC="07"/>
						<SP ID="P46_SP00050" HPOS="2361" VPOS="1413" WIDTH="50"/>
						<String ID="P46_ST00056" HPOS="2411" VPOS="1305" WIDTH="158" HEIGHT="64" CONTENT="loin" WC="0.99" CC="0202"/>
						<SP ID="P46_SP00051" HPOS="2569" VPOS="1413" WIDTH="52"/>
						<String ID="P46_ST00057" HPOS="2621" VPOS="1302" WIDTH="22" HEIGHT="66" CONTENT="1" WC="0.55" CC="4"/>
						<SP ID="P46_SP00052" HPOS="2643" VPOS="1413" WIDTH="41"/>
						<String ID="P46_ST00058" HPOS="2684" VPOS="1303" WIDTH="455" HEIGHT="63" CONTENT="instrument" WC="1.00" CC="0060500000"/>
						<SP ID="P46_SP00053" HPOS="3139" VPOS="1413" WIDTH="51"/>
						<String ID="P46_ST00059" HPOS="3190" VPOS="1293" WIDTH="90" HEIGHT="68" CONTENT="de" WC="0.98" CC="00"/>
						<SP ID="P46_SP00054" HPOS="3280" VPOS="1413" WIDTH="51"/>
						<String ID="P46_ST00060" HPOS="3331" VPOS="1312" WIDTH="181" HEIGHT="46" CONTENT="mon" WC="0.97" CC="008"/>
					</TextLine>
					<TextLine ID="P46_TL00007" HPOS="567" VPOS="1397" WIDTH="2947" HEIGHT="104">
						<String ID="P46_ST00061" HPOS="567" VPOS="1435" WIDTH="153" HEIGHT="61" CONTENT="acte" WC="0.97" CC="7600"/>
						<SP ID="P46_SP00055" HPOS="720" VPOS="1496" WIDTH="49"/>
						<String ID="P46_ST00062" HPOS="769" VPOS="1422" WIDTH="371" HEIGHT="79" CONTENT="imbécile," WC="0.99" CC="040001403"/>
						<SP ID="P46_SP00056" HPOS="1140" VPOS="1501" WIDTH="56"/>
						<String ID="P46_ST00063" HPOS="1196" VPOS="1427" WIDTH="69" HEIGHT="61" CONTENT="et" WC="1.00" CC="00"/>
						<SP ID="P46_SP00057" HPOS="1265" VPOS="1501" WIDTH="47"/>
						<String ID="P46_ST00064" HPOS="1312" VPOS="1424" WIDTH="297" HEIGHT="62" CONTENT="versant" WC="0.99" CC="7006060"/>
						<SP ID="P46_SP00058" HPOS="1609" VPOS="1501" WIDTH="49"/>
						<String ID="P46_ST00065" HPOS="1658" VPOS="1417" WIDTH="267" HEIGHT="66" CONTENT="larmes" WC="0.98" CC="506336"/>
						<SP ID="P46_SP00059" HPOS="1925" VPOS="1501" WIDTH="49"/>
						<String ID="P46_ST00066" HPOS="1974" VPOS="1413" WIDTH="146" HEIGHT="65" CONTENT="très" WC="0.98" CC="0036"/>
						<SP ID="P46_SP00060" HPOS="2120" VPOS="1501" WIDTH="49"/>
						<String ID="P46_ST00067" HPOS="2169" VPOS="1410" WIDTH="308" HEIGHT="76" CONTENT="amères," WC="0.76" CC="0045051"/>
						<SP ID="P46_SP00061" HPOS="2477" VPOS="1501" WIDTH="53"/>
						<String ID="P46_ST00068" HPOS="2530" VPOS="1408" WIDTH="71" HEIGHT="85" CONTENT="je" WC="0.62" CC="70"/>
						<SP ID="P46_SP00062" HPOS="2601" VPOS="1501" WIDTH="53"/>
						<String ID="P46_ST00069" HPOS="2654" VPOS="1424" WIDTH="270" HEIGHT="47" CONTENT="courus" WC="0.98" CC="047054"/>
						<SP ID="P46_SP00063" HPOS="2924" VPOS="1501" WIDTH="50"/>
						<String ID="P46_ST00070" HPOS="2974" VPOS="1420" WIDTH="162" HEIGHT="46" CONTENT="vers" WC="0.97" CC="7006"/>
						<SP ID="P46_SP00064" HPOS="3136" VPOS="1501" WIDTH="54"/>
						<String ID="P46_ST00071" HPOS="3190" VPOS="1397" WIDTH="324" HEIGHT="86" CONTENT="Amycus" WC="0.59" CC="706036"/>
					</TextLine>
					<TextLine ID="P46_TL00008" HPOS="566" VPOS="1498" WIDTH="2941" HEIGHT="110">
						<String ID="P46_ST00072" HPOS="566" VPOS="1554" WIDTH="167" HEIGHT="47" CONTENT="sans" WC="0.97" CC="7006"/>
						<SP ID="P46_SP00065" HPOS="733" VPOS="1601" WIDTH="39"/>
						<String ID="P46_ST00073" HPOS="772" VPOS="1530" WIDTH="73" HEIGHT="68" CONTENT="la" WC="0.65" CC="06"/>
						<SP ID="P46_SP00066" HPOS="845" VPOS="1601" WIDTH="34"/>
						<String ID="P46_ST00074" HPOS="879" VPOS="1529" WIDTH="140" HEIGHT="67" CONTENT="tête" WC="1.00" CC="0000"/>
						<SP ID="P46_SP00067" HPOS="1019" VPOS="1601" WIDTH="43"/>
						<String ID="P46_ST00075" HPOS="1062" VPOS="1529" WIDTH="298" HEIGHT="64" CONTENT="revirer." WC="0.99" CC="50811030"/>
						<SP ID="P46_SP00068" HPOS="1360" VPOS="1601" WIDTH="49"/>
						<String ID="P46_ST00076" HPOS="1409" VPOS="1524" WIDTH="110" HEIGHT="66" CONTENT="Me" WC="1.00" CC="00"/>
						<SP ID="P46_SP00069" HPOS="1519" VPOS="1601" WIDTH="41"/>
						<String ID="P46_ST00077" HPOS="1560" VPOS="1525" WIDTH="252" HEIGHT="83" CONTENT="seyant" WC="0.98" CC="427057"/>
						<SP ID="P46_SP00070" HPOS="1812" VPOS="1608" WIDTH="42"/>
						<String ID="P46_ST00078" HPOS="1854" VPOS="1518" WIDTH="163" HEIGHT="88" CONTENT="près" WC="0.95" CC="6665"/>
						<SP ID="P46_SP00071" HPOS="2017" VPOS="1608" WIDTH="42"/>
						<String ID="P46_ST00079" HPOS="2059" VPOS="1515" WIDTH="90" HEIGHT="68" CONTENT="de" WC="1.00" CC="00"/>
						<SP ID="P46_SP00072" HPOS="2149" VPOS="1608" WIDTH="39"/>
						<String ID="P46_ST00080" HPOS="2188" VPOS="1513" WIDTH="135" HEIGHT="80" CONTENT="lui," WC="1.00" CC="0000"/>
						<SP ID="P46_SP00073" HPOS="2323" VPOS="1608" WIDTH="44"/>
						<String ID="P46_ST00081" HPOS="2367" VPOS="1515" WIDTH="71" HEIGHT="86" CONTENT="je" WC="0.55" CC="34"/>
						<SP ID="P46_SP00074" HPOS="2438" VPOS="1608" WIDTH="39"/>
						<String ID="P46_ST00082" HPOS="2477" VPOS="1512" WIDTH="156" HEIGHT="86" CONTENT="pris" WC="0.97" CC="0436"/>
						<SP ID="P46_SP00075" HPOS="2633" VPOS="1608" WIDTH="43"/>
						<String ID="P46_ST00083" HPOS="2676" VPOS="1530" WIDTH="76" HEIGHT="44" CONTENT="sa" WC="0.69" CC="60"/>
						<SP ID="P46_SP00076" HPOS="2752" VPOS="1608" WIDTH="40"/>
						<String ID="P46_ST00084" HPOS="2792" VPOS="1508" WIDTH="207" HEIGHT="66" CONTENT="main" WC="1.00" CC="0000"/>
						<SP ID="P46_SP00077" HPOS="2999" VPOS="1608" WIDTH="44"/>
						<String ID="P46_ST00085" HPOS="3043" VPOS="1503" WIDTH="163" HEIGHT="88" CONTENT="déjà" WC="0.98" CC="0045"/>
						<SP ID="P46_SP00078" HPOS="3206" VPOS="1608" WIDTH="44"/>
						<String ID="P46_ST00086" HPOS="3250" VPOS="1498" WIDTH="257" HEIGHT="80" CONTENT="froide," WC="0.99" CC="3060030"/>
					</TextLine>
					<TextLine ID="P46_TL00009" HPOS="564" VPOS="1605" WIDTH="2948" HEIGHT="118">
						<String ID="P46_ST00087" HPOS="564" VPOS="1657" WIDTH="144" HEIGHT="66" CONTENT="que" WC="0.93" CC="757"/>
						<SP ID="P46_SP00079" HPOS="708" VPOS="1723" WIDTH="44"/>
						<String ID="P46_ST00088" HPOS="752" VPOS="1634" WIDTH="295" HEIGHT="67" CONTENT="couvris" WC="0.99" CC="0260403"/>
						<SP ID="P46_SP00080" HPOS="1047" VPOS="1723" WIDTH="42"/>
						<String ID="P46_ST00089" HPOS="1089" VPOS="1630" WIDTH="90" HEIGHT="66" CONTENT="de" WC="0.62" CC="07"/>
						<SP ID="P46_SP00081" HPOS="1179" VPOS="1723" WIDTH="39"/>
						<String ID="P46_ST00090" HPOS="1218" VPOS="1628" WIDTH="250" HEIGHT="89" CONTENT="pleurs" WC="0.97" CC="057674"/>
						<SP ID="P46_SP00082" HPOS="1468" VPOS="1723" WIDTH="43"/>
						<String ID="P46_ST00091" HPOS="1511" VPOS="1632" WIDTH="67" HEIGHT="59" CONTENT="et" WC="0.63" CC="70"/>
						<SP ID="P46_SP00083" HPOS="1578" VPOS="1723" WIDTH="43"/>
						<String ID="P46_ST00092" HPOS="1621" VPOS="1623" WIDTH="86" HEIGHT="66" CONTENT="de" WC="0.19" CC="87"/>
						<SP ID="P46_SP00084" HPOS="1707" VPOS="1723" WIDTH="44"/>
						<String ID="P46_ST00093" HPOS="1751" VPOS="1640" WIDTH="339" HEIGHT="49" CONTENT="caresses." WC="0.98" CC="397744754"/>
						<SP ID="P46_SP00085" HPOS="2090" VPOS="1723" WIDTH="47"/>
						<String ID="P46_ST00094" HPOS="2137" VPOS="1617" WIDTH="39" HEIGHT="67" CONTENT="J" WC="1.00" CC="0"/>
						<SP ID="P46_SP00086" HPOS="2176" VPOS="1723" WIDTH="37"/>
						<String ID="P46_ST00095" HPOS="2213" VPOS="1618" WIDTH="153" HEIGHT="66" CONTENT="osai" WC="0.99" CC="2000"/>
						<SP ID="P46_SP00087" HPOS="2366" VPOS="1723" WIDTH="44"/>
						<String ID="P46_ST00096" HPOS="2410" VPOS="1615" WIDTH="354" HEIGHT="66" CONTENT="affronter" WC="0.98" CC="058727777"/>
						<SP ID="P46_SP00088" HPOS="2764" VPOS="1723" WIDTH="45"/>
						<String ID="P46_ST00097" HPOS="2809" VPOS="1632" WIDTH="134" HEIGHT="44" CONTENT="son" WC="0.94" CC="617"/>
						<SP ID="P46_SP00089" HPOS="2943" VPOS="1723" WIDTH="46"/>
						<String ID="P46_ST00098" HPOS="2989" VPOS="1605" WIDTH="286" HEIGHT="88" CONTENT="regard," WC="0.98" CC="0770703"/>
						<SP ID="P46_SP00090" HPOS="3275" VPOS="1723" WIDTH="49"/>
						<String ID="P46_ST00099" HPOS="3324" VPOS="1605" WIDTH="188" HEIGHT="66" CONTENT="mais" WC="0.99" CC="0006"/>
					</TextLine>
					<TextLine ID="P46_TL00010" HPOS="562" VPOS="1711" WIDTH="2948" HEIGHT="116">
						<String ID="P46_ST00100" HPOS="562" VPOS="1762" WIDTH="48" HEIGHT="65" CONTENT="y" WC="1.00" CC="9"/>
						<SP ID="P46_SP00091" HPOS="610" VPOS="1827" WIDTH="45"/>
						<String ID="P46_ST00101" HPOS="655" VPOS="1740" WIDTH="112" HEIGHT="65" CONTENT="vis" WC="0.95" CC="057"/>
						<SP ID="P46_SP00092" HPOS="767" VPOS="1827" WIDTH="46"/>
						<String ID="P46_ST00102" HPOS="813" VPOS="1735" WIDTH="171" HEIGHT="68" CONTENT="telle" WC="0.97" CC="03355"/>
						<SP ID="P46_SP00093" HPOS="984" VPOS="1827" WIDTH="46"/>
						<String ID="P46_ST00103" HPOS="1030" VPOS="1735" WIDTH="306" HEIGHT="66" CONTENT="sévérité" WC="0.99" CC="61005000"/>
						<SP ID="P46_SP00094" HPOS="1336" VPOS="1827" WIDTH="46"/>
						<String ID="P46_ST00104" HPOS="1382" VPOS="1730" WIDTH="90" HEIGHT="70" CONTENT="de" WC="0.65" CC="06"/>
						<SP ID="P46_SP00095" HPOS="1472" VPOS="1827" WIDTH="47"/>
						<String ID="P46_ST00105" HPOS="1519" VPOS="1728" WIDTH="244" HEIGHT="68" CONTENT="blâme" WC="0.97" CC="05590"/>
						<SP ID="P46_SP00096" HPOS="1763" VPOS="1827" WIDTH="47"/>
						<String ID="P46_ST00106" HPOS="1810" VPOS="1733" WIDTH="70" HEIGHT="60" CONTENT="et" WC="0.51" CC="09"/>
						<SP ID="P46_SP00097" HPOS="1880" VPOS="1827" WIDTH="49"/>
						<String ID="P46_ST00107" HPOS="1929" VPOS="1723" WIDTH="303" HEIGHT="88" CONTENT="mépris," WC="0.98" CC="6007370"/>
						<SP ID="P46_SP00098" HPOS="2232" VPOS="1827" WIDTH="51"/>
						<String ID="P46_ST00108" HPOS="2283" VPOS="1718" WIDTH="171" HEIGHT="68" CONTENT="telle" WC="0.99" CC="05050"/>
						<SP ID="P46_SP00099" HPOS="2454" VPOS="1827" WIDTH="50"/>
						<String ID="P46_ST00109" HPOS="2504" VPOS="1715" WIDTH="383" HEIGHT="68" CONTENT="sublimité" WC="0.99" CC="669000009"/>
						<SP ID="P46_SP00100" HPOS="2887" VPOS="1827" WIDTH="48"/>
						<String ID="P46_ST00110" HPOS="2935" VPOS="1711" WIDTH="348" HEIGHT="87" CONTENT="déïfïque," WC="0.77" CC="000770500"/>
						<SP ID="P46_SP00101" HPOS="3283" VPOS="1827" WIDTH="56"/>
						<String ID="P46_ST00111" HPOS="3339" VPOS="1727" WIDTH="171" HEIGHT="69" CONTENT="que," WC="0.96" CC="0637"/>
					</TextLine>
					<TextLine ID="P46_TL00011" HPOS="566" VPOS="1811" WIDTH="2946" HEIGHT="117">
						<String ID="P46_ST00112" HPOS="566" VPOS="1864" WIDTH="93" HEIGHT="46" CONTENT="ne" WC="0.25" CC="77"/>
						<SP ID="P46_SP00102" HPOS="659" VPOS="1910" WIDTH="37"/>
						<String ID="P46_ST00113" HPOS="696" VPOS="1840" WIDTH="68" HEIGHT="68" CONTENT="le" WC="0.37" CC="47"/>
						<SP ID="P46_SP00103" HPOS="764" VPOS="1910" WIDTH="39"/>
						<String ID="P46_ST00114" HPOS="803" VPOS="1844" WIDTH="333" HEIGHT="84" CONTENT="pouvant" WC="0.99" CC="0040075"/>
						<SP ID="P46_SP00104" HPOS="1136" VPOS="1928" WIDTH="41"/>
						<String ID="P46_ST00115" HPOS="1177" VPOS="1835" WIDTH="359" HEIGHT="76" CONTENT="soutenir," WC="0.98" CC="506176380"/>
						<SP ID="P46_SP00105" HPOS="1536" VPOS="1928" WIDTH="42"/>
						<String ID="P46_ST00116" HPOS="1578" VPOS="1830" WIDTH="380" HEIGHT="90" CONTENT="j'abaissai" WC="0.98" CC="4170936674"/>
						<SP ID="P46_SP00106" HPOS="1958" VPOS="1928" WIDTH="40"/>
						<String ID="P46_ST00117" HPOS="1998" VPOS="1827" WIDTH="73" HEIGHT="66" CONTENT="la" WC="0.76" CC="40"/>
						<SP ID="P46_SP00107" HPOS="2071" VPOS="1928" WIDTH="36"/>
						<String ID="P46_ST00118" HPOS="2107" VPOS="1845" WIDTH="142" HEIGHT="46" CONTENT="vue" WC="0.95" CC="067"/>
						<SP ID="P46_SP00108" HPOS="2249" VPOS="1928" WIDTH="40"/>
						<String ID="P46_ST00119" HPOS="2289" VPOS="1822" WIDTH="253" HEIGHT="67" CONTENT="dessus" WC="0.97" CC="076766"/>
						<SP ID="P46_SP00109" HPOS="2542" VPOS="1928" WIDTH="42"/>
						<String ID="P46_ST00120" HPOS="2584" VPOS="1820" WIDTH="70" HEIGHT="66" CONTENT="la" WC="0.77" CC="40"/>
						<SP ID="P46_SP00110" HPOS="2654" VPOS="1928" WIDTH="42"/>
						<String ID="P46_ST00121" HPOS="2696" VPOS="1815" WIDTH="232" HEIGHT="67" CONTENT="flèche" WC="0.97" CC="276077"/>
						<SP ID="P46_SP00111" HPOS="2928" VPOS="1928" WIDTH="42"/>
						<String ID="P46_ST00122" HPOS="2970" VPOS="1815" WIDTH="354" HEIGHT="66" CONTENT="enfoncée" WC="0.98" CC="66632007"/>
						<SP ID="P46_SP00112" HPOS="3324" VPOS="1928" WIDTH="39"/>
						<String ID="P46_ST00123" HPOS="3363" VPOS="1811" WIDTH="112" HEIGHT="88" CONTENT="jus" SUBS_TYPE="HypPart1" SUBS_CONTENT="jusques" WC="0.51" CC="774"/>
						<HYP HPOS="3475" VPOS="1811" WIDTH="37" CONTENT="-"/>
					</TextLine>
					<TextLine ID="P46_TL00012" HPOS="566" VPOS="1915" WIDTH="2949" HEIGHT="118">
						<String ID="P46_ST00124" HPOS="566" VPOS="1967" WIDTH="179" HEIGHT="66" CONTENT="ques" SUBS_TYPE="HypPart2" SUBS_CONTENT="jusques" WC="0.69" CC="0326"/>
						<SP ID="P46_SP00113" HPOS="745" VPOS="2033" WIDTH="39"/>
						<String ID="P46_ST00125" HPOS="784" VPOS="1945" WIDTH="41" HEIGHT="66" CONTENT="à" WC="0.41" CC="5"/>
						<SP ID="P46_SP00114" HPOS="825" VPOS="2033" WIDTH="40"/>
						<String ID="P46_ST00126" HPOS="865" VPOS="1942" WIDTH="522" HEIGHT="86" CONTENT="l'empennon," WC="0.98" CC="01000000000"/>
						<SP ID="P46_SP00115" HPOS="1387" VPOS="2033" WIDTH="49"/>
						<String ID="P46_ST00127" HPOS="1436" VPOS="1935" WIDTH="181" HEIGHT="68" CONTENT="d'où" WC="0.98" CC="0024"/>
						<SP ID="P46_SP00116" HPOS="1617" VPOS="2033" WIDTH="41"/>
						<String ID="P46_ST00128" HPOS="1658" VPOS="1957" WIDTH="90" HEIGHT="44" CONTENT="ne" WC="0.96" CC="00"/>
						<SP ID="P46_SP00117" HPOS="1748" VPOS="2033" WIDTH="45"/>
						<String ID="P46_ST00129" HPOS="1793" VPOS="1932" WIDTH="149" HEIGHT="67" CONTENT="l'en" WC="0.95" CC="8346"/>
						<SP ID="P46_SP00118" HPOS="1942" VPOS="2033" WIDTH="44"/>
						<String ID="P46_ST00130" HPOS="1986" VPOS="1952" WIDTH="90" HEIGHT="46" CONTENT="su" WC="0.44" CC="55"/>
						<SP ID="P46_SP00119" HPOS="2076" VPOS="2033" WIDTH="39"/>
						<String ID="P46_ST00131" HPOS="2115" VPOS="1927" WIDTH="351" HEIGHT="89" CONTENT="départir," WC="1.00" CC="000001060"/>
						<SP ID="P46_SP00120" HPOS="2466" VPOS="2033" WIDTH="54"/>
						<String ID="P46_ST00132" HPOS="2520" VPOS="1921" WIDTH="457" HEIGHT="90" CONTENT="quellement" WC="0.69" CC="0643406040"/>
						<SP ID="P46_SP00121" HPOS="2977" VPOS="2033" WIDTH="41"/>
						<String ID="P46_ST00133" HPOS="3018" VPOS="1940" WIDTH="45" HEIGHT="66" CONTENT="y" WC="1.00" CC="0"/>
						<SP ID="P46_SP00122" HPOS="3063" VPOS="2033" WIDTH="44"/>
						<String ID="P46_ST00134" HPOS="3107" VPOS="1915" WIDTH="408" HEIGHT="89" CONTENT="séjournait" WC="0.99" CC="5043600005"/>
					</TextLine>
					<TextLine ID="P46_TL00013" HPOS="566" VPOS="2037" WIDTH="1126" HEIGHT="77">
						<String ID="P46_ST00135" HPOS="566" VPOS="2048" WIDTH="196" HEIGHT="66" CONTENT="force" WC="0.98" CC="62510"/>
						<SP ID="P46_SP00123" HPOS="762" VPOS="2114" WIDTH="37"/>
						<String ID="P46_ST00136" HPOS="799" VPOS="2045" WIDTH="368" HEIGHT="68" CONTENT="attraitive" WC="0.90" CC="0600020000"/>
						<SP ID="P46_SP00124" HPOS="1167" VPOS="2114" WIDTH="37"/>
						<String ID="P46_ST00137" HPOS="1204" VPOS="2040" WIDTH="90" HEIGHT="69" CONTENT="de" WC="1.00" CC="00"/>
						<SP ID="P46_SP00125" HPOS="1294" VPOS="2114" WIDTH="42"/>
						<String ID="P46_ST00138" HPOS="1336" VPOS="2037" WIDTH="356" HEIGHT="69" CONTENT="remords." WC="0.99" CC="00930012"/>
					</TextLine>
					<TextLine ID="P46_TL00014" HPOS="754" VPOS="2126" WIDTH="2760" HEIGHT="109">
						<String ID="P46_ST00139" HPOS="754" VPOS="2179" WIDTH="32" HEIGHT="34" CONTENT="«" WC="0.60" CC="3"/>
						<SP ID="P46_SP00126" HPOS="786" VPOS="2213" WIDTH="54"/>
						<String ID="P46_ST00140" HPOS="840" VPOS="2148" WIDTH="58" HEIGHT="70" CONTENT="0" WC="1.00" CC="0"/>
						<SP ID="P46_SP00127" HPOS="898" VPOS="2218" WIDTH="45"/>
						<String ID="P46_ST00141" HPOS="943" VPOS="2150" WIDTH="351" HEIGHT="85" CONTENT="Amycus," WC="0.46" CC="8990054"/>
						<SP ID="P46_SP00128" HPOS="1294" VPOS="2235" WIDTH="49"/>
						<String ID="P46_ST00142" HPOS="1343" VPOS="2145" WIDTH="218" HEIGHT="88" CONTENT="dis-je" WC="0.69" CC="006145"/>
						<SP ID="P46_SP00129" HPOS="1561" VPOS="2235" WIDTH="43"/>
						<String ID="P46_ST00143" HPOS="1604" VPOS="2138" WIDTH="421" HEIGHT="90" CONTENT="(regardant" WC="0.98" CC="0209990076"/>
						<SP ID="P46_SP00130" HPOS="2025" VPOS="2235" WIDTH="43"/>
						<String ID="P46_ST00144" HPOS="2068" VPOS="2136" WIDTH="66" HEIGHT="68" CONTENT="le" WC="0.69" CC="42"/>
						<SP ID="P46_SP00131" HPOS="2134" VPOS="2235" WIDTH="44"/>
						<String ID="P46_ST00145" HPOS="2178" VPOS="2157" WIDTH="184" HEIGHT="64" CONTENT="sang" WC="0.98" CC="6020"/>
						<SP ID="P46_SP00132" HPOS="2362" VPOS="2235" WIDTH="44"/>
						<String ID="P46_ST00146" HPOS="2406" VPOS="2130" WIDTH="363" HEIGHT="89" CONTENT="goutteler" WC="0.65" CC="035051345"/>
						<SP ID="P46_SP00133" HPOS="2769" VPOS="2235" WIDTH="42"/>
						<String ID="P46_ST00147" HPOS="2811" VPOS="2131" WIDTH="41" HEIGHT="65" CONTENT="à" WC="0.26" CC="7"/>
						<SP ID="P46_SP00134" HPOS="2852" VPOS="2235" WIDTH="42"/>
						<String ID="P46_ST00148" HPOS="2894" VPOS="2133" WIDTH="190" HEIGHT="61" CONTENT="terre" WC="0.99" CC="40401"/>
						<SP ID="P46_SP00135" HPOS="3084" VPOS="2235" WIDTH="44"/>
						<String ID="P46_ST00149" HPOS="3128" VPOS="2126" WIDTH="386" HEIGHT="66" CONTENT="ansément" WC="0.81" CC="04000009"/>
					</TextLine>
					<TextLine ID="P46_TL00015" HPOS="564" VPOS="2225" WIDTH="2950" HEIGHT="108">
						<String ID="P46_ST00150" HPOS="564" VPOS="2277" WIDTH="154" HEIGHT="44" CONTENT="mes" WC="0.98" CC="004"/>
						<SP ID="P46_SP00136" HPOS="718" VPOS="2321" WIDTH="64"/>
						<String ID="P46_ST00151" HPOS="782" VPOS="2248" WIDTH="332" HEIGHT="83" CONTENT="larmes)," WC="1.00" CC="00000631"/>
						<SP ID="P46_SP00137" HPOS="1114" VPOS="2331" WIDTH="71"/>
						<String ID="P46_ST00152" HPOS="1185" VPOS="2250" WIDTH="44" HEIGHT="66" CONTENT="ô" WC="0.46" CC="5"/>
						<SP ID="P46_SP00138" HPOS="1229" VPOS="2331" WIDTH="66"/>
						<String ID="P46_ST00153" HPOS="1295" VPOS="2248" WIDTH="324" HEIGHT="85" CONTENT="Amycus" WC="0.81" CC="000055"/>
						<SP ID="P46_SP00139" HPOS="1619" VPOS="2333" WIDTH="35"/>
						<String ID="P46_ST00154" HPOS="1654" VPOS="2247" WIDTH="11" HEIGHT="66" CONTENT="!" WC="1.00" CC="0"/>
						<SP ID="P46_SP00140" HPOS="1665" VPOS="2333" WIDTH="66"/>
						<String ID="P46_ST00155" HPOS="1731" VPOS="2243" WIDTH="386" HEIGHT="88" CONTENT="pardonne" WC="0.98" CC="74795000"/>
						<SP ID="P46_SP00141" HPOS="2117" VPOS="2333" WIDTH="64"/>
						<String ID="P46_ST00156" HPOS="2181" VPOS="2241" WIDTH="41" HEIGHT="65" CONTENT="à" WC="0.26" CC="7"/>
						<SP ID="P46_SP00142" HPOS="2222" VPOS="2333" WIDTH="61"/>
						<String ID="P46_ST00157" HPOS="2283" VPOS="2258" WIDTH="123" HEIGHT="46" CONTENT="ma" WC="1.00" CC="00"/>
						<SP ID="P46_SP00143" HPOS="2406" VPOS="2333" WIDTH="66"/>
						<String ID="P46_ST00158" HPOS="2472" VPOS="2235" WIDTH="173" HEIGHT="67" CONTENT="folie" WC="0.97" CC="63340"/>
						<SP ID="P46_SP00144" HPOS="2645" VPOS="2333" WIDTH="64"/>
						<String ID="P46_ST00159" HPOS="2709" VPOS="2233" WIDTH="188" HEIGHT="66" CONTENT="d'un" WC="0.98" CC="0260"/>
						<SP ID="P46_SP00145" HPOS="2897" VPOS="2333" WIDTH="66"/>
						<String ID="P46_ST00160" HPOS="2963" VPOS="2233" WIDTH="307" HEIGHT="75" CONTENT="instant," WC="0.99" CC="00231041"/>
						<SP ID="P46_SP00146" HPOS="3270" VPOS="2333" WIDTH="71"/>
						<String ID="P46_ST00161" HPOS="3341" VPOS="2225" WIDTH="173" HEIGHT="69" CONTENT="folie" WC="0.99" CC="50300"/>
					</TextLine>
					<TextLine ID="P46_TL00016" HPOS="564" VPOS="2328" WIDTH="2950" HEIGHT="115">
						<String ID="P46_ST00162" HPOS="564" VPOS="2362" WIDTH="327" HEIGHT="81" CONTENT="étrange," WC="0.99" CC="23098002"/>
						<SP ID="P46_SP00147" HPOS="891" VPOS="2443" WIDTH="57"/>
						<String ID="P46_ST00163" HPOS="948" VPOS="2362" WIDTH="70" HEIGHT="59" CONTENT="et" WC="0.72" CC="05"/>
						<SP ID="P46_SP00148" HPOS="1018" VPOS="2443" WIDTH="51"/>
						<String ID="P46_ST00164" HPOS="1069" VPOS="2375" WIDTH="155" HEIGHT="44" CONTENT="non" WC="1.00" CC="000"/>
						<SP ID="P46_SP00149" HPOS="1224" VPOS="2443" WIDTH="56"/>
						<String ID="P46_ST00165" HPOS="1280" VPOS="2352" WIDTH="273" HEIGHT="76" CONTENT="native," WC="0.99" CC="5000700"/>
						<SP ID="P46_SP00150" HPOS="1553" VPOS="2443" WIDTH="59"/>
						<String ID="P46_ST00166" HPOS="1612" VPOS="2350" WIDTH="129" HEIGHT="86" CONTENT="qui" WC="0.97" CC="070"/>
						<SP ID="P46_SP00151" HPOS="1741" VPOS="2443" WIDTH="54"/>
						<String ID="P46_ST00167" HPOS="1795" VPOS="2368" WIDTH="119" HEIGHT="46" CONTENT="me" WC="0.55" CC="80"/>
						<SP ID="P46_SP00152" HPOS="1914" VPOS="2443" WIDTH="47"/>
						<String ID="P46_ST00168" HPOS="1961" VPOS="2348" WIDTH="166" HEIGHT="63" CONTENT="vint" WC="0.99" CC="0023"/>
						<SP ID="P46_SP00153" HPOS="2127" VPOS="2443" WIDTH="49"/>
						<String ID="P46_ST00169" HPOS="2176" VPOS="2341" WIDTH="334" HEIGHT="68" CONTENT="d'autrui" WC="0.77" CC="00060046"/>
						<SP ID="P46_SP00154" HPOS="2510" VPOS="2443" WIDTH="50"/>
						<String ID="P46_ST00170" HPOS="2560" VPOS="2338" WIDTH="99" HEIGHT="68" CONTENT="tel" WC="0.98" CC="004"/>
						<SP ID="P46_SP00155" HPOS="2659" VPOS="2443" WIDTH="54"/>
						<String ID="P46_ST00171" HPOS="2713" VPOS="2358" WIDTH="105" HEIGHT="46" CONTENT="un" WC="0.69" CC="60"/>
						<SP ID="P46_SP00156" HPOS="2818" VPOS="2443" WIDTH="56"/>
						<String ID="P46_ST00172" HPOS="2874" VPOS="2333" WIDTH="259" HEIGHT="68" CONTENT="souffle" WC="0.98" CC="0567760"/>
						<SP ID="P46_SP00157" HPOS="3133" VPOS="2443" WIDTH="54"/>
						<String ID="P46_ST00173" HPOS="3187" VPOS="2330" WIDTH="186" HEIGHT="67" CONTENT="infet" WC="0.62" CC="08802"/>
						<SP ID="P46_SP00158" HPOS="3373" VPOS="2443" WIDTH="51"/>
						<String ID="P46_ST00174" HPOS="3424" VPOS="2328" WIDTH="90" HEIGHT="68" CONTENT="de" WC="0.78" CC="04"/>
					</TextLine>
					<TextLine ID="P46_TL00017" HPOS="566" VPOS="2433" WIDTH="2946" HEIGHT="117">
						<String ID="P46_ST00175" HPOS="566" VPOS="2467" WIDTH="198" HEIGHT="83" CONTENT="peste" WC="0.97" CC="80550"/>
						<SP ID="P46_SP00159" HPOS="764" VPOS="2550" WIDTH="61"/>
						<String ID="P46_ST00176" HPOS="825" VPOS="2460" WIDTH="144" HEIGHT="66" CONTENT="très" WC="0.97" CC="0066"/>
						<SP ID="P46_SP00160" HPOS="969" VPOS="2550" WIDTH="62"/>
						<String ID="P46_ST00177" HPOS="1031" VPOS="2458" WIDTH="442" HEIGHT="65" CONTENT="vénéneuse." WC="1.00" CC="0002005300"/>
						<SP ID="P46_SP00161" HPOS="1473" VPOS="2550" WIDTH="70"/>
						<String ID="P46_ST00178" HPOS="1543" VPOS="2451" WIDTH="133" HEIGHT="66" CONTENT="Las" WC="0.96" CC="206"/>
						<SP ID="P46_SP00162" HPOS="1676" VPOS="2550" WIDTH="33"/>
						<String ID="P46_ST00179" HPOS="1709" VPOS="2453" WIDTH="13" HEIGHT="66" CONTENT="1" WC="0.45" CC="5"/>
						<SP ID="P46_SP00163" HPOS="1722" VPOS="2550" WIDTH="66"/>
						<String ID="P46_ST00180" HPOS="1788" VPOS="2453" WIDTH="381" HEIGHT="64" CONTENT="comment" WC="1.00" CC="0310001"/>
						<SP ID="P46_SP00164" HPOS="2169" VPOS="2550" WIDTH="66"/>
						<String ID="P46_ST00181" HPOS="2235" VPOS="2445" WIDTH="180" HEIGHT="67" CONTENT="faire" WC="0.99" CC="60040"/>
						<SP ID="P46_SP00165" HPOS="2415" VPOS="2550" WIDTH="66"/>
						<String ID="P46_ST00182" HPOS="2481" VPOS="2463" WIDTH="73" HEIGHT="46" CONTENT="se" WC="0.72" CC="50"/>
						<SP ID="P46_SP00166" HPOS="2554" VPOS="2550" WIDTH="64"/>
						<String ID="P46_ST00183" HPOS="2618" VPOS="2445" WIDTH="135" HEIGHT="84" CONTENT="put" WC="0.95" CC="840"/>
						<SP ID="P46_SP00167" HPOS="2753" VPOS="2550" WIDTH="65"/>
						<String ID="P46_ST00184" HPOS="2818" VPOS="2458" WIDTH="145" HEIGHT="68" CONTENT="que" WC="0.99" CC="002"/>
						<SP ID="P46_SP00168" HPOS="2963" VPOS="2550" WIDTH="61"/>
						<String ID="P46_ST00185" HPOS="3024" VPOS="2436" WIDTH="70" HEIGHT="68" CONTENT="le" WC="0.91" CC="10"/>
						<SP ID="P46_SP00169" HPOS="3094" VPOS="2550" WIDTH="64"/>
						<String ID="P46_ST00186" HPOS="3158" VPOS="2433" WIDTH="158" HEIGHT="69" CONTENT="seul" WC="0.98" CC="3040"/>
						<SP ID="P46_SP00170" HPOS="3316" VPOS="2550" WIDTH="67"/>
						<String ID="P46_ST00187" HPOS="3383" VPOS="2435" WIDTH="129" HEIGHT="86" CONTENT="qui" WC="0.95" CC="066"/>
					</TextLine>
					<TextLine ID="P46_TL00018" HPOS="562" VPOS="2540" WIDTH="2947" HEIGHT="101">
						<String ID="P46_ST00188" HPOS="562" VPOS="2562" WIDTH="293" HEIGHT="71" CONTENT="t'aimât" WC="0.98" CC="1370470"/>
						<SP ID="P46_SP00171" HPOS="855" VPOS="2633" WIDTH="65"/>
						<String ID="P46_ST00189" HPOS="920" VPOS="2560" WIDTH="111" HEIGHT="68" CONTENT="fût" WC="0.98" CC="230"/>
						<SP ID="P46_SP00172" HPOS="1031" VPOS="2633" WIDTH="61"/>
						<String ID="P46_ST00190" HPOS="1092" VPOS="2560" WIDTH="225" HEIGHT="66" CONTENT="cettui" WC="0.78" CC="007050"/>
						<SP ID="P46_SP00173" HPOS="1317" VPOS="2633" WIDTH="68"/>
						<String ID="P46_ST00191" HPOS="1385" VPOS="2556" WIDTH="247" HEIGHT="66" CONTENT="même" WC="0.98" CC="4500"/>
						<SP ID="P46_SP00174" HPOS="1632" VPOS="2633" WIDTH="65"/>
						<String ID="P46_ST00192" HPOS="1697" VPOS="2556" WIDTH="130" HEIGHT="85" CONTENT="qui" WC="0.97" CC="043"/>
						<SP ID="P46_SP00175" HPOS="1827" VPOS="2641" WIDTH="68"/>
						<String ID="P46_ST00193" HPOS="1895" VPOS="2558" WIDTH="64" HEIGHT="61" CONTENT="te" WC="0.70" CC="50"/>
						<SP ID="P46_SP00176" HPOS="1959" VPOS="2641" WIDTH="63"/>
						<String ID="P46_ST00194" HPOS="2022" VPOS="2556" WIDTH="212" HEIGHT="83" CONTENT="porta" WC="0.99" CC="04000"/>
						<SP ID="P46_SP00177" HPOS="2234" VPOS="2641" WIDTH="64"/>
						<String ID="P46_ST00195" HPOS="2298" VPOS="2548" WIDTH="66" HEIGHT="68" CONTENT="le" WC="0.77" CC="40"/>
						<SP ID="P46_SP00178" HPOS="2364" VPOS="2641" WIDTH="63"/>
						<String ID="P46_ST00196" HPOS="2427" VPOS="2568" WIDTH="191" HEIGHT="65" CONTENT="coup" WC="0.98" CC="3060"/>
						<SP ID="P46_SP00179" HPOS="2618" VPOS="2641" WIDTH="66"/>
						<String ID="P46_ST00197" HPOS="2684" VPOS="2541" WIDTH="401" HEIGHT="70" CONTENT="mortel!..." WC="1.00" CC="0050065000"/>
						<SP ID="P46_SP00180" HPOS="3085" VPOS="2641" WIDTH="73"/>
						<String ID="P46_ST00198" HPOS="3158" VPOS="2540" WIDTH="351" HEIGHT="86" CONTENT="Amycus," WC="0.82" CC="0000533"/>
					</TextLine>
					<TextLine ID="P46_TL00019" HPOS="566" VPOS="2665" WIDTH="619" HEIGHT="88">
						<String ID="P46_ST00199" HPOS="566" VPOS="2668" WIDTH="40" HEIGHT="68" CONTENT="ô" WC="0.33" CC="6"/>
						<SP ID="P46_SP00181" HPOS="606" VPOS="2736" WIDTH="54"/>
						<String ID="P46_ST00200" HPOS="660" VPOS="2665" WIDTH="525" HEIGHT="88" CONTENT="Amycus!...»" WC="0.73" CC="06006524013"/>
					</TextLine>
					<TextLine ID="P46_TL00020" HPOS="747" VPOS="2744" WIDTH="2767" HEIGHT="110">
						<String ID="P46_ST00201" HPOS="747" VPOS="2770" WIDTH="181" HEIGHT="68" CONTENT="Mais" WC="0.98" CC="0006"/>
						<SP ID="P46_SP00182" HPOS="928" VPOS="2838" WIDTH="59"/>
						<String ID="P46_ST00202" HPOS="987" VPOS="2770" WIDTH="349" HEIGHT="84" CONTENT="Amycus," WC="0.89" CC="0000061"/>
						<SP ID="P46_SP00183" HPOS="1336" VPOS="2854" WIDTH="63"/>
						<String ID="P46_ST00203" HPOS="1399" VPOS="2770" WIDTH="166" HEIGHT="61" CONTENT="tout" WC="0.98" CC="5020"/>
						<SP ID="P46_SP00184" HPOS="1565" VPOS="2854" WIDTH="56"/>
						<String ID="P46_ST00204" HPOS="1621" VPOS="2761" WIDTH="381" HEIGHT="78" CONTENT="anlielant," WC="0.59" CC="2568060532"/>
						<SP ID="P46_SP00185" HPOS="2002" VPOS="2854" WIDTH="66"/>
						<String ID="P46_ST00205" HPOS="2068" VPOS="2765" WIDTH="69" HEIGHT="62" CONTENT="et" WC="0.94" CC="01"/>
						<SP ID="P46_SP00186" HPOS="2137" VPOS="2854" WIDTH="58"/>
						<String ID="P46_ST00206" HPOS="2195" VPOS="2758" WIDTH="411" HEIGHT="85" CONTENT="dégageant" WC="0.99" CC="010904854"/>
						<SP ID="P46_SP00187" HPOS="2606" VPOS="2854" WIDTH="56"/>
						<String ID="P46_ST00207" HPOS="2662" VPOS="2775" WIDTH="78" HEIGHT="46" CONTENT="sa" WC="0.86" CC="20"/>
						<SP ID="P46_SP00188" HPOS="2740" VPOS="2854" WIDTH="57"/>
						<String ID="P46_ST00208" HPOS="2797" VPOS="2753" WIDTH="209" HEIGHT="66" CONTENT="main" WC="0.99" CC="0004"/>
						<SP ID="P46_SP00189" HPOS="3006" VPOS="2854" WIDTH="59"/>
						<String ID="P46_ST00209" HPOS="3065" VPOS="2748" WIDTH="288" HEIGHT="68" CONTENT="d'entre" WC="0.99" CC="0004050"/>
						<SP ID="P46_SP00190" HPOS="3353" VPOS="2854" WIDTH="59"/>
						<String ID="P46_ST00210" HPOS="3412" VPOS="2744" WIDTH="102" HEIGHT="68" CONTENT="les" WC="0.97" CC="106"/>
					</TextLine>
					<TextLine ID="P46_TL00021" HPOS="566" VPOS="2849" WIDTH="2946" HEIGHT="109">
						<String ID="P46_ST00211" HPOS="566" VPOS="2876" WIDTH="365" HEIGHT="77" CONTENT="miennes," WC="0.99" CC="36001042"/>
						<SP ID="P46_SP00191" HPOS="931" VPOS="2953" WIDTH="44"/>
						<String ID="P46_ST00212" HPOS="975" VPOS="2893" WIDTH="121" HEIGHT="44" CONTENT="me" WC="1.00" CC="00"/>
						<SP ID="P46_SP00192" HPOS="1096" VPOS="2953" WIDTH="39"/>
						<String ID="P46_ST00213" HPOS="1135" VPOS="2870" WIDTH="208" HEIGHT="88" CONTENT="parla" WC="0.98" CC="00750"/>
						<SP ID="P46_SP00193" HPOS="1343" VPOS="2958" WIDTH="39"/>
						<String ID="P46_ST00214" HPOS="1382" VPOS="2890" WIDTH="91" HEIGHT="44" CONTENT="en" WC="0.66" CC="06"/>
						<SP ID="P46_SP00194" HPOS="1473" VPOS="2958" WIDTH="44"/>
						<String ID="P46_ST00215" HPOS="1517" VPOS="2873" WIDTH="181" HEIGHT="61" CONTENT="cette" WC="1.00" CC="00000"/>
						<SP ID="P46_SP00195" HPOS="1698" VPOS="2958" WIDTH="39"/>
						<String ID="P46_ST00216" HPOS="1737" VPOS="2865" WIDTH="334" HEIGHT="67" CONTENT="manière" WC="0.99" CC="0060400"/>
						<SP ID="P46_SP00196" HPOS="2071" VPOS="2958" WIDTH="51"/>
						<String ID="P46_ST00217" HPOS="2122" VPOS="2883" WIDTH="13" HEIGHT="46" CONTENT=":" WC="0.61" CC="3"/>
						<SP ID="P46_SP00197" HPOS="2135" VPOS="2958" WIDTH="49"/>
						<String ID="P46_ST00218" HPOS="2184" VPOS="2890" WIDTH="33" HEIGHT="34" CONTENT="«" WC="0.55" CC="4"/>
						<SP ID="P46_SP00198" HPOS="2217" VPOS="2958" WIDTH="42"/>
						<String ID="P46_ST00219" HPOS="2259" VPOS="2860" WIDTH="58" HEIGHT="67" CONTENT="O" WC="0.60" CC="3"/>
						<SP ID="P46_SP00199" HPOS="2317" VPOS="2958" WIDTH="38"/>
						<String ID="P46_ST00220" HPOS="2355" VPOS="2860" WIDTH="136" HEIGHT="79" CONTENT="Tu," WC="0.97" CC="230"/>
						<SP ID="P46_SP00200" HPOS="2491" VPOS="2958" WIDTH="44"/>
						<String ID="P46_ST00221" HPOS="2535" VPOS="2860" WIDTH="130" HEIGHT="86" CONTENT="qui" WC="0.98" CC="050"/>
						<SP ID="P46_SP00201" HPOS="2665" VPOS="2958" WIDTH="43"/>
						<String ID="P46_ST00222" HPOS="2708" VPOS="2854" WIDTH="189" HEIGHT="68" CONTENT="m'as" WC="0.99" CC="0004"/>
						<SP ID="P46_SP00202" HPOS="2897" VPOS="2958" WIDTH="41"/>
						<String ID="P46_ST00223" HPOS="2938" VPOS="2854" WIDTH="252" HEIGHT="78" CONTENT="navré," WC="1.00" CC="000302"/>
						<SP ID="P46_SP00203" HPOS="3190" VPOS="2958" WIDTH="48"/>
						<String ID="P46_ST00224" HPOS="3238" VPOS="2849" WIDTH="229" HEIGHT="90" CONTENT="qu'im" SUBS_TYPE="HypPart1" SUBS_CONTENT="qu'importe" WC="0.99" CC="01410"/>
						<HYP HPOS="3467" VPOS="2849" WIDTH="45" CONTENT="-"/>
					</TextLine>
					<TextLine ID="P46_TL00022" HPOS="566" VPOS="2954" WIDTH="2946" HEIGHT="112">
						<String ID="P46_ST00225" HPOS="566" VPOS="2983" WIDTH="206" HEIGHT="83" CONTENT="porte" SUBS_TYPE="HypPart2" SUBS_CONTENT="qu'importe" WC="0.98" CC="63403"/>
						<SP ID="P46_SP00204" HPOS="772" VPOS="3066" WIDTH="36"/>
						<String ID="P46_ST00226" HPOS="808" VPOS="2997" WIDTH="144" HEIGHT="67" CONTENT="que" WC="0.98" CC="060"/>
						<SP ID="P46_SP00205" HPOS="952" VPOS="3066" WIDTH="30"/>
						<String ID="P46_ST00227" HPOS="982" VPOS="2981" WIDTH="71" HEIGHT="60" CONTENT="te" WC="1.00" CC="00"/>
						<SP ID="P46_SP00206" HPOS="1053" VPOS="3066" WIDTH="34"/>
						<String ID="P46_ST00228" HPOS="1087" VPOS="2971" WIDTH="413" HEIGHT="90" CONTENT="pardonne," WC="1.00" CC="000043000"/>
						<SP ID="P46_SP00207" HPOS="1500" VPOS="3066" WIDTH="41"/>
						<String ID="P46_ST00229" HPOS="1541" VPOS="2971" WIDTH="318" HEIGHT="87" CONTENT="puisque" WC="0.99" CC="0605000"/>
						<SP ID="P46_SP00208" HPOS="1859" VPOS="3066" WIDTH="41"/>
						<String ID="P46_ST00230" HPOS="1900" VPOS="2990" WIDTH="90" HEIGHT="44" CONTENT="ne" WC="1.00" CC="00"/>
						<SP ID="P46_SP00209" HPOS="1990" VPOS="3066" WIDTH="35"/>
						<String ID="P46_ST00231" HPOS="2025" VPOS="2985" WIDTH="314" HEIGHT="69" CONTENT="pourras" WC="0.99" CC="0363203"/>
						<SP ID="P46_SP00210" HPOS="2339" VPOS="3066" WIDTH="37"/>
						<String ID="P46_ST00232" HPOS="2376" VPOS="2963" WIDTH="342" HEIGHT="86" CONTENT="esquiver" WC="1.00" CC="00050001"/>
						<SP ID="P46_SP00211" HPOS="2718" VPOS="3066" WIDTH="35"/>
						<String ID="P46_ST00233" HPOS="2753" VPOS="2958" WIDTH="66" HEIGHT="67" CONTENT="le" WC="0.89" CC="20"/>
						<SP ID="P46_SP00212" HPOS="2819" VPOS="3066" WIDTH="38"/>
						<String ID="P46_ST00234" HPOS="2857" VPOS="2958" WIDTH="305" HEIGHT="84" CONTENT="chastoy" WC="0.80" CC="3603000"/>
						<SP ID="P46_SP00213" HPOS="3162" VPOS="3066" WIDTH="38"/>
						<String ID="P46_ST00235" HPOS="3200" VPOS="2976" WIDTH="144" HEIGHT="66" CONTENT="que" WC="1.00" CC="000"/>
						<SP ID="P46_SP00214" HPOS="3344" VPOS="3066" WIDTH="36"/>
						<String ID="P46_ST00236" HPOS="3380" VPOS="2954" WIDTH="99" HEIGHT="68" CONTENT="toi" SUBS_TYPE="HypPart1" SUBS_CONTENT="toimême" WC="0.97" CC="644"/>
						<HYP HPOS="3479" VPOS="2954" WIDTH="33" CONTENT="-"/>
					</TextLine>
					<TextLine ID="P46_TL00023" HPOS="566" VPOS="3058" WIDTH="2949" HEIGHT="106">
						<String ID="P46_ST00237" HPOS="566" VPOS="3080" WIDTH="243" HEIGHT="69" CONTENT="même" SUBS_TYPE="HypPart2" SUBS_CONTENT="toimême" WC="0.99" CC="5000"/>
						<SP ID="P46_SP00215" HPOS="809" VPOS="3149" WIDTH="56"/>
						<String ID="P46_ST00238" HPOS="865" VPOS="3076" WIDTH="136" HEIGHT="71" CONTENT="t'es" WC="0.98" CC="0305"/>
						<SP ID="P46_SP00216" HPOS="1001" VPOS="3149" WIDTH="57"/>
						<String ID="P46_ST00239" HPOS="1058" VPOS="3078" WIDTH="332" HEIGHT="86" CONTENT="préparé," WC="0.99" CC="00200250"/>
						<SP ID="P46_SP00217" HPOS="1390" VPOS="3164" WIDTH="80"/>
						<String ID="P46_ST00240" HPOS="1470" VPOS="3071" WIDTH="393" HEIGHT="68" CONTENT="destourbé" WC="0.67" CC="012246460"/>
						<SP ID="P46_SP00218" HPOS="1863" VPOS="3164" WIDTH="56"/>
						<String ID="P46_ST00241" HPOS="1919" VPOS="3068" WIDTH="679" HEIGHT="69" CONTENT="voulentairement" WC="0.76" CC="055400000206045"/>
						<SP ID="P46_SP00219" HPOS="2598" VPOS="3164" WIDTH="57"/>
						<String ID="P46_ST00242" HPOS="2655" VPOS="3063" WIDTH="126" HEIGHT="67" CONTENT="des" WC="0.98" CC="006"/>
						<SP ID="P46_SP00220" HPOS="2781" VPOS="3164" WIDTH="59"/>
						<String ID="P46_ST00243" HPOS="2840" VPOS="3061" WIDTH="217" HEIGHT="68" CONTENT="hauts" WC="0.98" CC="50506"/>
						<SP ID="P46_SP00221" HPOS="3057" VPOS="3164" WIDTH="62"/>
						<String ID="P46_ST00244" HPOS="3119" VPOS="3058" WIDTH="244" HEIGHT="81" CONTENT="dieux," WC="1.00" CC="000000"/>
						<SP ID="P46_SP00222" HPOS="3363" VPOS="3164" WIDTH="83"/>
						<String ID="P46_ST00245" HPOS="3446" VPOS="3061" WIDTH="69" HEIGHT="63" CONTENT="et" WC="0.64" CC="07"/>
					</TextLine>
					<TextLine ID="P46_TL00024" HPOS="566" VPOS="3161" WIDTH="2948" HEIGHT="105">
						<String ID="P46_ST00246" HPOS="566" VPOS="3183" WIDTH="328" HEIGHT="68" CONTENT="Phœbus" WC="0.56" CC="550535"/>
						<SP ID="P46_SP00223" HPOS="894" VPOS="3251" WIDTH="49"/>
						<String ID="P46_ST00247" HPOS="943" VPOS="3188" WIDTH="70" HEIGHT="61" CONTENT="et" WC="0.78" CC="04"/>
						<SP ID="P46_SP00224" HPOS="1013" VPOS="3251" WIDTH="49"/>
						<String ID="P46_ST00248" HPOS="1062" VPOS="3180" WIDTH="262" HEIGHT="79" CONTENT="Pallas," WC="0.85" CC="2001060"/>
						<SP ID="P46_SP00225" HPOS="1324" VPOS="3259" WIDTH="61"/>
						<String ID="P46_ST00249" HPOS="1385" VPOS="3176" WIDTH="297" HEIGHT="90" CONTENT="qu'ores" WC="0.99" CC="0402605"/>
						<SP ID="P46_SP00226" HPOS="1682" VPOS="3266" WIDTH="52"/>
						<String ID="P46_ST00250" HPOS="1734" VPOS="3198" WIDTH="91" HEIGHT="44" CONTENT="en" WC="0.70" CC="05"/>
						<SP ID="P46_SP00227" HPOS="1825" VPOS="3266" WIDTH="53"/>
						<String ID="P46_ST00251" HPOS="1878" VPOS="3180" WIDTH="222" HEIGHT="61" CONTENT="avant" WC="0.97" CC="09900"/>
						<SP ID="P46_SP00228" HPOS="2100" VPOS="3266" WIDTH="52"/>
						<String ID="P46_ST00252" HPOS="2152" VPOS="3171" WIDTH="302" HEIGHT="66" CONTENT="n'auras" WC="0.98" CC="1205576"/>
						<SP ID="P46_SP00229" HPOS="2454" VPOS="3266" WIDTH="52"/>
						<String ID="P46_ST00253" HPOS="2506" VPOS="3168" WIDTH="168" HEIGHT="89" CONTENT="plus" WC="0.97" CC="0255"/>
						<SP ID="P46_SP00230" HPOS="2674" VPOS="3266" WIDTH="54"/>
						<String ID="P46_ST00254" HPOS="2728" VPOS="3168" WIDTH="235" HEIGHT="64" CONTENT="fiance" WC="0.99" CC="070000"/>
						<SP ID="P46_SP00231" HPOS="2963" VPOS="3266" WIDTH="55"/>
						<String ID="P46_ST00255" HPOS="3018" VPOS="3161" WIDTH="496" HEIGHT="90" CONTENT="d'invoquer?" WC="0.99" CC="03030307096"/>
					</TextLine>
					<TextLine ID="P46_TL00025" HPOS="567" VPOS="3268" WIDTH="2947" HEIGHT="106">
						<String ID="P46_ST00256" HPOS="567" VPOS="3285" WIDTH="493" HEIGHT="89" CONTENT="Qu'importe," WC="1.00" CC="05200004603"/>
						<SP ID="P46_SP00232" HPOS="1060" VPOS="3374" WIDTH="51"/>
						<String ID="P46_ST00257" HPOS="1111" VPOS="3283" WIDTH="364" HEIGHT="79" CONTENT="derechef," WC="0.99" CC="002006013"/>
						<SP ID="P46_SP00233" HPOS="1475" VPOS="3374" WIDTH="52"/>
						<String ID="P46_ST00258" HPOS="1527" VPOS="3283" WIDTH="319" HEIGHT="86" CONTENT="puisque" WC="0.99" CC="0404080"/>
						<SP ID="P46_SP00234" HPOS="1846" VPOS="3374" WIDTH="49"/>
						<String ID="P46_ST00259" HPOS="1895" VPOS="3300" WIDTH="90" HEIGHT="44" CONTENT="ne" WC="0.50" CC="90"/>
						<SP ID="P46_SP00235" HPOS="1985" VPOS="3374" WIDTH="44"/>
						<String ID="P46_ST00260" HPOS="2029" VPOS="3274" WIDTH="425" HEIGHT="70" CONTENT="connaîtras" WC="0.99" CC="0473401003"/>
						<SP ID="P46_SP00236" HPOS="2454" VPOS="3374" WIDTH="45"/>
						<String ID="P46_ST00261" HPOS="2499" VPOS="3273" WIDTH="171" HEIGHT="88" CONTENT="plus" WC="0.97" CC="0425"/>
						<SP ID="P46_SP00237" HPOS="2670" VPOS="3374" WIDTH="44"/>
						<String ID="P46_ST00262" HPOS="2714" VPOS="3271" WIDTH="67" HEIGHT="66" CONTENT="le" WC="0.92" CC="10"/>
						<SP ID="P46_SP00238" HPOS="2781" VPOS="3374" WIDTH="47"/>
						<String ID="P46_ST00263" HPOS="2828" VPOS="3268" WIDTH="359" HEIGHT="79" CONTENT="remords," WC="0.99" CC="10004963"/>
						<SP ID="P46_SP00239" HPOS="3187" VPOS="3374" WIDTH="52"/>
						<String ID="P46_ST00264" HPOS="3239" VPOS="3273" WIDTH="70" HEIGHT="61" CONTENT="et" WC="0.93" CC="00"/>
						<SP ID="P46_SP00240" HPOS="3309" VPOS="3374" WIDTH="44"/>
						<String ID="P46_ST00265" HPOS="3353" VPOS="3286" WIDTH="121" HEIGHT="68" CONTENT="per" SUBS_TYPE="HypPart1" SUBS_CONTENT="perdras" WC="0.96" CC="904"/>
						<HYP HPOS="3474" VPOS="3286" WIDTH="40" CONTENT="-"/>
					</TextLine>
					<TextLine ID="P46_TL00026" HPOS="567" VPOS="3369" WIDTH="2943" HEIGHT="109">
						<String ID="P46_ST00266" HPOS="567" VPOS="3393" WIDTH="168" HEIGHT="69" CONTENT="dras" SUBS_TYPE="HypPart2" SUBS_CONTENT="perdras" WC="0.95" CC="8642"/>
						<SP ID="P46_SP00241" HPOS="735" VPOS="3462" WIDTH="42"/>
						<String ID="P46_ST00267" HPOS="777" VPOS="3393" WIDTH="307" HEIGHT="85" CONTENT="jusques" WC="0.62" CC="2650505"/>
						<SP ID="P46_SP00242" HPOS="1084" VPOS="3478" WIDTH="47"/>
						<String ID="P46_ST00268" HPOS="1131" VPOS="3410" WIDTH="95" HEIGHT="44" CONTENT="au" WC="0.65" CC="07"/>
						<SP ID="P46_SP00243" HPOS="1226" VPOS="3478" WIDTH="49"/>
						<String ID="P46_ST00269" HPOS="1275" VPOS="3388" WIDTH="351" HEIGHT="66" CONTENT="souvenir" WC="1.00" CC="00600004"/>
						<SP ID="P46_SP00244" HPOS="1626" VPOS="3478" WIDTH="45"/>
						<String ID="P46_ST00270" HPOS="1671" VPOS="3384" WIDTH="87" HEIGHT="68" CONTENT="de" WC="1.00" CC="00"/>
						<SP ID="P46_SP00245" HPOS="1758" VPOS="3478" WIDTH="49"/>
						<String ID="P46_ST00271" HPOS="1807" VPOS="3381" WIDTH="179" HEIGHT="70" CONTENT="celle" WC="0.98" CC="02630"/>
						<SP ID="P46_SP00246" HPOS="1986" VPOS="3478" WIDTH="51"/>
						<String ID="P46_ST00272" HPOS="2037" VPOS="3381" WIDTH="197" HEIGHT="66" CONTENT="faute" WC="0.96" CC="78770"/>
						<SP ID="P46_SP00247" HPOS="2234" VPOS="3478" WIDTH="49"/>
						<String ID="P46_ST00273" HPOS="2283" VPOS="3381" WIDTH="130" HEIGHT="85" CONTENT="qui" WC="0.97" CC="070"/>
						<SP ID="P46_SP00248" HPOS="2413" VPOS="3478" WIDTH="47"/>
						<String ID="P46_ST00274" HPOS="2460" VPOS="3376" WIDTH="293" HEIGHT="71" CONTENT="t'ouvre" WC="0.99" CC="8050040"/>
						<SP ID="P46_SP00249" HPOS="2753" VPOS="3478" WIDTH="50"/>
						<String ID="P46_ST00275" HPOS="2803" VPOS="3376" WIDTH="167" HEIGHT="64" CONTENT="nuit" WC="0.97" CC="2705"/>
						<SP ID="P46_SP00250" HPOS="2970" VPOS="3478" WIDTH="51"/>
						<String ID="P46_ST00276" HPOS="3021" VPOS="3369" WIDTH="489" HEIGHT="92" CONTENT="espérituelle," WC="0.89" CC="0104001003002"/>
					</TextLine>
					<TextLine ID="P46_TL00027" HPOS="567" VPOS="3476" WIDTH="2950" HEIGHT="102">
						<String ID="P46_ST00277" HPOS="567" VPOS="3498" WIDTH="100" HEIGHT="64" CONTENT="où" WC="0.46" CC="73"/>
						<SP ID="P46_SP00251" HPOS="667" VPOS="3562" WIDTH="41"/>
						<String ID="P46_ST00278" HPOS="708" VPOS="3498" WIDTH="267" HEIGHT="63" CONTENT="esteras" WC="0.99" CC="0400203"/>
						<SP ID="P46_SP00252" HPOS="975" VPOS="3562" WIDTH="43"/>
						<String ID="P46_ST00279" HPOS="1018" VPOS="3489" WIDTH="227" HEIGHT="89" CONTENT="pareil" WC="0.99" CC="000006"/>
						<SP ID="P46_SP00253" HPOS="1245" VPOS="3578" WIDTH="96"/>
						<String ID="P46_ST00280" HPOS="1341" VPOS="3491" WIDTH="71" HEIGHT="63" CONTENT="ès" WC="0.35" CC="65"/>
						<SP ID="P46_SP00254" HPOS="1412" VPOS="3578" WIDTH="46"/>
						<String ID="P46_ST00281" HPOS="1458" VPOS="3488" WIDTH="249" HEIGHT="68" CONTENT="brutes" WC="0.98" CC="436405"/>
						<SP ID="P46_SP00255" HPOS="1707" VPOS="3578" WIDTH="42"/>
						<String ID="P46_ST00282" HPOS="1749" VPOS="3486" WIDTH="466" HEIGHT="85" CONTENT="sauvagines," WC="0.99" CC="70896040064"/>
						<SP ID="P46_SP00256" HPOS="2215" VPOS="3578" WIDTH="76"/>
						<String ID="P46_ST00283" HPOS="2291" VPOS="3481" WIDTH="269" HEIGHT="78" CONTENT="huans," WC="0.60" CC="770224"/>
						<SP ID="P46_SP00257" HPOS="2560" VPOS="3578" WIDTH="68"/>
						<String ID="P46_ST00284" HPOS="2628" VPOS="3478" WIDTH="459" HEIGHT="76" CONTENT="couleuvres," WC="0.99" CC="04660793140"/>
						<SP ID="P46_SP00258" HPOS="3087" VPOS="3578" WIDTH="69"/>
						<String ID="P46_ST00285" HPOS="3156" VPOS="3476" WIDTH="249" HEIGHT="64" CONTENT="fouins" WC="0.67" CC="606006"/>
						<SP ID="P46_SP00259" HPOS="3405" VPOS="3578" WIDTH="44"/>
						<String ID="P46_ST00286" HPOS="3449" VPOS="3479" WIDTH="68" HEIGHT="61" CONTENT="et" WC="0.62" CC="07"/>
					</TextLine>
					<TextLine ID="P46_TL00028" HPOS="567" VPOS="3579" WIDTH="2950" HEIGHT="104">
						<String ID="P46_ST00287" HPOS="567" VPOS="3598" WIDTH="454" HEIGHT="78" CONTENT="bottereaux," WC="0.68" CC="76300300354"/>
						<SP ID="P46_SP00260" HPOS="1021" VPOS="3676" WIDTH="58"/>
						<String ID="P46_ST00288" HPOS="1079" VPOS="3596" WIDTH="128" HEIGHT="87" CONTENT="qui" WC="0.98" CC="040"/>
						<SP ID="P46_SP00261" HPOS="1207" VPOS="3683" WIDTH="53"/>
						<String ID="P46_ST00289" HPOS="1260" VPOS="3594" WIDTH="159" HEIGHT="66" CONTENT="font" WC="0.98" CC="6002"/>
						<SP ID="P46_SP00262" HPOS="1419" VPOS="3683" WIDTH="49"/>
						<String ID="P46_ST00290" HPOS="1468" VPOS="3591" WIDTH="366" HEIGHT="68" CONTENT="habitacle" WC="0.99" CC="503000060"/>
						<SP ID="P46_SP00263" HPOS="1834" VPOS="3683" WIDTH="49"/>
						<String ID="P46_ST00291" HPOS="1883" VPOS="3589" WIDTH="124" HEIGHT="68" CONTENT="des" WC="0.98" CC="006"/>
						<SP ID="P46_SP00264" HPOS="2007" VPOS="3683" WIDTH="50"/>
						<String ID="P46_ST00292" HPOS="2057" VPOS="3586" WIDTH="371" HEIGHT="90" CONTENT="sépulcres" WC="0.99" CC="660010306"/>
						<SP ID="P46_SP00265" HPOS="2428" VPOS="3683" WIDTH="36"/>
						<String ID="P46_ST00293" HPOS="2464" VPOS="3588" WIDTH="10" HEIGHT="64" CONTENT="!" WC="1.00" CC="0"/>
						<SP ID="P46_SP00266" HPOS="2474" VPOS="3683" WIDTH="54"/>
						<String ID="P46_ST00294" HPOS="2528" VPOS="3584" WIDTH="210" HEIGHT="66" CONTENT="Ainsi" WC="0.98" CC="00750"/>
						<SP ID="P46_SP00267" HPOS="2738" VPOS="3683" WIDTH="53"/>
						<String ID="P46_ST00295" HPOS="2791" VPOS="3589" WIDTH="245" HEIGHT="60" CONTENT="meurt" WC="0.98" CC="01820"/>
						<SP ID="P46_SP00268" HPOS="3036" VPOS="3683" WIDTH="51"/>
						<String ID="P46_ST00296" HPOS="3087" VPOS="3583" WIDTH="39" HEIGHT="64" CONTENT="à" WC="0.27" CC="7"/>
						<SP ID="P46_SP00269" HPOS="3126" VPOS="3683" WIDTH="49"/>
						<String ID="P46_ST00297" HPOS="3175" VPOS="3579" WIDTH="342" HEIGHT="66" CONTENT="Lumière" WC="0.98" CC="8600334"/>
					</TextLine>
					<TextLine ID="P46_TL00029" HPOS="566" VPOS="3693" WIDTH="1510" HEIGHT="89">
						<String ID="P46_ST00298" HPOS="566" VPOS="3708" WIDTH="69" HEIGHT="61" CONTENT="et" WC="0.63" CC="07"/>
						<SP ID="P46_SP00270" HPOS="635" VPOS="3769" WIDTH="44"/>
						<String ID="P46_ST00299" HPOS="679" VPOS="3698" WIDTH="298" HEIGHT="67" CONTENT="Félicité" WC="1.00" CC="00012001"/>
						<SP ID="P46_SP00271" HPOS="977" VPOS="3769" WIDTH="42"/>
						<String ID="P46_ST00300" HPOS="1019" VPOS="3696" WIDTH="95" HEIGHT="68" CONTENT="cil" WC="0.97" CC="051"/>
						<SP ID="P46_SP00272" HPOS="1114" VPOS="3769" WIDTH="44"/>
						<String ID="P46_ST00301" HPOS="1158" VPOS="3698" WIDTH="131" HEIGHT="84" CONTENT="qui" WC="0.98" CC="060"/>
						<SP ID="P46_SP00273" HPOS="1289" VPOS="3782" WIDTH="42"/>
						<String ID="P46_ST00302" HPOS="1331" VPOS="3701" WIDTH="124" HEIGHT="61" CONTENT="tue" WC="0.98" CC="050"/>
						<SP ID="P46_SP00274" HPOS="1455" VPOS="3782" WIDTH="40"/>
						<String ID="P46_ST00303" HPOS="1495" VPOS="3694" WIDTH="70" HEIGHT="66" CONTENT="la" WC="0.71" CC="50"/>
						<SP ID="P46_SP00275" HPOS="1565" VPOS="3782" WIDTH="42"/>
						<String ID="P46_ST00304" HPOS="1607" VPOS="3693" WIDTH="249" HEIGHT="66" CONTENT="Poësie" WC="0.63" CC="400744"/>
						<SP ID="P46_SP00276" HPOS="1856" VPOS="3782" WIDTH="34"/>
						<String ID="P46_ST00305" HPOS="1890" VPOS="3694" WIDTH="98" HEIGHT="65" CONTENT="!..." WC="0.98" CC="5022"/>
						<SP ID="P46_SP00277" HPOS="1988" VPOS="3782" WIDTH="54"/>
						<String ID="P46_ST00306" HPOS="2042" VPOS="3720" WIDTH="34" HEIGHT="34" CONTENT="»" WC="0.45" CC="5"/>
					</TextLine>
					<TextLine ID="P46_TL00030" HPOS="750" VPOS="3786" WIDTH="2764" HEIGHT="103">
						<String ID="P46_ST00307" HPOS="750" VPOS="3801" WIDTH="85" HEIGHT="69" CONTENT="Et" WC="0.82" CC="30"/>
						<SP ID="P46_SP00278" HPOS="835" VPOS="3870" WIDTH="42"/>
						<String ID="P46_ST00308" HPOS="877" VPOS="3801" WIDTH="424" HEIGHT="88" CONTENT="poursuivit" WC="0.99" CC="0453260020"/>
						<SP ID="P46_SP00279" HPOS="1301" VPOS="3889" WIDTH="45"/>
						<String ID="P46_ST00309" HPOS="1346" VPOS="3798" WIDTH="324" HEIGHT="86" CONTENT="Amycus" WC="0.79" CC="000066"/>
						<SP ID="P46_SP00280" HPOS="1670" VPOS="3889" WIDTH="54"/>
						<String ID="P46_ST00310" HPOS="1724" VPOS="3818" WIDTH="13" HEIGHT="44" CONTENT=":" WC="0.19" CC="8"/>
						<SP ID="P46_SP00281" HPOS="1737" VPOS="3889" WIDTH="50"/>
						<String ID="P46_ST00311" HPOS="1787" VPOS="3825" WIDTH="32" HEIGHT="32" CONTENT="«" WC="0.36" CC="6"/>
						<SP ID="P46_SP00282" HPOS="1819" VPOS="3889" WIDTH="49"/>
						<String ID="P46_ST00312" HPOS="1868" VPOS="3796" WIDTH="140" HEIGHT="68" CONTENT="Car" WC="0.94" CC="707"/>
						<SP ID="P46_SP00283" HPOS="2008" VPOS="3889" WIDTH="43"/>
						<String ID="P46_ST00313" HPOS="2051" VPOS="3794" WIDTH="306" HEIGHT="66" CONTENT="n'est-ce" WC="0.99" CC="54060005"/>
						<SP ID="P46_SP00284" HPOS="2357" VPOS="3889" WIDTH="48"/>
						<String ID="P46_ST00314" HPOS="2405" VPOS="3793" WIDTH="157" HEIGHT="66" CONTENT="bête" WC="0.96" CC="7471"/>
						<SP ID="P46_SP00285" HPOS="2562" VPOS="3889" WIDTH="46"/>
						<String ID="P46_ST00315" HPOS="2608" VPOS="3789" WIDTH="367" HEIGHT="70" CONTENT="caballine" WC="0.79" CC="004060060"/>
						<SP ID="P46_SP00286" HPOS="2975" VPOS="3889" WIDTH="44"/>
						<String ID="P46_ST00316" HPOS="3019" VPOS="3786" WIDTH="374" HEIGHT="90" CONTENT="qu'occise" WC="0.99" CC="060020430"/>
						<SP ID="P46_SP00287" HPOS="3393" VPOS="3889" WIDTH="46"/>
						<String ID="P46_ST00317" HPOS="3439" VPOS="3806" WIDTH="75" HEIGHT="46" CONTENT="as" WC="0.66" CC="06"/>
					</TextLine>
					<TextLine ID="P46_TL00031" HPOS="564" VPOS="3891" WIDTH="2950" HEIGHT="101">
						<String ID="P46_ST00318" HPOS="564" VPOS="3931" WIDTH="95" HEIGHT="46" CONTENT="en" WC="0.41" CC="47"/>
						<SP ID="P46_SP00288" HPOS="659" VPOS="3977" WIDTH="44"/>
						<String ID="P46_ST00319" HPOS="703" VPOS="3906" WIDTH="437" HEIGHT="68" CONTENT="moi-même" WC="1.00" CC="05000100"/>
						<SP ID="P46_SP00289" HPOS="1140" VPOS="3977" WIDTH="47"/>
						<String ID="P46_ST00320" HPOS="1187" VPOS="3925" WIDTH="134" HEIGHT="67" CONTENT="par" WC="0.99" CC="010"/>
						<SP ID="P46_SP00290" HPOS="1321" VPOS="3992" WIDTH="44"/>
						<String ID="P46_ST00321" HPOS="1365" VPOS="3903" WIDTH="357" HEIGHT="66" CONTENT="chétiveté" WC="0.86" CC="071000010"/>
						<SP ID="P46_SP00291" HPOS="1722" VPOS="3992" WIDTH="44"/>
						<String ID="P46_ST00322" HPOS="1766" VPOS="3901" WIDTH="88" HEIGHT="66" CONTENT="de" WC="1.00" CC="00"/>
						<SP ID="P46_SP00292" HPOS="1854" VPOS="3992" WIDTH="48"/>
						<String ID="P46_ST00323" HPOS="1902" VPOS="3920" WIDTH="230" HEIGHT="59" CONTENT="cœur," WC="0.99" CC="00512"/>
						<SP ID="P46_SP00293" HPOS="2132" VPOS="3992" WIDTH="54"/>
						<String ID="P46_ST00324" HPOS="2186" VPOS="3901" WIDTH="163" HEIGHT="64" CONTENT="ains" WC="0.84" CC="0005"/>
						<SP ID="P46_SP00294" HPOS="2349" VPOS="3992" WIDTH="49"/>
						<String ID="P46_ST00325" HPOS="2398" VPOS="3899" WIDTH="239" HEIGHT="83" CONTENT="figure" WC="0.99" CC="330502"/>
						<SP ID="P46_SP00295" HPOS="2637" VPOS="3992" WIDTH="49"/>
						<String ID="P46_ST00326" HPOS="2686" VPOS="3894" WIDTH="337" HEIGHT="68" CONTENT="formelle" WC="0.99" CC="85000001"/>
						<SP ID="P46_SP00296" HPOS="3023" VPOS="3992" WIDTH="47"/>
						<String ID="P46_ST00327" HPOS="3070" VPOS="3891" WIDTH="444" HEIGHT="68" CONTENT="d'humaine" WC="0.99" CC="035616170"/>
					</TextLine>
					<TextLine ID="P46_TL00032" HPOS="564" VPOS="3992" WIDTH="2950" HEIGHT="102">
						<String ID="P46_ST00328" HPOS="564" VPOS="4011" WIDTH="278" HEIGHT="80" CONTENT="Poësie," WC="0.72" CC="4506010"/>
						<SP ID="P46_SP00297" HPOS="842" VPOS="4091" WIDTH="59"/>
						<String ID="P46_ST00329" HPOS="901" VPOS="4006" WIDTH="374" HEIGHT="88" CONTENT="engendré" WC="1.00" CC="05000021"/>
						<SP ID="P46_SP00298" HPOS="1275" VPOS="4094" WIDTH="56"/>
						<String ID="P46_ST00330" HPOS="1331" VPOS="4028" WIDTH="144" HEIGHT="64" CONTENT="que" WC="0.98" CC="050"/>
						<SP ID="P46_SP00299" HPOS="1475" VPOS="4094" WIDTH="56"/>
						<String ID="P46_ST00331" HPOS="1531" VPOS="4006" WIDTH="115" HEIGHT="64" CONTENT="fus" WC="0.96" CC="045"/>
						<SP ID="P46_SP00300" HPOS="1646" VPOS="4094" WIDTH="56"/>
						<String ID="P46_ST00332" HPOS="1702" VPOS="4003" WIDTH="88" HEIGHT="67" CONTENT="de" WC="1.00" CC="00"/>
						<SP ID="P46_SP00301" HPOS="1790" VPOS="4094" WIDTH="57"/>
						<String ID="P46_ST00333" HPOS="1847" VPOS="4003" WIDTH="210" HEIGHT="67" CONTENT="Désir" WC="0.97" CC="60345"/>
						<SP ID="P46_SP00302" HPOS="2057" VPOS="4094" WIDTH="53"/>
						<String ID="P46_ST00334" HPOS="2110" VPOS="4008" WIDTH="68" HEIGHT="61" CONTENT="et" WC="1.00" CC="00"/>
						<SP ID="P46_SP00303" HPOS="2178" VPOS="4094" WIDTH="56"/>
						<String ID="P46_ST00335" HPOS="2234" VPOS="4003" WIDTH="448" HEIGHT="84" CONTENT="fantastique" WC="0.99" CC="70876500070"/>
						<SP ID="P46_SP00304" HPOS="2682" VPOS="4094" WIDTH="60"/>
						<String ID="P46_ST00336" HPOS="2742" VPOS="3999" WIDTH="453" HEIGHT="85" CONTENT="Apparence," WC="0.99" CC="0780905003"/>
						<SP ID="P46_SP00305" HPOS="3195" VPOS="4094" WIDTH="66"/>
						<String ID="P46_ST00337" HPOS="3261" VPOS="3992" WIDTH="253" HEIGHT="90" CONTENT="quand" WC="0.96" CC="06679"/>
					</TextLine>
					<TextLine ID="P46_TL00033" HPOS="564" VPOS="4099" WIDTH="2948" HEIGHT="102">
						<String ID="P46_ST00338" HPOS="564" VPOS="4116" WIDTH="239" HEIGHT="80" CONTENT="Ixion," WC="0.66" CC="390700"/>
						<SP ID="P46_SP00306" HPOS="803" VPOS="4196" WIDTH="57"/>
						<String ID="P46_ST00339" HPOS="860" VPOS="4113" WIDTH="312" HEIGHT="88" CONTENT="goûtant" WC="0.99" CC="0154000"/>
						<SP ID="P46_SP00307" HPOS="1172" VPOS="4201" WIDTH="46"/>
						<String ID="P46_ST00340" HPOS="1218" VPOS="4111" WIDTH="67" HEIGHT="68" CONTENT="le" WC="0.81" CC="03"/>
						<SP ID="P46_SP00308" HPOS="1285" VPOS="4201" WIDTH="49"/>
						<String ID="P46_ST00341" HPOS="1334" VPOS="4111" WIDTH="258" HEIGHT="66" CONTENT="Nectar" WC="0.99" CC="500003"/>
						<SP ID="P46_SP00309" HPOS="1592" VPOS="4201" WIDTH="47"/>
						<String ID="P46_ST00342" HPOS="1639" VPOS="4111" WIDTH="34" HEIGHT="64" CONTENT="à" WC="0.65" CC="3"/>
						<SP ID="P46_SP00310" HPOS="1673" VPOS="4201" WIDTH="54"/>
						<String ID="P46_ST00343" HPOS="1727" VPOS="4108" WIDTH="71" HEIGHT="67" CONTENT="la" WC="0.81" CC="30"/>
						<SP ID="P46_SP00311" HPOS="1798" VPOS="4201" WIDTH="51"/>
						<String ID="P46_ST00344" HPOS="1849" VPOS="4106" WIDTH="190" HEIGHT="69" CONTENT="table" WC="0.97" CC="65730"/>
						<SP ID="P46_SP00312" HPOS="2039" VPOS="4201" WIDTH="51"/>
						<String ID="P46_ST00345" HPOS="2090" VPOS="4106" WIDTH="123" HEIGHT="66" CONTENT="des" WC="0.97" CC="006"/>
						<SP ID="P46_SP00313" HPOS="2213" VPOS="4201" WIDTH="49"/>
						<String ID="P46_ST00346" HPOS="2262" VPOS="4106" WIDTH="263" HEIGHT="78" CONTENT="Dieux," WC="0.99" CC="040600"/>
						<SP ID="P46_SP00314" HPOS="2525" VPOS="4201" WIDTH="56"/>
						<String ID="P46_ST00347" HPOS="2581" VPOS="4104" WIDTH="349" HEIGHT="83" CONTENT="étreignit" WC="0.70" CC="152050740"/>
						<SP ID="P46_SP00315" HPOS="2930" VPOS="4201" WIDTH="50"/>
						<String ID="P46_ST00348" HPOS="2980" VPOS="4121" WIDTH="148" HEIGHT="46" CONTENT="une" WC="0.95" CC="670"/>
						<SP ID="P46_SP00316" HPOS="3128" VPOS="4201" WIDTH="52"/>
						<String ID="P46_ST00349" HPOS="3180" VPOS="4099" WIDTH="332" HEIGHT="68" CONTENT="illusoire" WC="0.99" CC="151525024"/>
					</TextLine>
					<TextLine ID="P46_TL00034" HPOS="562" VPOS="4201" WIDTH="2952" HEIGHT="94">
						<String ID="P46_ST00350" HPOS="562" VPOS="4219" WIDTH="200" HEIGHT="66" CONTENT="Juno" WC="0.42" CC="4665"/>
						<SP ID="P46_SP00317" HPOS="762" VPOS="4285" WIDTH="56"/>
						<String ID="P46_ST00351" HPOS="818" VPOS="4216" WIDTH="185" HEIGHT="66" CONTENT="dans" WC="0.98" CC="0055"/>
						<SP ID="P46_SP00318" HPOS="1003" VPOS="4285" WIDTH="55"/>
						<String ID="P46_ST00352" HPOS="1058" VPOS="4216" WIDTH="100" HEIGHT="66" CONTENT="les" WC="0.96" CC="405"/>
						<SP ID="P46_SP00319" HPOS="1158" VPOS="4285" WIDTH="58"/>
						<String ID="P46_ST00353" HPOS="1216" VPOS="4216" WIDTH="281" HEIGHT="64" CONTENT="fumées" WC="0.99" CC="270005"/>
						<SP ID="P46_SP00320" HPOS="1497" VPOS="4285" WIDTH="58"/>
						<String ID="P46_ST00354" HPOS="1555" VPOS="4213" WIDTH="377" HEIGHT="66" CONTENT="d'ivresse." WC="0.99" CC="0400503400"/>
						<SP ID="P46_SP00321" HPOS="1932" VPOS="4285" WIDTH="83"/>
						<String ID="P46_ST00355" HPOS="2015" VPOS="4207" WIDTH="197" HEIGHT="68" CONTENT="C'est" WC="0.98" CC="60450"/>
						<SP ID="P46_SP00322" HPOS="2212" VPOS="4285" WIDTH="54"/>
						<String ID="P46_ST00356" HPOS="2266" VPOS="4207" WIDTH="376" HEIGHT="88" CONTENT="pourquoi" WC="0.99" CC="04750430"/>
						<SP ID="P46_SP00323" HPOS="2642" VPOS="4295" WIDTH="59"/>
						<String ID="P46_ST00357" HPOS="2701" VPOS="4228" WIDTH="120" HEIGHT="44" CONTENT="me" WC="0.95" CC="00"/>
						<SP ID="P46_SP00324" HPOS="2821" VPOS="4295" WIDTH="56"/>
						<String ID="P46_ST00358" HPOS="2877" VPOS="4206" WIDTH="244" HEIGHT="62" CONTENT="virent" WC="0.97" CC="746057"/>
						<SP ID="P46_SP00325" HPOS="3121" VPOS="4295" WIDTH="57"/>
						<String ID="P46_ST00359" HPOS="3178" VPOS="4202" WIDTH="102" HEIGHT="66" CONTENT="les" WC="0.96" CC="406"/>
						<SP ID="P46_SP00326" HPOS="3280" VPOS="4295" WIDTH="56"/>
						<String ID="P46_ST00360" HPOS="3336" VPOS="4201" WIDTH="178" HEIGHT="67" CONTENT="Grés" WC="0.96" CC="6706"/>
					</TextLine>
					<TextLine ID="P46_TL00035" HPOS="564" VPOS="4306" WIDTH="2948" HEIGHT="100">
						<String ID="P46_ST00361" HPOS="564" VPOS="4321" WIDTH="288" HEIGHT="69" CONTENT="attaché" WC="0.99" CC="8040060"/>
						<SP ID="P46_SP00327" HPOS="852" VPOS="4390" WIDTH="35"/>
						<String ID="P46_ST00362" HPOS="887" VPOS="4341" WIDTH="95" HEIGHT="46" CONTENT="au" WC="0.81" CC="03"/>
						<SP ID="P46_SP00328" HPOS="982" VPOS="4390" WIDTH="34"/>
						<String ID="P46_ST00363" HPOS="1016" VPOS="4318" WIDTH="405" HEIGHT="88" CONTENT="Triomphe" WC="0.99" CC="04226070"/>
						<SP ID="P46_SP00329" HPOS="1421" VPOS="4406" WIDTH="34"/>
						<String ID="P46_ST00364" HPOS="1455" VPOS="4316" WIDTH="394" HEIGHT="88" CONTENT="bachique," WC="0.99" CC="500700503"/>
						<SP ID="P46_SP00330" HPOS="1849" VPOS="4406" WIDTH="46"/>
						<String ID="P46_ST00365" HPOS="1895" VPOS="4314" WIDTH="66" HEIGHT="68" CONTENT="le" WC="0.80" CC="40"/>
						<SP ID="P46_SP00331" HPOS="1961" VPOS="4406" WIDTH="37"/>
						<String ID="P46_ST00366" HPOS="1998" VPOS="4312" WIDTH="278" HEIGHT="68" CONTENT="Naxien" WC="0.71" CC="509001"/>
						<SP ID="P46_SP00332" HPOS="2276" VPOS="4406" WIDTH="37"/>
						<String ID="P46_ST00367" HPOS="2313" VPOS="4318" WIDTH="396" HEIGHT="60" CONTENT="ramenant" WC="1.00" CC="50000040"/>
						<SP ID="P46_SP00333" HPOS="2709" VPOS="4406" WIDTH="34"/>
						<String ID="P46_ST00368" HPOS="2743" VPOS="4309" WIDTH="70" HEIGHT="66" CONTENT="la" WC="0.93" CC="10"/>
						<SP ID="P46_SP00334" HPOS="2813" VPOS="4406" WIDTH="37"/>
						<String ID="P46_ST00369" HPOS="2850" VPOS="4309" WIDTH="240" HEIGHT="85" CONTENT="Vigne" WC="0.98" CC="72070"/>
						<SP ID="P46_SP00335" HPOS="3090" VPOS="4406" WIDTH="38"/>
						<String ID="P46_ST00370" HPOS="3128" VPOS="4307" WIDTH="123" HEIGHT="66" CONTENT="des" WC="0.96" CC="603"/>
						<SP ID="P46_SP00336" HPOS="3251" VPOS="4406" WIDTH="41"/>
						<String ID="P46_ST00371" HPOS="3292" VPOS="4306" WIDTH="220" HEIGHT="67" CONTENT="bords" WC="0.98" CC="07016"/>
					</TextLine>
					<TextLine ID="P46_TL00036" HPOS="564" VPOS="4412" WIDTH="2948" HEIGHT="100">
						<String ID="P46_ST00372" HPOS="564" VPOS="4426" WIDTH="513" HEIGHT="86" CONTENT="gangétiques," WC="0.70" CC="970051005040"/>
						<SP ID="P46_SP00337" HPOS="1077" VPOS="4512" WIDTH="56"/>
						<String ID="P46_ST00373" HPOS="1133" VPOS="4429" WIDTH="68" HEIGHT="60" CONTENT="et" WC="1.00" CC="00"/>
						<SP ID="P46_SP00338" HPOS="1201" VPOS="4512" WIDTH="45"/>
						<String ID="P46_ST00374" HPOS="1246" VPOS="4422" WIDTH="375" HEIGHT="87" CONTENT="pourquoi" WC="0.99" CC="00500620"/>
						<SP ID="P46_SP00339" HPOS="1621" VPOS="4512" WIDTH="45"/>
						<String ID="P46_ST00375" HPOS="1666" VPOS="4417" WIDTH="137" HEIGHT="90" CONTENT="j'ai" WC="0.97" CC="4403"/>
						<SP ID="P46_SP00340" HPOS="1803" VPOS="4512" WIDTH="50"/>
						<String ID="P46_ST00376" HPOS="1853" VPOS="4417" WIDTH="326" HEIGHT="88" CONTENT="premier" WC="0.99" CC="0400005"/>
						<SP ID="P46_SP00341" HPOS="2179" VPOS="4512" WIDTH="49"/>
						<String ID="P46_ST00377" HPOS="2228" VPOS="4414" WIDTH="209" HEIGHT="68" CONTENT="icelle" WC="0.75" CC="000670"/>
						<SP ID="P46_SP00342" HPOS="2437" VPOS="4512" WIDTH="52"/>
						<String ID="P46_ST00378" HPOS="2489" VPOS="4412" WIDTH="347" HEIGHT="80" CONTENT="célébrée," WC="0.99" CC="004475502"/>
						<SP ID="P46_SP00343" HPOS="2836" VPOS="4512" WIDTH="58"/>
						<String ID="P46_ST00379" HPOS="2894" VPOS="4433" WIDTH="134" HEIGHT="66" CONTENT="par" WC="0.98" CC="060"/>
						<SP ID="P46_SP00344" HPOS="3028" VPOS="4512" WIDTH="49"/>
						<String ID="P46_ST00380" HPOS="3077" VPOS="4417" WIDTH="220" HEIGHT="61" CONTENT="avant" WC="0.99" CC="00060"/>
						<SP ID="P46_SP00345" HPOS="3297" VPOS="4512" WIDTH="49"/>
						<String ID="P46_ST00381" HPOS="3346" VPOS="4416" WIDTH="166" HEIGHT="61" CONTENT="tous" WC="0.97" CC="0087"/>
					</TextLine>
					<TextLine ID="P46_TL00037" HPOS="562" VPOS="4514" WIDTH="2948" HEIGHT="102">
						<String ID="P46_ST00382" HPOS="562" VPOS="4527" WIDTH="271" HEIGHT="89" CONTENT="gentils" WC="0.98" CC="9072206"/>
						<SP ID="P46_SP00346" HPOS="833" VPOS="4616" WIDTH="54"/>
						<String ID="P46_ST00383" HPOS="887" VPOS="4526" WIDTH="385" HEIGHT="88" CONTENT="harpeurs." WC="0.70" CC="605007240"/>
						<SP ID="P46_SP00347" HPOS="1272" VPOS="4616" WIDTH="61"/>
						<String ID="P46_ST00384" HPOS="1333" VPOS="4522" WIDTH="325" HEIGHT="70" CONTENT="Connais" WC="0.99" CC="5004403"/>
						<SP ID="P46_SP00348" HPOS="1658" VPOS="4616" WIDTH="52"/>
						<String ID="P46_ST00385" HPOS="1710" VPOS="4521" WIDTH="207" HEIGHT="67" CONTENT="enfin" WC="0.98" CC="00740"/>
						<SP ID="P46_SP00349" HPOS="1917" VPOS="4616" WIDTH="52"/>
						<String ID="P46_ST00386" HPOS="1969" VPOS="4519" WIDTH="246" HEIGHT="88" CONTENT="qu'est" WC="0.98" CC="053060"/>
						<SP ID="P46_SP00350" HPOS="2215" VPOS="4616" WIDTH="49"/>
						<String ID="P46_ST00387" HPOS="2264" VPOS="4541" WIDTH="181" HEIGHT="44" CONTENT="mon" WC="0.95" CC="058"/>
						<SP ID="P46_SP00351" HPOS="2445" VPOS="4616" WIDTH="56"/>
						<String ID="P46_ST00388" HPOS="2501" VPOS="4538" WIDTH="213" HEIGHT="67" CONTENT="corps" WC="0.98" CC="03305"/>
						<SP ID="P46_SP00352" HPOS="2714" VPOS="4616" WIDTH="55"/>
						<String ID="P46_ST00389" HPOS="2769" VPOS="4516" WIDTH="311" HEIGHT="86" CONTENT="ambigu" WC="0.99" CC="006106"/>
						<SP ID="P46_SP00353" HPOS="3080" VPOS="4616" WIDTH="53"/>
						<String ID="P46_ST00390" HPOS="3133" VPOS="4514" WIDTH="377" HEIGHT="68" CONTENT="l'Homme" WC="0.99" CC="0464020"/>
					</TextLine>
					<TextLine ID="P46_TL00038" HPOS="564" VPOS="4621" WIDTH="2940" HEIGHT="98">
						<String ID="P46_ST00391" HPOS="564" VPOS="4634" WIDTH="129" HEIGHT="85" CONTENT="qui" WC="0.98" CC="050"/>
						<SP ID="P46_SP00354" HPOS="693" VPOS="4719" WIDTH="76"/>
						<String ID="P46_ST00392" HPOS="769" VPOS="4632" WIDTH="108" HEIGHT="65" CONTENT="soi" WC="0.97" CC="430"/>
						<SP ID="P46_SP00355" HPOS="877" VPOS="4719" WIDTH="75"/>
						<String ID="P46_ST00393" HPOS="952" VPOS="4627" WIDTH="276" HEIGHT="87" CONTENT="dégage" WC="1.00" CC="020002"/>
						<SP ID="P46_SP00356" HPOS="1228" VPOS="4719" WIDTH="74"/>
						<String ID="P46_ST00394" HPOS="1302" VPOS="4626" WIDTH="124" HEIGHT="67" CONTENT="des" WC="0.98" CC="005"/>
						<SP ID="P46_SP00357" HPOS="1426" VPOS="4719" WIDTH="76"/>
						<String ID="P46_ST00395" HPOS="1502" VPOS="4627" WIDTH="344" HEIGHT="65" CONTENT="instincts" WC="0.98" CC="382547284"/>
						<SP ID="P46_SP00358" HPOS="1846" VPOS="4719" WIDTH="73"/>
						<String ID="P46_ST00396" HPOS="1919" VPOS="4626" WIDTH="362" HEIGHT="66" CONTENT="animaux" WC="0.98" CC="0707069"/>
						<SP ID="P46_SP00359" HPOS="2281" VPOS="4719" WIDTH="71"/>
						<String ID="P46_ST00397" HPOS="2352" VPOS="4643" WIDTH="136" HEIGHT="67" CONTENT="par" WC="0.96" CC="900"/>
						<SP ID="P46_SP00360" HPOS="2488" VPOS="4719" WIDTH="72"/>
						<String ID="P46_ST00398" HPOS="2560" VPOS="4621" WIDTH="446" HEIGHT="88" CONTENT="superlative" WC="0.99" CC="37703307400"/>
						<SP ID="P46_SP00361" HPOS="3006" VPOS="4719" WIDTH="76"/>
						<String ID="P46_ST00399" HPOS="3082" VPOS="4622" WIDTH="422" HEIGHT="85" CONTENT="appétence." WC="1.00" CC="0003004000"/>
					</TextLine>
					<TextLine ID="P46_TL00039" HPOS="562" VPOS="4726" WIDTH="2948" HEIGHT="96">
						<String ID="P46_ST00400" HPOS="562" VPOS="4736" WIDTH="288" HEIGHT="69" CONTENT="Meshui" WC="0.69" CC="004760"/>
						<SP ID="P46_SP00362" HPOS="850" VPOS="4805" WIDTH="64"/>
						<String ID="P46_ST00401" HPOS="914" VPOS="4732" WIDTH="244" HEIGHT="90" CONTENT="qu'un" WC="0.98" CC="00460"/>
						<SP ID="P46_SP00363" HPOS="1158" VPOS="4822" WIDTH="61"/>
						<String ID="P46_ST00402" HPOS="1219" VPOS="4734" WIDTH="173" HEIGHT="66" CONTENT="trait" WC="0.99" CC="05000"/>
						<SP ID="P46_SP00364" HPOS="1392" VPOS="4822" WIDTH="59"/>
						<String ID="P46_ST00403" HPOS="1451" VPOS="4729" WIDTH="371" HEIGHT="90" CONTENT="m'époint" WC="0.79" CC="02002056"/>
						<SP ID="P46_SP00365" HPOS="1822" VPOS="4822" WIDTH="61"/>
						<String ID="P46_ST00404" HPOS="1883" VPOS="4737" WIDTH="69" HEIGHT="61" CONTENT="et" WC="0.73" CC="22"/>
						<SP ID="P46_SP00366" HPOS="1952" VPOS="4822" WIDTH="67"/>
						<String ID="P46_ST00405" HPOS="2019" VPOS="4749" WIDTH="364" HEIGHT="60" CONTENT="renverse," WC="0.99" CC="306002417"/>
						<SP ID="P46_SP00367" HPOS="2383" VPOS="4822" WIDTH="72"/>
						<String ID="P46_ST00406" HPOS="2455" VPOS="4726" WIDTH="215" HEIGHT="67" CONTENT="adieu" WC="0.99" CC="00007"/>
						<SP ID="P46_SP00368" HPOS="2670" VPOS="4822" WIDTH="63"/>
						<String ID="P46_ST00407" HPOS="2733" VPOS="4726" WIDTH="112" HEIGHT="66" CONTENT="dis" WC="0.92" CC="975"/>
						<SP ID="P46_SP00369" HPOS="2845" VPOS="4822" WIDTH="66"/>
						<String ID="P46_ST00408" HPOS="2911" VPOS="4727" WIDTH="39" HEIGHT="65" CONTENT="à" WC="0.27" CC="7"/>
						<SP ID="P46_SP00370" HPOS="2950" VPOS="4822" WIDTH="61"/>
						<String ID="P46_ST00409" HPOS="3011" VPOS="4731" WIDTH="237" HEIGHT="61" CONTENT="toutes" WC="0.98" CC="056025"/>
						<SP ID="P46_SP00371" HPOS="3248" VPOS="4822" WIDTH="68"/>
						<String ID="P46_ST00410" HPOS="3316" VPOS="4726" WIDTH="194" HEIGHT="64" CONTENT="riens" WC="0.97" CC="63077"/>
					</TextLine>
					<TextLine ID="P46_TL00040" HPOS="564" VPOS="4827" WIDTH="2948" HEIGHT="100">
						<String ID="P46_ST00411" HPOS="564" VPOS="4837" WIDTH="506" HEIGHT="90" CONTENT="qu'incantais" WC="0.83" CC="084000005002"/>
						<SP ID="P46_SP00372" HPOS="1070" VPOS="4927" WIDTH="70"/>
						<String ID="P46_ST00412" HPOS="1140" VPOS="4834" WIDTH="86" HEIGHT="69" CONTENT="de" WC="0.54" CC="90"/>
						<SP ID="P46_SP00373" HPOS="1226" VPOS="4927" WIDTH="53"/>
						<String ID="P46_ST00413" HPOS="1279" VPOS="4856" WIDTH="123" HEIGHT="46" CONTENT="ma" WC="1.00" CC="00"/>
						<SP ID="P46_SP00374" HPOS="1402" VPOS="4927" WIDTH="49"/>
						<String ID="P46_ST00414" HPOS="1451" VPOS="4834" WIDTH="180" HEIGHT="88" CONTENT="lyre," WC="0.99" CC="10300"/>
						<SP ID="P46_SP00375" HPOS="1631" VPOS="4927" WIDTH="62"/>
						<String ID="P46_ST00415" HPOS="1693" VPOS="4834" WIDTH="293" HEIGHT="66" CONTENT="aornais" WC="0.62" CC="0541346"/>
						<SP ID="P46_SP00376" HPOS="1986" VPOS="4927" WIDTH="55"/>
						<String ID="P46_ST00416" HPOS="2041" VPOS="4839" WIDTH="69" HEIGHT="61" CONTENT="et" WC="0.93" CC="01"/>
						<SP ID="P46_SP00377" HPOS="2110" VPOS="4927" WIDTH="52"/>
						<String ID="P46_ST00417" HPOS="2162" VPOS="4831" WIDTH="495" HEIGHT="77" CONTENT="solemnisais," WC="0.76" CC="704005000360"/>
						<SP ID="P46_SP00378" HPOS="2657" VPOS="4927" WIDTH="78"/>
						<String ID="P46_ST00418" HPOS="2735" VPOS="4827" WIDTH="389" HEIGHT="88" CONTENT="lesquelles" WC="0.99" CC="4030605405"/>
						<SP ID="P46_SP00379" HPOS="3124" VPOS="4927" WIDTH="70"/>
						<String ID="P46_ST00419" HPOS="3194" VPOS="4834" WIDTH="67" HEIGHT="59" CONTENT="te" WC="1.00" CC="00"/>
						<SP ID="P46_SP00380" HPOS="3261" VPOS="4927" WIDTH="73"/>
						<String ID="P46_ST00420" HPOS="3334" VPOS="4834" WIDTH="178" HEIGHT="59" CONTENT="vont" WC="0.96" CC="0557"/>
					</TextLine>
				</TextBlock>
			</PrintSpace>
		</Page>
	</Layout>
</alto>
