3533 4399
1615 127 106 51 343

198 259 89 55 Die
327 259 260 55 Tonkunst
629 261 80 54 bei
753 261 117 54 dem
912 262 353 57 Dombaufest
1303 283 61 37 zu
1404 266 129 53 Köln

505 372 77 35 am
628 354 70 54 15.
741 354 101 54 und
883 356 72 54 16.
1000 357 231 56 October.

221 494 96 46 Der
351 493 227 56 Wunsch,
623 493 70 48 die
727 494 418 62 gottesdienstliche
1178 495 130 47 Feier
1338 495 80 47 der
1447 497 156 45 Vollen-

107 574 123 60 dung
261 570 78 47 des
371 570 159 47 kölner
563 573 169 44 Domes
764 572 42 45 in
836 572 168 45 seinem
1037 573 164 46 Innern
1244 573 141 47 durch
1419 573 70 47 die
1518 573 84 47 Auf-

111 649 206 61 führung
360 647 122 47 einer
525 648 343 47 musicalischen
900 649 146 46 Messe
1089 664 81 31 von
1211 649 80 47 der
1322 649 308 65 Composition

106 728 119 47 eines
254 741 187 47 grossen
474 724 245 48 deutschen
752 725 206 47 Meisters
988 724 296 50 verherrlicht
1312 744 50 30 zu
1394 728 155 55 sehen,
1579 728 53 46 ist

106 804 122 48 nicht
257 803 42 46 in
333 803 250 62 Erfüllung
614 818 259 48 gegangen,
906 803 98 47 weil
1035 803 82 47 der
1148 804 234 47 Beschluss
1413 804 80 47 der
1521 805 109 46 Erz-

106 882 190 47 Diöcese
324 879 70 47 die
419 879 395 48 Frauenstimmen
845 896 79 31 aus
948 880 100 47 dem
1075 880 313 49 Kirchenchor
1411 880 221 49 verbannt

108 955 87 50 und
229 957 114 45 auch
375 955 138 48 selbst
545 957 75 45 für
649 955 85 48 den
767 957 317 63 vorliegenden
1123 958 507 62 außergewöhnlichen

111 1034 109 53 Fall,
244 1040 113 40 trotz
383 1033 80 47 der
487 1040 456 57 entgegengesetzten
968 1034 159 47 Praxis
1151 1034 41 47 in
1217 1035 246 55 München,
1491 1035 139 47 Wien

110 1110 86 50 und
229 1110 199 47 anderen
463 1110 308 48 katholischen
797 1113 205 53 Städten,
1035 1111 130 47 keine
1192 1113 265 45 Ausnahme
1486 1113 144 47 davon

107 1195 211 57 gestattet
343 1188 170 48 wurde.
546 1189 60 47 So
638 1190 211 62 gelangte
880 1189 116 47 denn
1025 1190 99 46 eine
1148 1190 147 46 Messe
1320 1190 75 46 für
1419 1190 179 47 Männer-

107 1266 207 47 stimmen
347 1282 83 30 von
461 1266 195 46 Diabelli
689 1284 51 28 zu
773 1266 80 47 der
882 1266 141 54 Ehre,
1065 1266 68 47 bei
1171 1266 146 47 einem
1349 1266 80 47 der
1467 1268 138 45 selten-

105 1351 93 40 sten
232 1343 88 47 und
353 1343 304 48 erhabensten
690 1344 276 47 kirchlichen
997 1345 134 46 Feste
1168 1344 41 47 in
1240 1344 307 63 Anwendung
1575 1362 52 29 zu

106 1423 226 45 kommen.

218 1496 74 47 Bei
325 1496 102 49 dem
460 1498 211 45 Eintritte
703 1496 76 47 des
809 1498 243 63 Festzuges
1089 1498 42 47 in
1171 1496 87 49 den
1301 1498 326 63 abgesperrten

102 1578 146 45 Raum
282 1592 78 30 vor
390 1574 102 48 dem
519 1575 368 63 Haupt-Portale
916 1575 78 47 des
1025 1576 170 46 Domes
1226 1575 260 65 empfingen
1518 1575 81 48 den-

101 1652 151 47 selben
271 1668 84 31 von
381 1652 219 47 erhöhter
625 1651 88 47 und
740 1652 170 47 festlich
933 1654 349 62 geschmückter
1301 1654 159 45 Bühne
1485 1652 141 47 herab

102 1730 69 47 die
201 1731 178 62 Klänge
409 1731 125 46 einer
562 1746 52 31 zu
646 1730 168 47 diesem
845 1730 193 47 Zwecke
1079 1746 82 31 von
1202 1731 251 47 Andreas
1498 1731 129 46 Pütz

101 1806 285 61 gedichteten
421 1806 89 47 und
543 1823 82 31 von
660 1809 171 45 Franz
864 1806 215 50 Weber
1112 1809 75 44 für
1216 1807 302 47 Männerchor
1550 1807 80 46 mit

101 1885 271 63 Begleitung
395 1900 83 32 von
505 1885 649 47 Metall-Blas-Instrumenten
1179 1886 311 62 componirten
1510 1884 87 48 Can-

99 1970 107 46 tate,
253 1962 173 47 welche
465 1978 83 31 von
590 1962 100 46 dem
734 1961 160 48 kölner
924 1962 585 64 Männer-Gesangvereine
1549 1979 52 46 ge-

98 2055 173 47 sungen
305 2039 159 47 wurde
508 2039 89 47 und
643 2040 141 47 durch
826 2040 147 47 Inhalt
1019 2039 88 48 und
1147 2040 310 63 Ausführung
1499 2040 127 47 einen

98 2117 258 47 feierlichen
389 2117 88 46 und
512 2116 292 48 erhebenden
837 2117 234 47 Eindruck
1105 2119 192 47 machte.

214 2197 85 43 Am
331 2195 186 45 zweiten
553 2196 212 60 Festtage
807 2202 89 40 trat
935 2195 118 47 dann
1085 2195 142 45 durch
1261 2195 78 47 das
1380 2195 247 47 Concert

103 2287 71 32 am
220 2271 193 46 Abende
452 2271 77 47 des
567 2270 80 48 16.
679 2272 207 47 October
927 2271 58 47 im
1030 2287 186 47 grossen
1249 2271 380 48 Gürzenichsaale

101 2348 70 46 die
196 2347 240 47 Tonkunst
466 2348 40 45 in
540 2347 69 46 ihr
634 2348 133 46 volles
794 2347 158 47 Recht.
985 2348 59 46 Es
1068 2348 160 50 wurde
1258 2348 142 46 durch
1432 2347 71 47 die
1532 2365 72 29 ver-

101 2426 194 62 einigten
348 2425 144 48 Chor-
545 2425 89 47 und
687 2426 398 47 Orchesterkräfte
1145 2426 90 47 und
1286 2426 344 63 Hinzuziehung

102 2502 297 65 auswärtiger
426 2502 621 48 Künstler-Berühmtheiten
1074 2511 132 39 unter
1223 2503 287 63 Anordnung
1538 2503 89 47 und

102 2581 193 63 Leitung
339 2581 77 47 des
458 2581 273 47 städtischen
776 2581 362 65 Capeilmeisters
1180 2582 150 46 Herrn
1368 2582 48 47 F.
1449 2582 181 46 Hiller

102 2658 276 63 ausgeführt
425 2658 87 46 und
562 2658 166 47 bildete
771 2658 238 64 unstreitig
1051 2658 129 47 einen
1222 2658 288 65 Glanzpunkt
1552 2657 77 48 des

106 2736 150 47 Festes
300 2736 274 47 namentlich
623 2736 75 45 für
742 2737 70 46 die
855 2752 154 47 grosse
1044 2736 111 48 Zahl
1195 2752 83 31 von
1321 2736 281 47 kunstlieben-

103 2813 83 49 den
219 2813 317 65 Ehrengästen
569 2815 89 47 und
695 2813 457 55 Dombaufreunden,
1197 2813 170 49 welche
1397 2815 70 47 die
1500 2815 130 47 Feier

102 2891 41 47 in
182 2891 118 47 Köln
332 2892 291 47 versammelt
654 2892 138 47 hatte.

219 2969 126 46 Nach
388 2968 78 47 der
506 2969 263 47 Ouvertüre
800 2969 89 64 Op.
927 2968 106 48 124
1062 2985 83 30 von
1176 2968 323 47 Beethoven
1541 2968 89 47 hob

103 3047 97 47 eine
240 3047 361 65 Festhymne,
646 3048 113 46 nach
793 3048 307 46 Bibelworten
1134 3047 88 46 und
1258 3046 372 48 Kirchenliedern

102 3126 460 63 zusammengestellt,
605 3124 140 47 deren
788 3126 139 47 allere
968 3124 269 47 Tonweisen
1288 3126 47 47 F.
1369 3124 86 46 Hill
1463 3141 47 30 er
1555 3124 78 46 mit

105 3199 250 50 bekannter
399 3202 333 47 Meisterschaft
773 3220 50 29 zu
870 3203 146 46 einem
1068 3202 346 62 vollstimmigen
1448 3202 182 47 Ganzen

103 3279 78 47 mit
210 3281 288 47 Tenor-Solo
543 3279 265 49 verbunden
855 3279 90 49 und
983 3281 248 63 prachtvoll
1277 3281 77 45 mit
1385 3279 248 49 Orchester

102 3357 88 47 und
223 3358 143 64 Orgel
411 3359 332 46 instrumentirt
781 3359 141 56 hatte,
960 3358 70 47 die
1058 3357 358 48 Zuhörerschaft
1457 3375 51 29 zu
1552 3357 81 47 der

103 3432 254 52 feierlichen
376 3436 262 63 Stimmung
657 3452 174 48 empor,
858 3434 171 49 welche
1053 3436 70 47 die
1142 3434 140 47 Verse
1306 3434 326 65 aussprechen:

416 3528 122 46 „Lobt
567 3528 102 42 Gott,
701 3527 64 34 cler
794 3527 98 34 auch
922 3527 65 34 das
1015 3538 132 35 grosse
1176 3526 129 44 Werk,

411 3598 80 34 Das
522 3610 73 22 von
624 3608 71 23 uns
731 3597 250 45 angefangen,

411 3666 227 34 Vollführen
668 3665 92 34 wird
789 3665 77 34 und
894 3665 122 45 geben
1048 3664 137 44 Stärk',

410 3736 80 34 Das
519 3736 105 34 Ende
654 3747 47 23 zu

102 3817 95 47 Der
242 3819 224 64 mächtige
505 3819 170 64 Klang,
715 3820 78 46 mit
831 3818 100 47 dem
967 3818 70 46 die
1079 3817 224 48 herrliche
1335 3818 191 47 Stimme
1555 3815 76 49 des

105 3893 38 48 k.
173 3895 466 65 Hof-Opernsängers
665 3898 149 46 Herrn
841 3897 272 45 Niemann
1146 3894 121 48 diese
1292 3897 165 45 Worte
1489 3894 141 48 durch

101 3970 70 48 die
204 3973 161 47 weiten
398 3974 181 52 Hallen,
620 3974 154 64 jedem
807 3975 101 47 Ohr
939 3974 136 55 Sylbe
1119 3974 82 46 auf
1226 3974 136 62 Sylbe
1394 3974 206 46 vernehm-

103 4046 97 56 bar,
244 4058 122 55 trug,
413 4050 212 63 begleitet
666 4060 90 38 erst
795 4068 83 30 von
911 4051 80 47 der
1020 4051 142 62 Orgel
1195 4050 150 54 allein,
1390 4049 118 48 dann
1555 4050 76 46 mit

1706 268 297 50 Hinzutreten
2022 272 80 46 der
2119 273 499 60 Saiten-Instrumente,
2637 277 110 47 dazu
2766 280 199 47 nachher
2985 281 77 48 der
3081 283 139 56 Chor,

1705 344 85 47 den
1823 344 267 68 Vorgesang
2121 349 79 47 der
2230 351 289 48 Solostimme
2565 355 77 45 mit
2683 355 129 45 allem
2846 356 139 48 Glanz
3022 374 80 31 von
3133 361 58 46 Po-

1703 436 190 40 saunen,
1932 424 185 47 Pauken
2159 427 88 46 und
2279 428 293 64 Trompeten,
2614 431 76 45 des
2722 432 270 48 Orchesters
3024 435 90 47 und
3145 436 75 47 des

1705 499 142 46 vollen
1875 501 198 48 Werkes
2103 503 79 47 der
2206 504 141 64 Orgel
2382 506 337 49 wiederholend
2802 508 79 48 das
2912 527 94 32 war
3036 529 82 30 von
3151 529 46 30 er-

1705 576 271 62 greifender,
2007 582 300 62 grossartiger
2342 583 231 64 Wirkung
2618 586 86 45 und
2746 587 89 62 gab
2867 587 99 47 dem
3001 588 220 48 Concerte

1706 668 81 31 von
1816 667 108 33 vorn
1957 654 153 49 herein
2140 657 150 47 seinen
2322 658 81 47 der
2434 659 226 50 festlichen
2688 662 334 63 Veranlassung
3052 667 140 47 würdi-

1705 744 86 47 gen
1824 729 271 56 Charakter,
2137 733 83 47 den
2253 734 79 47 das
2374 752 140 47 ganze
2545 738 267 64 Programm
2845 742 80 46 auf
2954 742 157 48 höchst
3141 760 51 30 an-

1706 822 263 46 gemessene
2001 809 158 47 Weise
2191 810 203 49 festhielt.

1820 883 129 47 Nach
1998 885 107 47 zwei
2148 887 222 48 Solo-Vor
2384 893 173 58 trägen,
2608 890 122 47 einer
2778 892 310 63 Sopran-Arie
3139 912 78 31 aus

1707 958 214 48 Handels
1973 963 167 52 „Judas
2566 968 87 53 „Es
2695 970 99 45 tönt
2835 969 79 47 der
2956 970 128 47 Laut'
3130 972 90 47 und

1707 1037 141 47 Harfe
2129 1042 278 48 vortrefflich
2453 1053 298 55 vorgetragen
2791 1062 82 30 von
2918 1047 78 47 der
3037 1048 39 46 k.
3109 1049 111 46 Hof-

1705 1113 369 64 Opernsängerin
2129 1118 118 47 Frau
2299 1120 586 66 Harriers-Wippern
2935 1141 80 30 aus
3057 1125 164 55 Berlin,

1705 1190 144 47 einem
1880 1191 179 65 Adagio
2102 1209 82 31 von
2218 1197 147 60 Spohr
2408 1197 130 47 nebst
2568 1199 259 47 Präludium
2867 1217 84 30 von
2984 1203 119 46 Bach
3145 1203 76 47 für

1703 1266 70 47 die
1806 1266 192 58 Violine,
2035 1284 82 33 von
2148 1271 256 47 Joachim
2439 1274 77 47 mit
2539 1273 130 63 jener
2702 1275 284 65 Vollendung
3015 1279 204 64 gespielt,

1702 1344 71 47 die
1796 1360 83 31 von
1904 1346 168 47 seinem
2100 1349 175 47 Namen
2302 1351 354 47 unzertrennlich
2689 1354 67 53 ist,
2787 1355 231 47 entzückte
3043 1373 82 29 uns
3149 1357 70 48 die

1703 1421 204 49 liebliche
1954 1423 307 64 Composition
2305 1428 63 45 lii
2385 1428 177 48 Hers:

1701 1514 85 31 von
1819 1499 175 54 Geibel,
2027 1500 74 47 für
2124 1501 311 65 Sopran-Solo
2468 1505 88 47 und
2586 1506 309 58 Frauenchor,
2925 1509 140 47 worin
3095 1511 125 46 Frau

1705 1576 213 46 llarriers
1949 1576 83 47 den
2063 1579 181 47 Zauber
2275 1580 122 47 ihrer
2424 1581 215 56 schönen,
2679 1584 40 46 in
2752 1584 115 47 allen
2899 1586 320 63 Tonregionen

1702 1652 201 47 weichen
1937 1655 88 46 und
2057 1656 140 46 vollen
2229 1656 189 49 Slimme
2449 1660 168 46 wieder
2647 1661 161 46 wallen
2844 1663 96 45 liess
2982 1663 88 47 und
3108 1672 111 39 trotz

1702 1730 79 47 der
1813 1730 254 48 feierlichen
2098 1732 276 65 Stimmung,
2418 1736 70 47 die
2519 1738 56 47 im
2609 1739 234 47 Publicum
2878 1740 247 57 herrschte,
3165 1759 52 29 zu

1703 1807 244 47 lebhaftem
1983 1809 187 48 Beilalle
2201 1810 173 49 hinriss.

1819 1886 60 46 So
1910 1886 193 47 herrlich
2137 1904 88 30 nun
2258 1889 78 45 das
2366 1890 106 47 alles
2501 1906 208 47 gewesen
2741 1909 112 36 war,
2896 1909 48 30 so
2977 1903 167 39 musste
3174 1910 46 32 es

1702 1960 206 49 dennoch
1932 1964 319 48 zurücktreten
2284 1983 145 45 gegen
2459 1966 70 48 die
2561 1985 90 31 nun
2684 1969 208 61 folgende
2921 1971 301 64 Aufführung

1703 2040 75 46 des
1810 2037 202 51 Sanctus
2049 2041 88 46 und
2170 2041 283 51 Benedtetus
2493 2061 82 31 aus
2618 2046 80 46 der
2725 2044 154 50 Missa
2905 2045 206 51 solemnis
3139 2065 82 31 von

1702 2117 338 49 Beethoven.
2074 2119 92 47 Das
2184 2120 351 57 Solo-Quartett
2561 2122 193 47 bildeten
2783 2124 119 47 Frau
2930 2125 290 47 Harriers-

1706 2193 300 64 Wippern,
2048 2196 209 47 Fräulein
2289 2200 71 44 As
2378 2214 162 32 mann
2573 2216 79 30 aus
2684 2200 212 54 Barmen,
2938 2201 121 47 Herr
3088 2202 99 47 Nie-

1705 2286 158 32 mann
1898 2271 90 47 und
2013 2272 120 47 Herr
2158 2272 137 48 Lind
2312 2275 91 47 eck
2427 2291 99 32 vom
2556 2276 198 64 hiesigen
2779 2277 327 55 Stadtthcater,
3131 2279 90 47 und

1705 2346 77 47 das
1823 2347 279 48 Violin-Solo
2144 2351 155 61 spielte
2340 2352 266 47 Joachim.
2666 2354 159 46 Denke
2857 2371 100 29 man
2989 2356 89 46 sich
3111 2355 109 47 dazu

1703 2423 86 49 den
1822 2425 259 48 kölnischen
2114 2426 344 51 Concert-Chor
2490 2431 78 46 mit
2595 2431 151 47 seinen
2779 2431 189 48 frischen
3000 2434 221 47 Slimmen

1706 2501 88 47 und
1820 2502 149 47 seiner
1998 2502 254 50 trefflichen
2283 2506 166 47 Schule
2492 2506 88 47 und
2611 2507 78 48 das
2731 2507 369 64 ausgezeichnete
3131 2511 60 47 Or-

1703 2580 177 47 chester
1910 2588 131 40 unter
2065 2582 282 65 Anführung
2377 2585 76 47 des
2483 2585 400 48 Concertmeisters
2912 2602 83 32 von
3029 2587 165 64 Königs-

1705 2657 104 55 löw,
1851 2672 48 32 so
1932 2657 108 46 wird
2074 2675 103 30 man
2208 2660 90 45 sich
2340 2661 99 47 eine
2467 2661 292 65 Vorstellung
2791 2679 82 30 von
2905 2662 79 48 der
3014 2665 177 47 Ausfüh-

1706 2751 117 47 rung
1853 2736 125 47 einer
2003 2736 349 48 Kirchenmusik
2385 2740 188 47 machen
2606 2741 197 52 können,
2834 2740 78 48 der
2943 2741 69 47 ein
3038 2742 184 56 Genius,

1707 2812 83 47 wie
1813 2830 48 29 er
1885 2813 70 46 nie
1983 2813 167 47 wieder
2175 2816 264 47 erscheinen
2465 2817 129 53 wird,
2625 2818 97 46 eine
2754 2818 124 47 Tiefe
2909 2817 78 48 der
3019 2820 174 63 Empfin-

1706 2889 124 64 dung
1875 2889 89 49 und
2010 2891 97 47 eine
2139 2892 245 63 Heiligkeit
2424 2893 81 47 der
2535 2895 210 48 Andacht
2788 2896 302 62 eingehaucht
3135 2897 93 56 hat,

1707 2967 69 47 die
1809 2967 96 47 ihre
1938 2968 119 47 hohe
2088 2968 170 50 Weihe
2289 2987 85 29 nur
2403 2971 141 47 durch
2576 2972 274 62 Flingebung
2893 2989 98 30 vom
3027 2973 195 49 Himmel

1707 3044 203 47 erhalten
1951 3046 212 48 konnten.
2224 3047 299 48 Wundervoll
2568 3049 188 64 erklang
2798 3049 95 46 hier
2937 3049 71 47 die
3038 3051 189 48 Slimme

1707 3122 79 47 der
1830 3123 117 46 Frau
1982 3123 212 48 Harriers
2237 3124 40 46 in
2318 3124 84 49 den
2446 3133 279 56 getragenen
2763 3126 263 48 vollrunden
3069 3128 159 48 Tönen

1707 3199 82 47 der
1820 3201 148 47 hohen
2001 3201 193 61 Begion,
2237 3202 137 47 deren
2417 3203 316 48 bezaubernde
2768 3203 232 65 Wirkung
3029 3204 90 49 sich
3151 3206 77 47 mit

1707 3276 85 47 den
1839 3277 390 47 unbeschreiblich
2274 3278 198 48 schönen
2519 3281 253 47 Melodieen
2815 3281 80 47 der
2930 3281 178 49 Violine
3151 3282 76 48 des

1709 3353 440 48 unübertrefflichen
2200 3356 204 48 Meisters
2457 3357 236 49 derselben
2740 3375 82 47 gar
2878 3358 195 48 herrlich
3126 3376 74 32 ver-

1710 3432 179 48 mählte.

1827 3510 90 46 Für
1961 3508 70 48 die
2072 3510 158 47 zweite
2275 3510 281 65 Abiheilung
2598 3510 77 49 des
2721 3510 244 51 Concertes
3009 3531 97 32 war
3147 3514 80 50 der

1706 3585 132 49 drille
1884 3587 127 47 Theil
2058 3587 76 48 des
2180 3589 289 47 Oratoriums
2887 3606 83 33 von
3009 3592 213 48 Händel

1706 3664 197 64 gewählt
1933 3664 204 56 worden,
2168 3665 158 49 dessen
2357 3667 147 47 Inhalt
2533 3665 85 49 den
2643 3667 283 64 Tempelbau
2959 3687 50 29 zu
3039 3670 156 47 Jerusa-

1706 3742 84 45 lem
1823 3742 307 48 verherrlicht.
2190 3744 82 46 Die
2303 3744 300 64 Aufführung
2633 3744 199 64 geschah
2864 3747 112 47 nach
3009 3745 77 47 der
3117 3748 78 46 Ori-

1705 3819 346 64 ginal-Partitur
2083 3820 88 47 und
2204 3822 79 47 der
2313 3822 342 62 Orgelstimme,
2699 3823 170 47 welche
2905 3824 315 47 Mendelssohn

1707 3897 66 47 bei
1820 3897 299 63 Gelegenheit
2162 3899 119 47 eines
2323 3898 286 49 Musikfestes
2658 3902 40 44 in
2745 3900 113 47 Köln
2902 3900 108 47 dazu
3056 3911 168 54 gesetzt

1707 3974 135 47 hatte.
1877 3975 82 45 Die
1984 3975 353 64 Sopran-Partie
2363 3975 155 49 führte
2547 3977 115 47 auch
2697 3977 137 47 hierin
2862 3978 119 47 Frau
3012 3979 209 47 Harriers

1706 4053 80 45 auf
1823 4053 310 47 vortreffliche
2168 4053 154 48 Weise
2363 4069 95 38 aus,
2504 4054 88 47 und
2625 4055 120 47 Herr
2774 4055 222 47 Niemann
3043 4065 179 55 erregte
