3671 4572
1426 3843 68 43 183

987 1529 179 64 ZUR
1214 1529 668 66 ILLUSTRATION

1176 1730 521 62 MODERNER

803 1926 531 63 DEUTSCHER
1387 1926 701 63 KUNSTBUECHER

257 2277 173 105 BALD
444 2283 87 33 nach
551 2281 55 35 der
620 2281 183 48 Erfindung
821 2281 55 35 des
895 2281 202 36 Lichtbildes
1118 2283 104 35 durch
1237 2286 169 44 Daguerre

352 2347 73 21 war
444 2347 78 21 man
541 2334 70 34 sich
629 2334 139 34 darüber
787 2333 84 41 klar,
891 2333 71 35 dafs
978 2334 52 35 die
1045 2335 240 47 Verwendung
1304 2335 102 35 dieser

258 2384 223 48 Entdeckung
504 2385 105 35 durch
635 2385 214 35 allmähliche
868 2386 354 48 Vervollkommnung
1247 2387 86 34 auch
1351 2385 56 35 für

258 2436 52 35 die
324 2437 208 35 Illustration
546 2451 68 21 von
628 2438 279 47 hervorragender
921 2439 195 47 Bedeutung
1130 2439 136 35 werden
1280 2438 125 35 könne.

257 2489 59 34 Als
337 2490 88 34 dann
445 2490 104 35 durch
567 2490 64 35 den
650 2490 242 35 Kohlendruck
911 2490 52 35 die
977 2492 248 47 Photographie
1243 2492 146 40 „inalter-

258 2540 122 36 rabel“
400 2542 137 42 wurde,
563 2542 45 35 als
636 2543 104 34 durch
759 2542 56 35 das
834 2543 296 35 isochromatische
1152 2542 183 36 Verfahren
1354 2542 53 35 die

258 2594 141 47 richtige
418 2594 237 48 Tonwirkung
674 2594 56 35 der
749 2595 122 34 Farben
894 2596 36 33 in
953 2594 55 35 der
1027 2596 248 48 Photographie
1299 2594 108 35 erzielt

258 2646 72 34 und
349 2646 148 35 dadurch
523 2646 52 35 die
594 2646 193 35 Aufnahme
812 2647 99 34 selbst
935 2648 57 33 der
1017 2648 173 35 malerisch
1215 2647 172 47 wirkungs-

259 2698 143 35 vollsten
434 2699 88 34 alten
554 2699 161 35 Gemälde
746 2699 153 47 möglich
930 2700 135 40 wurde,
1104 2700 45 35 als
1189 2699 218 41 Lichtdruck,

261 2751 259 47 Heliogravüre,
545 2753 227 45 Hochätzung
796 2751 70 35 und
893 2751 200 36 schliefslich
1111 2766 57 34 gar
1186 2752 204 34 Farbenlicht-

262 2802 106 35 druck
388 2802 163 36 erfunden
570 2817 131 26 waren,
724 2817 72 21 war
813 2804 58 34 der
893 2804 95 44 Jubel
1013 2804 108 48 grofs,
1148 2803 70 36 dafs
1241 2803 167 35 nunmehr

262 2854 63 35 alle
344 2857 104 33 Arten
465 2855 57 34 der
540 2855 205 35 Illustration
769 2854 62 36 auf
846 2857 340 47 photographischem
1205 2859 110 44 Wege
1334 2857 57 33 her-

262 2907 129 47 gestellt
415 2907 137 35 werden
578 2907 154 35 könnten
756 2908 70 34 und
853 2908 52 34 die
928 2909 233 35 unmittelbare
1186 2907 222 49 Wiedergabe

260 2959 86 47 jedes
366 2960 262 47 Gegenstandes,
657 2961 45 33 sei
730 2973 31 21 es
791 2961 34 33 in
853 2960 75 34 dem
952 2961 225 35 unendlichen
1196 2960 137 35 Gebiete
1353 2960 56 34 der

261 3013 113 32 Natur
394 3012 78 34 oder
491 3013 35 33 in
545 3012 55 34 der
618 3011 247 36 Wissenschaft
884 3013 69 34 und
973 3012 56 35 der
1049 3016 107 32 Kunst
1175 3026 42 22 an
1241 3013 52 34 die
1312 3012 96 34 Stelle

263 3063 56 34 der
347 3064 208 34 mittelbaren
575 3064 243 48 Nachbildung
846 3065 106 34 durch
980 3066 72 33 eine
1078 3066 81 34 oder
1182 3078 58 35 gar
1263 3064 146 35 mehrere

262 3116 121 34 Hände
406 3129 66 21 von
491 3116 180 35 Künstlern
695 3116 81 35 oder
794 3116 255 36 Handwerkern
1072 3127 104 25 treten
1199 3117 127 36 würde.
1372 3118 35 31 In

262 3167 57 34 der
338 3169 87 33 That
443 3168 58 35 hat
520 3170 70 33 sich
609 3168 103 35 dieser
731 3169 168 41 Wandel,
925 3170 65 33 den
1014 3182 79 22 man
1114 3177 229 38 voraussagte,
1372 3168 36 33 in

263 3219 163 36 kürzester
444 3222 89 38 Zeit,
552 3222 35 33 in
606 3220 74 35 dem
700 3222 169 33 Zeitraum
888 3234 68 22 von
975 3220 104 37 kaum
1099 3222 106 34 einem
1222 3220 186 46 Jahrzehnt,

263 3271 195 49 vollzogen;
478 3273 70 34 und
567 3273 57 34 das
642 3274 206 33 neunzehnte
864 3274 233 44 Jahrhundert,
1117 3274 56 33 das
1193 3274 56 33 der
1262 3274 126 45 Begrün-

265 3324 92 47 dung
380 3325 56 34 der
462 3325 387 35 Naturwissenschaften
876 3327 70 33 und
970 3325 63 35 den
1057 3325 132 48 grofsen
1217 3324 116 34 daraus
1358 3336 34 22 er-

264 3378 200 33 wachsenen
481 3377 224 48 Erfindungen
725 3379 111 34 seinen
855 3379 117 33 Ruhm
994 3379 35 32 in
1049 3378 57 34 der
1124 3376 284 48 Weltgeschichte

263 3428 190 36 verdanken
472 3429 98 40 wird,
587 3429 78 35 darf
679 3431 86 33 auch
784 3430 53 34 die
852 3429 220 47 Entdeckung
1091 3429 56 35 der
1161 3428 248 47 Photographie

263 3481 69 34 und
359 3481 70 35 ihre
456 3481 181 48 vielseitige
666 3481 241 48 Entwicklung
934 3481 70 35 und
1032 3484 194 43 Benutzung
1253 3480 70 34 sich
1351 3492 38 21 an-

264 3533 151 35 rechnen.
444 3535 94 33 Diese
554 3534 184 34 beherrscht
754 3538 75 43 jetzt
849 3534 53 34 die
916 3532 209 37 Illustration
1139 3545 131 22 unserer
1285 3534 104 31 Kunst-

264 3584 214 48 publikation
501 3586 170 48 gröfseren
694 3587 72 34 und
789 3586 169 34 kleineren
980 3586 94 34 Stiles
1097 3586 36 33 in
1151 3584 125 36 vollem
1299 3582 109 35 Mafse

264 3636 70 35 und
353 3636 95 36 feiert
466 3640 116 34 wahre
600 3639 196 47 Triumphe.

1587 2280 138 36 Blicken
1738 2282 65 34 wir
1817 2282 111 39 heute,
1944 2294 40 22 an
2000 2281 55 34 der
2069 2281 122 47 Wiege
2210 2281 54 35 des
2279 2294 106 22 neuen
2401 2279 249 46 Jahrhunderts,

1510 2333 123 35 zurück
1662 2332 63 36 auf
1748 2333 55 34 das
1829 2333 233 45 Jahrhundert,
2087 2334 32 33 in
2149 2334 77 33 dem
2251 2345 114 23 unsere
2390 2333 113 46 eigene
2525 2333 124 45 Wiege

1510 2385 112 40 stand,
1641 2399 37 21 so
1698 2386 100 33 sehen
1816 2386 65 34 wir
1899 2385 35 34 in
1954 2385 226 34 Deutschland
2199 2385 53 34 die
2270 2385 222 39 Illustration,
2512 2385 67 33 wie
2598 2384 52 33 die

1510 2436 258 50 Reproduktion
1787 2436 184 49 überhaupt
1990 2437 47 34 bis
2056 2450 40 21 zu
2111 2438 62 33 den
2186 2438 154 46 vierziger
2353 2438 118 43 Jahren
2491 2434 62 36 auf
2568 2449 84 34 ganz

1512 2489 145 48 dürftige
1684 2490 68 34 und
1782 2489 245 35 schwächliche
2046 2490 165 33 Versuche
2234 2488 216 40 beschränkt,
2479 2488 53 33 die
2554 2486 98 36 selbst

1512 2542 105 34 neben
1640 2541 55 34 der
1720 2542 190 46 langsamen
1930 2541 168 46 Belebung
2121 2541 56 34 der
2203 2541 113 34 hohen
2334 2543 107 32 Kunst
2466 2538 186 36 auffallend

1510 2594 85 35 sind.
1627 2597 65 30 Der
1706 2592 273 35 konventionelle
1993 2593 201 34 Linienstich
2208 2591 201 48 versumpfte
2423 2593 35 33 in
2474 2592 55 34 der
2544 2591 89 35 Erfin-

1512 2646 93 47 dung
1624 2646 53 33 des
1699 2645 204 41 Stahlstichs,
1923 2644 56 34 der
1992 2645 212 34 Holzschnitt
2222 2645 191 34 vermochte
2432 2644 70 34 sich
2521 2657 56 21 aus
2596 2644 56 34 der

1512 2699 158 40 Rohheit,
1692 2699 34 32 in
1746 2697 51 34 die
1817 2709 34 21 er
1869 2695 158 36 verfallen
2045 2709 90 27 war,
2154 2709 63 21 nur
2236 2697 62 33 mit
2316 2697 106 33 Mühe
2441 2709 41 20 zu
2501 2695 151 35 erheben.

1512 2753 70 31 Erst
1600 2762 104 35 gegen
1724 2748 52 35 die
1795 2749 100 33 Mitte
1913 2749 53 33 des
1990 2748 232 45 Jahrhunderts
2242 2756 63 26 trat
2333 2749 72 33 eine
2424 2747 229 35 entschiedene

1512 2801 186 47 Wendung
1712 2813 75 21 zum
1796 2803 130 31 Bessern
1942 2801 52 33 ein
2008 2800 70 34 und
2089 2813 90 22 zwar
2193 2800 104 34 durch
2312 2799 139 35 direktes
2463 2798 190 48 Eingreifen

1512 2853 277 47 hervorragender
1816 2852 122 34 Maler:
1966 2852 136 34 sowohl
2130 2852 53 34 die
2210 2852 159 40 Stilisten,
2402 2864 105 22 voran
2534 2852 120 34 Rethel

1512 2906 69 34 und
1597 2906 147 39 Richter,
1764 2906 66 33 wie
1849 2904 54 34 der
1921 2904 97 47 lange
2038 2904 254 34 alleinstehende
2307 2904 188 34 Naturalist
2509 2903 144 41 Menzel,

1512 2958 151 34 schulten
1682 2957 148 46 tüchtige
1849 2956 276 40 Holzschneider,
2152 2954 54 35 für
2231 2955 53 34 die
2310 2956 44 33 sie
2382 2955 96 35 selbst
2504 2955 52 34 die
2582 2954 58 35 stil-

1512 3010 174 47 gerechten
1705 3008 295 47 Vorzeichnungen
2019 3008 165 40 machten,
2204 3008 67 34 und
2287 3008 131 33 Menzel
2436 3008 153 35 verstand
2609 3020 44 28 es,

1512 3063 54 33 die
1580 3061 237 47 Lithographie
1836 3061 34 33 in
1889 3073 81 33 ganz
1989 3060 207 34 malerischer
2213 3060 127 40 Weise,
2360 3059 137 35 ähnlich
2514 3060 68 34 wie
2601 3059 54 35 die

1512 3113 201 47 Radierung,
1733 3125 40 22 zu
1792 3111 216 41 entwickeln,
2029 3112 53 34 die
2100 3111 207 48 gleichzeitig
2325 3113 34 33 in
2373 3111 196 35 Frankreich
2583 3112 72 34 und

1512 3169 106 45 später
1637 3166 86 33 auch
1740 3165 36 33 in
1791 3163 222 35 Deutschland
2032 3163 125 35 wieder
2172 3165 47 33 ins
2239 3158 109 40 Leben
2367 3162 138 49 gerufen
2524 3163 129 36 wurde.

1514 3219 62 33 Die
1590 3217 117 34 letzten
1721 3215 163 35 fünfzehn
1899 3215 48 34 bis
1962 3217 149 46 zwanzig
2123 3215 94 45 Jahre
2231 3215 106 35 haben
2352 3229 61 21 uns
2429 3217 53 33 die
2497 3215 135 35 Wieder-

1512 3269 164 47 belebung
1695 3269 55 33 der
1768 3268 323 48 Aquatintamanier,
2119 3267 65 35 den
2211 3268 216 34 malerischen
2455 3269 105 40 Stich,
2589 3268 65 36 den

1512 3320 325 36 Farbenholzschnitt
1855 3319 71 35 und
1945 3320 51 34 die
2020 3320 348 48 Farbenlithographie
2392 3320 46 34 als
2462 3319 192 37 verfeinerte

1512 3372 214 47 Ausbildung
1750 3372 56 33 der
1830 3372 251 35 verschiedenen
2099 3373 217 47 graphischen
2336 3375 127 32 Künste
2481 3372 174 48 gebracht;

1514 3425 68 34 und
1601 3424 207 47 gleichzeitig
1826 3424 71 34 sind
1917 3437 42 21 an
1978 3424 63 34 den
2055 3423 207 36 Akademien
2280 3424 70 35 und
2368 3424 143 35 anderen
2529 3428 105 32 Kunst-

1514 3477 174 34 instituten
1717 3475 176 35 besondere
1925 3476 193 35 Lehrstühle
2149 3478 93 33 nicht
2273 3490 62 21 nur
2366 3476 56 35 für
2453 3478 64 33 den
2548 3478 105 41 Stich,

1512 3528 141 35 sondern
1672 3529 87 33 auch
1777 3527 54 34 für
1851 3528 51 34 die
1921 3528 191 48 Radierung
2131 3529 71 34 und
2220 3530 35 33 in
2274 3530 106 33 Wien
2399 3529 98 35 selbst
2516 3529 55 36 für
2590 3530 63 35 den

1512 3580 212 35 Holzschnitt
1738 3581 152 33 errichtet
1904 3581 151 34 worden.
2084 3584 38 31 In
2137 3581 52 34 die
2204 3582 71 34 Zeit
2290 3581 101 35 dieses
2401 3581 252 50 Aufschwungs

1513 3632 70 34 und
1609 3632 57 34 der
1692 3632 204 48 vielseitigen
1914 3633 190 48 Förderung
2127 3633 56 35 der
2206 3635 296 47 reproduzirenden
2528 3638 129 32 Künste
