3735 4572
2163 3863 211 40 162

1063 539 79 34 alles
1171 551 68 21 von
1267 538 87 39 sich,
1385 549 70 22 was
1481 535 94 34 ihren
1605 532 236 40 abnormalen,
1871 531 168 35 vielleicht
2067 530 152 35 kranken

1065 591 219 47 Organismus
1295 589 157 35 verletzen
1467 586 141 35 könnte.
1634 586 52 33 Sie
1700 585 110 34 haben
1824 585 71 33 ihre
1911 585 115 46 eigene
2038 584 180 47 Nahrung,

1061 644 54 34 die
1135 644 45 33 sie
1194 642 92 34 ihren
1298 637 355 49 Verdauungskräften
1668 650 171 35 anpassen.
1873 637 105 33 Noch
1994 635 224 49 sorgfältiger,

1064 696 192 48 peinlicher,
1278 691 275 50 gewissenhafter
1573 691 68 33 und
1715 688 218 48 wehleidiger
1953 688 76 34 sind
2048 689 45 34 sie
2114 689 35 33 in
2164 689 56 34 der

1062 746 168 37 Auswahl
1250 750 88 43 jener
1353 744 125 41 Mittel,
1494 745 61 33 mit
1570 743 106 33 denen
1690 743 45 33 sie
1750 741 52 35 ihr
1817 744 130 31 Inneres
1963 741 57 34 der
2034 744 111 32 Kunst
2161 755 40 21 an-

1063 809 185 26 vertrauen.
1288 798 62 34 Die
1370 800 109 31 Kunst
1499 797 99 33 sehen
1617 796 46 33 sie
1683 794 95 34 nicht
1796 795 69 34 wie
1886 793 52 35 die
1958 794 262 40 „Weltlichen“

1060 852 46 35 als
1127 860 103 26 etwas
1247 848 359 37 Selbstverständliches
1627 860 41 21 zu
1684 847 105 34 ihrem
1810 847 75 33 Sein
1905 847 68 34 wie
1989 849 123 32 Atmen
2128 849 69 32 Not-

1062 905 171 45 wendiges
1260 916 62 28 an;
1342 915 32 21 es
1395 903 57 38 ist,
1477 900 47 34 als
1551 899 43 35 ob
1614 901 46 33 sie
1687 899 57 35 der
1762 902 109 32 Kunst
1890 899 71 34 und
1980 899 107 35 damit
2105 903 31 43 ja
2157 899 63 35 den

1060 957 102 34 ihnen
1182 954 262 49 gleichgültigen
1463 953 80 33 oder
1562 952 189 35 verhafsten
1766 952 186 34 Menschen
1972 953 54 33 ein
2042 952 177 35 Geschenk

1060 1009 168 34 machten.
1259 1010 39 31 Es
1310 1007 80 46 liegt
1404 1006 119 34 immer
1537 1006 72 33 eine
1620 1005 141 47 gewisse
1771 1005 121 34 Scham
1903 1006 35 33 in
1949 1006 95 33 ihren
2054 1005 164 35 Werken.

1061 1062 51 34 Sie
1131 1059 136 40 fühlen,
1294 1058 72 35 dafs
1392 1058 45 34 sie
1461 1058 71 34 sich
1551 1058 182 47 eigentlich
1758 1067 121 25 untreu
1904 1058 156 40 werden,
2081 1057 72 36 dafs
2174 1059 45 34 sie

1058 1114 70 34 sich
1149 1110 286 50 gewissermafsen
1454 1110 330 49 kompromittieren,
1804 1124 105 22 wenn
1932 1112 46 33 sie
1998 1111 221 35 künstlerisch

1060 1164 217 36 schaffend
1295 1162 135 37 werden
1449 1163 71 35 und
1545 1164 45 33 sie
1610 1164 143 39 suchen,
1778 1163 57 35 das
1857 1172 61 39 gut
1937 1177 41 21 zu
1997 1164 154 41 machen,
2168 1166 35 33 in-

1059 1219 77 33 dem
1151 1219 45 32 sie
1212 1214 53 37 oft
1279 1217 71 34 ihre
1366 1215 129 36 Werke
1514 1216 93 34 nicht
1627 1216 57 34 der
1699 1216 276 48 Allgemeinheit,
1991 1216 145 35 sondern
2156 1230 64 21 nur

1057 1272 90 33 einer
1166 1269 186 36 erwählten
1373 1269 100 34 Schar
1493 1269 290 48 Gleichgesinnter
1808 1268 71 35 und
1906 1269 177 48 -Begabter
2101 1270 118 47 geben.

1137 1322 82 35 Wie
1235 1321 115 35 anders
1367 1321 53 35 die
1433 1321 257 43 „Weltlichen“,
1707 1322 52 34 die
1770 1322 160 35 Künstler
1945 1322 54 34 des
2015 1323 202 40 Normalen,

1064 1376 56 34 der
1143 1375 226 35 Gesundheit!
1408 1376 39 33 In
1476 1374 87 35 allen
1590 1377 162 39 Formen,
1780 1376 56 33 nie
1860 1388 42 21 an
1929 1375 53 34 die
2002 1378 135 32 Manier
2161 1388 38 35 ge-

1060 1428 149 39 bunden,
1239 1428 71 33 tritt
1329 1427 71 34 ihre
1419 1430 112 32 Kunst
1558 1427 64 35 auf
1706 1428 101 34 heute
1832 1428 48 34 im
1900 1427 245 49 Lumpenkleid

1060 1494 142 34 morgen
1218 1480 47 34 im
1281 1480 271 47 Prunkgewand.
1575 1483 65 32 Das
1651 1480 129 35 Liebste
1796 1482 40 33 ist
1853 1482 102 33 ihnen
1971 1482 53 33 die
2036 1482 183 33 Wahrheit

1131 1533 214 34 unbekleidet
1373 1534 35 33 in
1428 1533 87 34 ihrer
1534 1533 206 47 göttlichen,
1759 1547 65 20 nur
1844 1534 53 34 die
1917 1534 211 35 Schwachen
2148 1534 71 34 und

1058 1587 159 34 Kranken
1242 1585 255 35 schmerzenden
1520 1585 200 36 Nacktheit.
1761 1588 61 32 Die
1849 1585 370 43 „Aufserweltlichen“

1058 1640 167 46 hingegen
1247 1639 109 33 lieben
1375 1639 57 34 das
1453 1642 200 39 Kostüm,
1674 1640 56 34 das
1750 1641 122 40 reiche,
1893 1639 245 49 komplizierte,
2159 1641 61 33 mit

1057 1692 78 34 dem
1170 1689 135 37 tiefsten
1343 1692 213 34 Verständnis
1599 1691 78 35 aller
1720 1691 90 36 alten
1843 1693 167 34 Kulturen
2053 1692 164 48 gebildete

1058 1747 157 37 Kostüm,
1236 1757 59 21 um
1314 1744 71 34 sich
1406 1745 34 34 in
1459 1745 124 34 diesem
1598 1757 40 22 zu
1655 1745 178 48 verbergen
1853 1759 62 21 vor
1930 1745 57 35 der
2001 1748 137 45 Menge,
2159 1759 59 21 um

1058 1798 95 33 ihren
1173 1806 127 31 zarten,
1329 1797 115 34 anders
1464 1806 168 39 gearteten
1653 1799 242 47 Organismus,
1923 1797 55 35 der
1999 1798 219 48 empfindlich

1058 1851 42 33 ist
1119 1851 69 33 wie
1208 1851 73 33 eine
1300 1851 151 33 Mimosa
1472 1849 132 49 pudica,
1621 1864 61 21 vor
1705 1851 88 47 jeder
1813 1852 126 34 rauhen
1959 1853 199 46 Berührung
2177 1865 40 21 zu

1056 1903 176 40 schützen,
1253 1916 56 20 um
1335 1915 64 21 nur
1422 1916 69 22 von
1512 1903 297 48 Gleichgesinnten
1830 1904 68 34 und
1918 1904 299 35 Gleichleidenden

1057 1954 140 36 erkannt
1220 1968 41 21 zu
1286 1955 148 35 werden.
1476 1958 47 43 Ja,
1545 1956 56 34 das
1622 1959 146 31 Kostüm
1794 1957 89 34 wird
1908 1957 102 34 ihnen
2038 1957 180 47 wichtiger

1056 2009 70 33 und
1146 2017 107 25 teurer
1272 2008 46 34 als
1339 2009 77 39 das,
1437 2022 72 22 was
1534 2022 69 21 von
1629 2010 73 33 ihm
1728 2009 142 47 gedeckt
1890 2010 134 34 werden
2052 2009 75 35 soll.
2166 2011 52 33 Sie

1055 2074 100 35 sagen
1173 2061 108 34 nicht:
1303 2062 91 40 Seht,
1414 2075 71 21 was
1501 2062 55 34 ich
1573 2061 84 36 bin!
1677 2062 162 35 sondern:
1860 2063 90 41 Seht,
1970 2076 73 22 was
2058 2063 55 34 ich
2133 2063 86 33 euch

1057 2115 127 34 sehen
1204 2114 136 34 lassen
1359 2114 90 35 will!
1672 2117 77 43 Jene
1770 2116 154 47 sprechen
1945 2116 33 33 in
1999 2115 56 34 der
2076 2116 142 48 Sprache

1058 2166 54 35 des
1140 2165 142 43 Lebens,
1311 2167 37 34 in
1372 2166 57 35 der
1454 2165 216 50 einfältigen,
1696 2168 185 34 schlichten
1902 2168 80 34 oder
2001 2169 127 33 rauhen
2148 2168 70 35 und

1059 2218 335 36 charakteristischen
1413 2220 195 35 Redeweise
1628 2220 55 35 des
1705 2221 137 40 Volkes,
1871 2221 132 34 welche
2023 2221 105 35 durch
2149 2222 70 33 ihre

1058 2275 108 32 Kunst
1195 2273 119 34 immer
1338 2274 167 33 erweitert
1529 2274 71 33 und
1625 2286 37 21 so
1688 2287 41 20 zu
1756 2274 58 34 der
1839 2274 51 34 ihr
1914 2274 212 35 bestimmten
2149 2274 70 35 und

1058 2324 195 48 möglichen
1277 2326 103 33 Höhe
1403 2325 198 36 entwickelt
1625 2327 105 39 wird,
1832 2326 88 35 diese
1946 2328 177 34 verachten
2154 2327 64 35 den

1059 2377 137 35 Dialekt
1212 2378 55 33 des
1276 2378 137 42 Volkes,
1430 2379 44 33 sie
1487 2378 109 35 haben
1606 2379 71 34 ihre
1693 2380 113 47 eigene
1818 2381 153 46 Sprache,
1984 2380 70 34 ihre
2065 2380 136 34 Priester-

1056 2431 146 48 sprache.
1231 2434 98 31 Denn
1344 2432 68 33 wie
1429 2431 281 50 Geheimpriester
1725 2432 57 34 der
1797 2435 112 32 Kunst
1929 2430 119 40 fühlen
2069 2434 45 33 sie
2133 2434 84 39 sich,

1058 2483 52 34 die
1129 2484 53 33 die
1201 2483 118 36 Pflicht
1338 2484 129 39 haben,
1491 2484 72 34 ihre
1588 2484 234 35 vermeintlich
1848 2484 120 35 letzten
1994 2484 71 35 und
2085 2484 132 35 tiefsten

1057 2535 236 35 Erkenntnisse
1321 2550 39 21 zu
1385 2536 186 35 bewachen
1596 2538 69 33 und
1691 2539 46 32 sie
1763 2538 55 34 der
1838 2538 97 34 Welt
1961 2551 40 21 zu
2021 2538 194 40 bewahren,

1056 2589 115 34 indem
1190 2589 46 34 sie
1255 2589 45 34 sie
1320 2603 62 21 vor
1406 2590 51 33 ihr
1483 2590 168 34 schützen.
1690 2590 88 35 Aber
1797 2591 72 34 ihre
1888 2590 236 35 Erkenntnisse
2144 2590 73 35 sind

1056 2655 65 21 nur
1140 2642 53 34 die
1208 2642 225 34 Wahrheiten
1451 2643 87 34 ihrer
1558 2644 154 46 eigenen,
1734 2643 185 34 abnormen
1939 2646 125 38 Natur,
2086 2643 130 35 welche

1060 2695 55 33 für
1141 2694 53 34 die
1212 2696 234 40 Menschheit,
1476 2695 53 35 die
1549 2697 119 33 immer
1687 2696 53 34 die
1761 2699 136 31 Summe
1914 2696 53 35 des
1987 2697 228 34 Normalen

1058 2747 131 34 bleiben
1219 2747 108 41 mufs,
1357 2761 63 21 nur
1448 2748 108 35 durch
1582 2748 54 34 die
1662 2749 208 34 artistischen
1894 2752 142 32 Formen
2060 2749 157 35 wertvoll

1058 2800 85 40 sind,
1164 2801 36 33 in
1220 2799 106 35 denen
1340 2801 45 33 sie
1401 2799 177 37 auftreten.
1607 2804 37 31 In
1661 2801 56 35 der
1733 2804 109 32 Kunst
1858 2803 58 33 hat
1931 2802 79 34 alles
2025 2803 54 33 ein
2093 2804 119 39 Recht,

1060 2853 71 34 sich
1152 2853 268 36 auszudrücken:
1441 2853 55 35 das
1510 2855 252 47 Wahnsinnige
1781 2868 99 34 sogar
1898 2855 71 34 und
1990 2853 223 43 Krankhafte,

1057 2906 95 34 nicht
1167 2906 130 34 minder
1312 2907 68 34 wie
1401 2906 56 34 das
1474 2907 141 34 Lebens-
1636 2907 70 34 und
1721 2906 298 50 Zukunftsfähige.
2035 2911 86 31 Was
2137 2921 80 21 man

1058 2959 49 33 im
1135 2958 111 34 Leben
1274 2957 202 50 bekämpfen
1514 2959 69 34 und
1617 2960 190 34 vernichten
1843 2962 155 39 möchte,
2031 2960 57 35 das
2126 2960 91 35 kann

1060 3024 79 20 man
1229 3025 101 21 wenn
1358 3025 31 21 es
1413 3025 77 21 zum
1506 3015 154 45 Präparat
1679 3013 56 34 der
1750 3016 108 32 Kunst
1874 3014 194 46 geworden,
2089 3013 108 49 gleich-

1056 3076 70 21 sam
1147 3064 34 33 in
1201 3065 64 33 den
1286 3064 142 35 Phiolen
1452 3065 58 34 der
1529 3066 185 34 Schönheit
1741 3079 40 21 zu
1803 3067 105 33 seiner
1928 3069 289 32 Wesens-Essenz

1057 3114 167 49 aufgelöst
1241 3118 52 39 ist,
1314 3118 181 34 verehrend
1515 3118 169 47 geniefsen

1136 3170 61 33 Die
1223 3170 323 41 „Weltlichen“,
1573 3171 53 35 die
1647 3172 155 34 Künstler
1831 3171 53 35 des
1915 3172 136 41 Lebens,
2080 3171 137 35 werden

1058 3234 79 22 vom
1152 3222 111 34 Volke
1279 3224 207 41 verstanden,
1507 3224 57 34 das
1583 3225 87 33 seine
1687 3224 130 35 Werke
1835 3238 41 20 zu
1891 3225 124 34 seinem
2035 3225 182 47 Eigentum

1060 3275 123 34 macht.
1239 3276 64 33 Die
1341 3276 455 41 „Aufserweltlichen“
1837 3278 187 34 verzichten
2060 3276 65 36 auf
2152 3278 65 33 den

1057 3325 236 43 Volksbeifall,
1310 3332 33 43 ja
1363 3329 45 34 sie
1428 3330 176 34 verachten
1618 3330 59 34 ihn
1698 3330 70 34 und
1787 3330 164 48 begehren
1971 3344 63 21 nur
2055 3330 85 35 nach
2160 3330 57 35 der

1057 3379 100 33 Liebe
1176 3379 57 34 der
1247 3381 256 41 „Erwählten“,
1519 3382 31 34 d.
1566 3384 35 34 h.
1618 3383 56 34 der
1690 3383 299 48 Gleichgearteten.
2018 3384 73 33 Ihre
2105 3387 112 31 Kunst

1057 3431 43 33 ist
1127 3432 102 34 ihnen
1255 3434 73 33 eine
1347 3434 262 42 Geheimkunst,
1634 3437 54 33 ein
1707 3436 153 48 Privileg,
1893 3438 53 33 ein
1966 3436 248 35 Adelszeichen.

1060 3484 121 34 Diesen
1200 3486 110 46 gelten
1328 3490 73 43 jene
1419 3488 105 42 nicht,
1554 3488 69 34 und
1650 3492 123 43 jenen
1799 3489 110 47 gelten
1930 3489 88 34 diese
2046 3490 96 34 nicht
2170 3489 46 34 als

1059 3536 114 34 wahre
1197 3539 166 34 Künstler.
1418 3540 110 35 Ueber
1554 3542 52 33 die
1631 3542 261 40 „Weltlichen“
1917 3542 128 35 schrieb
2061 3542 55 35 ich
2145 3544 54 33 ein-

1060 3589 82 33 mal:
1164 3590 51 34 Sie
1235 3591 72 33 sind
1328 3595 71 42 jene
1414 3594 133 33 reichen
1566 3594 69 34 und
1652 3594 124 35 weiten
1790 3597 166 38 Naturen,
1978 3595 96 35 deren
2089 3598 127 31 Wesen

1061 3641 61 34 mit
1143 3641 74 35 dem
1236 3645 125 33 Worte
1380 3646 233 35 Künstlertum
1639 3647 94 35 nicht
1757 3648 204 47 vollständig
1981 3647 114 36 erfafst
2114 3648 101 37 wird.

2327 531 109 35 lieber
2456 531 70 34 ihre
2542 534 109 32 Kunst
2671 532 106 34 reicht
2796 532 70 34 ihre
2881 531 277 40 Persönlichkeit,
3179 532 80 35 über
3275 534 70 33 ihre
3360 534 128 35 Werke

2328 585 106 33 reicht
2464 584 51 34 ihr
2534 583 120 35 Leben.
2711 585 52 33 Sie
2784 583 192 36 betrachten
3005 598 31 20 es
3066 585 46 34 als
3142 585 52 34 die
3215 585 158 48 Aufgabe
3402 587 85 34 ihres

2329 637 150 40 Daseins,
2500 636 54 34 die
2572 636 201 35 unendliche
2793 637 90 34 Fülle
2903 637 55 35 der
2978 637 97 35 Welt
3096 639 33 32 in
3149 639 71 33 sich
3240 637 248 37 aufzunehmen

2327 690 71 33 und
2413 690 35 33 in
2464 689 55 34 der
2528 688 101 36 tiefen
2645 689 68 35 und
2721 689 127 35 breiten
2860 690 117 34 Schale
2987 690 88 34 ihrer
3090 690 89 35 Seele
3194 703 39 22 zu
3254 691 174 35 sammeln.
3445 695 42 31 So

2327 741 93 35 kann
2435 743 102 33 ihnen
2549 741 51 35 oft
2616 743 53 33 ein
2680 741 152 50 Tropfen
2847 741 124 36 Lebens
2988 743 180 47 wichtiger
3182 744 70 33 sein
3269 743 45 35 als
3332 743 56 35 das
3402 745 69 34 voll-

2328 795 148 34 endetste
2487 794 219 37 Kunstwerk.
2720 796 62 34 Die
2793 799 109 31 Kunst
2914 797 40 33 ist
2964 795 102 35 ihnen
3077 797 54 33 ein
3141 796 74 34 Teil
3227 796 54 34 des
3292 797 137 40 Lebens,
3437 799 51 33 ein

2327 847 184 35 blühendes
2524 848 81 34 oder
2615 848 182 35 verdorrtes
2809 849 90 35 Reis.
2926 851 101 42 Jenen
3043 849 179 35 Künstlern
3243 849 245 35 deszweiten

2326 900 141 35 Reiches
2481 900 82 48 (den
2574 901 366 41 „Unterweltlichen“,
2954 901 42 35 da
3007 902 66 35 wir
3083 901 53 35 die
3147 901 341 42 „Oberweltlichen“

2328 953 44 35 als
2392 967 41 21 zu
2453 954 122 34 seltene
2595 954 274 48 Erscheinungen
2887 954 133 48 füglich
3050 954 134 34 beiseite
3212 954 123 48 lassen)
3366 955 41 34 ist
3436 955 52 34 die

2326 1008 193 40 Extension,
2540 1020 68 21 von
2627 1006 88 35 ihrer
2733 1008 91 33 Seele
2848 1008 46 34 als
2913 1006 226 50 Mittelpunkt
3158 1021 59 21 aus
3243 1008 81 34 über
3350 1008 57 34 das
3434 1009 54 33 All

2326 1059 55 34 des
2402 1059 126 35 Lebens
2548 1068 140 39 versagt.
2718 1061 51 34 Sie
2789 1060 74 35 sind
2883 1061 107 34 schon
3008 1061 108 34 durch
3136 1060 95 35 ihren
3247 1061 160 47 geistigen
3420 1062 68 34 und

2326 1111 234 49 körperlichen
2576 1113 220 47 Organismus
2815 1135 53 3 —
2888 1114 45 33 sei
2953 1126 47 28 es,
3028 1112 71 35 dafs
3121 1114 71 33 ihre
3211 1114 100 34 Sinne
3333 1113 68 35 und
3422 1117 44 31 Ge-

2327 1164 96 35 fühle
2448 1166 122 33 einmal
2591 1179 40 21 zu
2654 1164 140 50 stumpf,
2817 1166 124 35 einmal
2965 1179 40 22 zu
3033 1164 176 37 verfeinert
3234 1166 71 35 und
3334 1176 67 25 zart
3430 1180 38 33 ge-

2326 1218 144 35 worden
2480 1218 73 34 sind
2568 1241 45 3 —
2626 1217 156 50 unfähig,
2794 1219 71 34 sich
2878 1218 99 35 selbst
2988 1219 77 34 dem
3076 1218 120 42 Leben,
3214 1218 46 35 als
3276 1219 58 34 das
3346 1220 142 40 Zweite,

2328 1270 45 35 als
2394 1272 53 33 ein
2469 1271 249 48 Ebensoganzes
2746 1272 67 34 wie
2833 1271 56 35 das
2910 1272 110 35 Leben
3044 1272 363 47 gegenüberzustellen.
3437 1274 51 33 Sie

2327 1333 152 38 ertragen
2508 1325 113 34 seinen
2641 1324 162 48 Andrang
2831 1325 71 34 und
2930 1325 88 34 seine
3047 1323 196 36 Ueberfülle
3271 1325 106 35 nicht.
3407 1326 81 34 Wie

2326 1378 73 33 eine
2424 1378 141 46 gewisse
2591 1380 61 31 Art
2677 1390 69 22 von
2765 1378 135 34 Fischen
2926 1377 188 35 überlassen
3137 1379 45 34 sie
3207 1378 71 34 sich
3303 1378 96 35 nicht
3426 1378 62 34 toll

2326 1429 70 34 und
2415 1429 228 48 kämpferisch
2662 1430 57 35 der
2738 1430 194 47 wogenden
2946 1434 198 43 Strömung,
3164 1430 145 35 sondern
3330 1430 158 35 kriechen

2326 1482 102 34 scheu
2441 1482 71 35 und
2523 1486 186 45 verängstet
2719 1484 35 33 in
2772 1484 54 33 ein
2845 1483 179 48 bergendes
3045 1483 169 41 Versteck,
3236 1497 58 20 um
3314 1483 56 34 der
3389 1484 75 33 Nah-

2326 1549 88 33 rung
2441 1548 41 21 zu
2507 1545 143 30 warten,
2680 1549 42 21 an
2749 1536 57 34 der
2834 1538 46 32 sie
2909 1537 94 34 nicht
3032 1535 174 36 ersticken.
3238 1540 67 31 Das
3326 1537 160 47 Wenige,

2326 1588 145 34 welches
2492 1588 88 34 diese
2594 1590 185 33 Menschen
2790 1588 218 41 aufnehmen,
3029 1589 89 35 wird
3129 1603 39 20 zu
3181 1590 89 33 einer
3282 1590 206 34 unerhörten

2326 1641 149 34 Feinheit
2490 1641 194 35 verarbeitet
2698 1643 68 33 und
2784 1642 56 34 das
2856 1641 167 41 kostbare,
3039 1655 37 21 so
3095 1643 158 33 mühsam
3273 1655 214 34 gewonnene

2325 1693 263 49 Kunstprodukt
2607 1694 89 35 wird
2712 1696 126 33 einsam
2853 1696 67 34 wie
2937 1695 52 34 die
3006 1695 88 34 Perle
3109 1695 36 34 in
3163 1695 57 35 der
3239 1695 157 35 Muschel
3415 1708 53 22 ver-

2326 1747 124 40 wahrt,
2471 1748 35 32 in
2525 1747 88 34 einer
2629 1761 60 20 vor
2707 1748 109 46 jedem
2824 1747 123 35 Trubel
2964 1748 56 34 der
3030 1747 98 35 Welt
3138 1746 63 36 fest
3220 1748 265 34 verschlossenen

2325 1799 116 35 Hülle.
2501 1800 116 34 Indem
2642 1801 45 33 sie
2711 1801 95 33 nicht
2833 1800 148 36 wahllos
3008 1799 72 36 und
3106 1813 80 22 vom
3206 1799 115 37 Zufall
3341 1801 146 47 geleitet,

2326 1853 68 34 wie
2412 1855 84 44 jene,
2523 1853 71 33 sich
2619 1853 64 34 den
2703 1852 215 36 Eindrücken
2944 1853 57 35 der
3020 1853 98 35 Welt
3145 1853 188 35 überlassen
3352 1854 68 34 und
3442 1855 45 33 sie

2325 1918 40 22 zu
2387 1907 110 32 Kunst
2515 1905 217 41 verarbeiten,
2760 1907 125 34 suchen
2905 1906 45 34 sie
2977 1906 162 35 vielmehr
3165 1919 57 22 aus
3248 1907 89 34 einer
3361 1919 127 35 ganzen

2326 1961 136 45 Gruppe
2479 1957 179 49 sorgfältig
2673 1958 219 36 überdachter
2907 1959 70 34 und
2993 1959 186 48 gleichsam
3193 1959 153 48 langsam
3362 1961 35 32 in
3416 1959 71 35 sich

2326 2011 251 47 ausgebrüteter
2607 2011 268 49 Empfindungen
2909 2012 71 34 und
3003 2011 183 35 Erlebnisse
3214 2012 53 34 die
3295 2015 119 31 Essenz
3447 2025 40 21 zu

2326 2064 113 34 ziehen
2461 2064 69 34 und
2549 2063 110 35 diesen
2679 2064 181 35 kostbaren
2875 2063 94 38 Stoff
2981 2065 36 34 in
3036 2064 55 35 die
3111 2065 199 35 dauerndste
3330 2067 99 32 Form
3448 2078 38 21 zu

2326 2117 138 47 gielsen.
2501 2117 52 34 Sie
2582 2116 109 35 lieben
2720 2117 134 35 deshalb
2884 2131 60 21 vor
2973 2117 99 35 allem
3100 2117 53 35 die
3177 2117 224 41 Gleichnisse,
3434 2118 53 34 die

2328 2169 158 48 Symbole
2506 2170 69 34 und
2595 2170 107 34 bauen
2720 2171 36 33 in
2782 2171 45 33 sie
2855 2171 64 34 den
2940 2170 187 36 Gedanken
3154 2171 129 40 hinein,
3312 2170 112 35 sodafs
3454 2184 32 20 er

2326 2224 195 33 unversehrt
2547 2223 94 34 darin
2670 2224 175 33 verharren
2871 2222 104 41 kann,
3005 2224 68 34 wie
3102 2224 54 34 die
3175 2224 133 34 Mumie
3341 2224 35 34 in
3409 2223 77 35 dem

2326 2274 209 49 Sarkophag.
2566 2276 53 33 Sie
2638 2276 71 33 sind
2729 2277 49 34 im
2797 2276 168 40 Glauben,
2986 2275 71 36 dafs
3078 2276 56 35 das
3155 2276 181 48 eigentlich
3356 2279 108 32 Künst-

2328 2328 148 40 lerische,
2498 2328 46 35 als
2565 2337 103 26 etwas
2693 2342 40 21 zu
2753 2329 121 41 Feines,
2904 2342 40 21 zu
2967 2328 267 35 Zerbrechliches
3262 2329 89 34 einer
3380 2328 105 35 festen

2326 2380 173 48 Kleidung
2514 2380 170 48 bedürftig
2702 2382 54 40 ist,
2777 2382 53 34 die
2845 2395 31 21 es
2892 2395 61 21 vor
2973 2381 56 34 der
3047 2384 205 45 Zerstörung
3272 2382 139 35 schützt.
3441 2384 43 32 So

2325 2435 43 32 ist
2386 2434 104 34 ihnen
2505 2434 56 34 das
2582 2434 141 46 Symbol
2742 2448 64 21 nur
2826 2435 54 34 ein
2900 2434 127 40 Mittel,
3048 2434 63 34 den
3131 2434 111 35 Inhalt
3262 2435 87 34 ihrer
3377 2438 109 32 Kunst

2325 2499 57 22 aus
2399 2486 76 34 dem
2495 2486 225 40 Schwanken,
2747 2486 140 35 Fliefsen
2905 2487 70 34 und
2995 2488 176 47 Vergehen
3200 2488 54 34 des
3276 2488 125 34 Lebens
3430 2486 55 36 für

2325 2538 53 35 die
2398 2538 212 49 Ewigkeit
2629 2552 38 21 zu
2685 2540 191 35 bewahren.

2406 2593 63 32 Die
2488 2592 261 40 „Weltlichen“
2768 2592 131 35 wollen
2917 2592 158 35 Künstler
3094 2593 110 34 ihrer
3222 2594 91 33 Zeit
3332 2594 80 40 sein,
3435 2592 52 35 die

2325 2644 367 41 „Aufserweltlichen“
2721 2645 129 35 wollen
2879 2645 158 36 Künstler
3071 2646 58 33 der
3157 2645 218 48 Ewigkeit
3403 2646 80 34 sein.

2325 2700 161 32 Getrennt
2505 2698 74 34 sind
2595 2699 71 33 ihre
2685 2697 116 35 beiden
2817 2699 125 34 Reiche
2961 2698 108 35 durch
3084 2699 73 33 eine
3171 2699 194 48 gewaltige,
3381 2698 104 35 kaum

2325 2750 283 35 überschreitbare
2644 2749 114 38 Kluft.
2804 2751 114 35 Sollen
2941 2752 66 34 wir
3034 2765 83 27 nun,
3147 2751 167 35 nachdem
3342 2752 66 35 wir
3435 2752 52 34 ihr

2323 2805 129 32 Wesen
2472 2816 40 21 zu
2532 2803 168 35 erkennen
2716 2805 153 33 versucht
2883 2803 121 41 haben,
3026 2804 87 34 auch
3130 2803 52 36 die
3202 2804 283 48 gebräuchlichen

2323 2858 138 32 Namen
2501 2857 103 33 dieser
2627 2857 322 48 Grundrichtungen
2981 2857 57 34 der
3066 2860 108 31 Kunst
3208 2856 194 36 aufzählen?
3443 2860 40 32 Es

2324 2908 76 34 sind
2424 2909 87 34 ihrer
2537 2923 40 20 zu
2599 2909 84 35 viele
2710 2911 68 33 und
2801 2908 119 37 treffen
2946 2910 90 47 jeder
3062 2923 64 21 nur
3155 2911 54 33 ein
3228 2910 161 35 Teilchen
3429 2911 55 34 der

2324 2962 195 34 Wahrheit.
2551 2963 62 33 Die
2628 2960 215 37 treffendsten
2863 2963 72 34 sind
2953 2963 91 34 noch
3064 2961 55 36 für
3138 2963 53 34 die
3206 2963 276 40 „Weltlichen“:

2323 3013 181 44 Klassiker,
2517 3015 182 40 Realisten,
2711 3015 179 47 Objektive
2902 3038 50 3 —
2964 3014 55 36 für
3030 3015 53 35 die
3093 3015 390 40 „Aufserweltlichen“:

2324 3067 239 42 Romantiker,
2594 3068 201 47 Subjektive,
2831 3069 158 40 Stilisten,
3026 3067 226 47 Symboliker,
3287 3068 196 36 Decadents.

2403 3123 38 31 In
2460 3121 108 47 jedem
2583 3122 283 34 Kunstabschnitt
2882 3122 55 34 der
2952 3121 185 47 bisherigen
3151 3122 117 34 Zeiten
3288 3121 112 35 finden
3419 3123 66 34 wir

2325 3172 85 35 diese
2435 3174 290 48 Grundspaltung.
2755 3177 90 31 Vom
2866 3173 215 49 Standpunkt
3111 3174 57 34 der
3187 3178 110 32 Kunst
3326 3188 58 21 aus
3410 3175 74 34 sind

2324 3226 95 34 beide
2445 3226 245 48 gleichwertig,
2716 3227 90 34 denn
2831 3241 69 20 was
2926 3227 53 33 die
2999 3227 211 34 Weltlichen
3238 3241 42 21 an
3303 3228 180 34 Reichtum

2324 3278 70 35 und
2423 3280 92 33 Fülle
2540 3280 183 40 Vorhaben,
2758 3280 57 34 das
2848 3289 140 25 ersetzen
3018 3280 53 34 die
3091 3279 319 37 Aufserweltlichen
3443 3294 40 20 an

2324 3332 213 47 unsäglicher
2543 3334 148 33 Feinheit
2700 3333 67 34 und
2777 3334 195 34 Schönheit.
2987 3335 107 32 Unter
3100 3332 56 35 der
3167 3332 109 49 Optik
3292 3334 55 33 des
3359 3334 124 34 Lebens

2325 3383 76 36 aber
2426 3385 75 34 sind
2527 3386 86 34 diese
2638 3386 120 34 beiden
2783 3386 218 47 Richtungen
3026 3386 94 34 nicht
3144 3386 245 47 gleichwertig.
3420 3389 64 31 Der

2323 3438 162 47 genialste
2772 3439 142 39 Goethe,
2929 3439 59 34 hat
3003 3439 126 34 einmal
3142 3452 69 21 von
3226 3439 123 34 diesem
3365 3438 100 35 Stand-

2323 3490 110 49 punkt
2444 3491 56 34 des
2514 3491 123 34 Lebens
2654 3505 57 21 aus
2728 3505 39 21 zu
2777 3490 210 37 Eckermann
3003 3492 82 34 über
3102 3493 45 34 sie
3162 3506 37 19 so
3214 3492 99 34 wahr
3327 3492 69 34 und
3412 3491 71 34 klar

2324 3544 224 41 entschieden,
2568 3545 115 34 indem
2703 3558 32 21 er
2756 3545 52 34 die
2824 3545 96 34 einen
2940 3544 45 35 als
3006 3544 54 34 die
3080 3544 159 36 Künstler
3258 3545 57 34 der
3330 3544 132 35 Gesund-

2323 3596 69 35 heit
2406 3597 71 34 und
2493 3596 55 35 des
2565 3598 140 47 stetigen
2715 3598 251 40 Wachstumes,
2977 3597 52 35 die
3045 3598 143 35 anderen
3203 3597 45 35 als
3261 3598 53 33 die
3328 3596 155 35 Künstler

2323 3649 57 34 der
2395 3649 189 36 Krankheit
2598 3650 69 35 und
2683 3650 56 35 des
2756 3650 159 36 Verfalles
2931 3650 222 36 bezeichnete.

3249 3653 83 32 Max
3351 3653 132 32 Messer
