3645 4572
1359 3840 206 43 187

227 571 97 31 Ganz
356 567 116 35 anders
503 568 101 34 sehen
632 567 148 35 daneben
807 567 53 35 die
883 567 139 35 Studien
1048 580 75 27 aus,
1154 566 54 34 die
1241 565 137 49 Adolph

231 620 134 36 Menzel
387 620 224 48 gelegentlich
635 619 56 35 für
714 620 87 34 seine
827 620 144 36 Zwecke
996 621 87 33 nach
1108 619 123 34 älteren
1254 621 105 32 Kunst-

232 672 138 36 werken
398 672 79 35 aller
500 675 61 32 Art
591 671 199 49 angefertigt
811 673 75 41 hat;
916 673 55 34 ich
999 673 146 33 erinnere
1170 684 63 22 nur
1258 683 43 22 an
1326 670 53 35 die

232 726 198 47 Zeichnung
448 725 54 34 des
521 725 184 35 herrlichen
719 725 290 41 Dornausziehers,
1029 724 56 35 der
1102 737 61 22 vor
1178 732 89 26 etwa
1284 721 77 36 fünf-

231 778 225 47 undzwanzig
487 778 119 44 Jahren
632 778 69 35 wie
729 777 53 34 ein
809 779 133 32 Meteor
974 778 36 33 in
1036 788 153 22 unserem
1220 778 160 31 Museum

231 831 144 46 gesehen
411 829 136 41 wurde,
586 842 60 21 um
677 830 49 33 im
758 829 121 34 British
914 831 158 32 Museum
1109 826 269 36 niederzufallen.

234 883 64 33 Die
315 881 240 40 „Modernen“
579 889 96 26 unter
692 893 140 21 unseren
851 881 179 34 Künstlern
1056 879 75 34 sind
1155 893 35 21 so
1210 880 73 33 sehr
1301 891 81 22 vom

231 934 122 34 Schein
394 933 72 34 und
512 933 185 34 Schimmer
736 932 58 34 der
837 932 233 47 Gegenstände
1112 933 269 47 eingenommen,

234 985 72 36 dafs
333 987 45 33 sie
406 985 96 34 darin
529 985 53 33 die
609 987 98 31 Form
733 996 65 22 nur
825 997 83 34 ganz
934 984 218 34 unbestimmt
1178 983 71 35 und
1281 983 101 34 daher

232 1039 91 34 auch
348 1037 65 34 den
437 1037 143 33 intimen
606 1035 183 35 Charakter
811 1049 63 21 nur
900 1035 235 35 oberflächlich
1159 1048 57 22 zur
1234 1035 148 47 Geltung

235 1091 150 47 bringen.
428 1089 52 33 Sie
507 1089 99 33 sehen
634 1087 88 34 auch
750 1087 52 33 die
829 1087 129 35 Werke
985 1087 81 34 alter
1093 1090 108 31 Kunst
1229 1087 71 34 und
1328 1087 54 33 des

237 1140 329 37 Kunsthandwerkes
598 1140 37 33 in
667 1140 76 33 dem
771 1140 115 39 Licht,
914 1140 55 33 das
1005 1141 45 32 sie
1082 1138 205 35 aufnehmen
1315 1138 68 35 und

233 1194 60 35 das
318 1195 45 33 sie
387 1192 166 48 umgiebt,
574 1193 35 32 in
628 1192 77 33 dem
723 1190 236 48 Farbenglanz,
979 1191 65 34 den
1067 1192 45 33 sie
1131 1190 195 40 verbreiten,
1347 1203 36 22 so

237 1246 71 35 dafs
328 1247 45 34 sie
392 1258 64 21 nur
475 1244 93 35 ihren
589 1243 217 34 malerischen
820 1244 119 33 Schein
957 1242 242 47 wiedergeben,
1219 1255 101 22 wenn
1338 1243 46 33 sie

234 1299 74 35 sich
334 1297 124 35 einmal
486 1310 42 21 an
554 1296 71 33 eine
652 1294 112 36 solche
784 1293 155 48 Aufgabe
966 1295 150 34 machen.
1161 1294 138 34 Freilich
1326 1295 59 33 hat

237 1350 54 35 die
308 1354 102 43 junge
425 1348 130 40 Schule,
574 1348 69 34 und
663 1361 77 20 zum
754 1347 73 34 Teil
845 1348 63 33 mit
922 1347 107 34 durch
1043 1347 69 33 ihre
1131 1346 112 34 besten
1258 1345 126 41 Kräfte,

329 1402 73 35 sehr
421 1400 190 48 ausgiebige
628 1398 195 48 Thätigkeit
841 1398 118 47 gerade
977 1399 35 33 in
1031 1398 55 34 der
1104 1398 206 34 Illustration
1328 1411 38 33 ge-

238 1456 109 34 sucht.
383 1456 78 33 Von
480 1455 82 32 Max
581 1452 138 47 Klinger
743 1463 84 35 ganz
845 1451 199 47 abgesehen,
1065 1449 55 35 der
1143 1451 87 33 seine
1249 1450 137 46 eigenen

239 1510 113 45 Wege
378 1518 173 35 gegangen
581 1506 60 38 ist,
667 1503 109 35 haben
809 1503 144 34 einzelne
987 1501 139 48 begabte
1159 1501 227 34 Illustratoren

239 1558 206 37 namentlich
471 1557 107 35 durch
604 1557 53 34 die
682 1556 211 34 Münchener
917 1555 216 33 Witzblätter
1162 1554 95 33 einen
1284 1552 83 35 mafs-

240 1611 171 49 gebenden
434 1609 139 35 Einfluss
602 1607 61 35 auf
691 1608 54 34 die
781 1608 157 33 deutsche
965 1605 299 36 Buchillustration
1290 1605 78 34 über-

239 1665 108 47 haupt
365 1674 208 36 gewonnen:
593 1668 104 27 zuerst
715 1661 36 33 in
770 1660 64 33 den
848 1658 196 47 Fliegenden
1059 1658 121 33 Blätter
1197 1658 86 33 nach
1302 1657 86 33 ihrer

241 1715 243 49 Regeneration
510 1713 107 35 durch
636 1712 225 39 Oberländer,
881 1710 191 47 Harburgcr
1096 1709 68 34 und
1190 1708 197 47 Schlittgen,

242 1769 90 34 dann
345 1769 35 33 in
395 1766 55 35 der
467 1766 127 47 Jugend
609 1765 70 34 und
698 1764 119 34 zuletzt
835 1764 47 33 im
898 1762 279 49 Simplicissimus.
1210 1762 51 32 Sic
1281 1761 108 33 haben

242 1820 53 35 die
312 1820 227 45 Hochätzung
557 1816 57 35 für
639 1818 53 33 die
710 1815 368 47 verschiedenartigsten
1096 1813 241 47 Zeichnungen
1354 1813 35 33 in

242 1870 206 51 geschickter
467 1871 118 34 Weise
609 1868 206 42 verwendet;
840 1867 75 35 aber
938 1866 107 35 durch
1069 1864 227 37 willkürliche
1319 1864 68 34 und

242 1922 272 51 geschmacklose
548 1920 366 46 Zusammenstellung,
956 1919 105 33 durch
1100 1918 182 45 Mischung
1322 1929 67 21 von

244 1980 125 31 Gutem
388 1975 69 34 und
472 1974 219 39 Schlechtem,
710 1985 69 23 von
797 1972 185 34 Farblosem
1002 1970 68 35 und
1084 1969 181 47 Farbigem,
1284 1968 105 34 durch

244 2029 191 34 schlechten
446 2030 71 32 Satz
532 2026 70 34 und
613 2025 115 35 Druck
743 2025 105 34 durch
862 2023 179 35 schlechtes
1051 2022 114 47 Papier
1180 2021 68 34 und
1258 2023 132 31 Format

242 2081 110 36 haben
377 2081 64 38 sie,
467 2088 85 25 trotz
576 2077 255 49 gelegentlicher
855 2073 247 38 vortrefflicher
1120 2074 199 45 Leistungen
1343 2072 48 34 im

244 2133 190 39 Einzelnen,
454 2131 64 35 den
541 2129 127 35 Verfall
698 2130 56 34 der
776 2128 300 35 Buchillustration
1094 2126 48 33 im
1161 2124 230 48 Allgemeinen

244 2186 91 34 noch
361 2183 243 47 beschleunigt,
632 2182 58 34 der
716 2181 207 46 Verbildung
950 2180 54 33 des
1032 2176 242 37 Geschmackes
1305 2177 86 33 nach

244 2238 105 34 dieser
373 2237 174 46 Richtung
569 2236 159 33 weiteren
746 2232 176 36 Vorschub
949 2231 157 47 geleistet.
1150 2229 100 34 Auch
1274 2229 41 33 ist
1340 2228 52 34 die

245 2289 211 39 malerische,
488 2288 142 46 flüchtig
661 2285 216 35 skizzierende
902 2283 231 46 Behandlung,
1162 2281 53 34 die
1247 2281 44 34 sie
1317 2293 57 21 aus-

243 2340 149 49 gebildet
410 2340 119 41 haben,
548 2338 54 35 für
622 2339 52 34 die
689 2337 244 47 Nachbildung
952 2335 115 35 älterer
1086 2332 224 37 Kunstwerke
1329 2345 63 21 nur

246 2406 83 37 ganz
348 2392 280 35 ausnahmsweise
648 2391 161 46 geeignet.

327 2448 44 31 So
391 2446 43 33 ist
453 2458 31 20 es
505 2445 35 33 in
558 2443 56 35 der
632 2444 88 33 That
747 2446 78 43 jetzt
852 2441 53 34 bei
932 2453 61 21 uns
1018 2440 36 33 in
1073 2436 230 36 Deutschland
1322 2436 71 34 eine

246 2498 58 35 der
323 2497 248 47 schwierigsten
589 2493 179 49 Aufgaben
787 2493 55 36 für
862 2494 95 32 einen
976 2493 111 33 Autor
1107 2490 80 34 oder
1204 2490 95 33 einen
1314 2490 60 32 Ver-

248 2551 100 47 leger,
375 2549 57 35 der
451 2550 53 33 ein
532 2548 203 34 illustriertes
764 2545 111 35 Werk
902 2544 81 34 über
1018 2542 115 49 irgend
1162 2543 53 33 ein
1243 2540 134 35 künstle-

246 2603 121 35 risches
375 2602 130 34 Thema
519 2599 267 47 herauszugeben
801 2599 69 39 hat,
886 2597 240 46 Zeichnungen
1140 2608 40 21 zu
1195 2590 199 41 beschaffen,

246 2655 56 34 die
330 2654 53 34 die
403 2651 225 37 Kunstwerke
647 2651 151 47 zugleich
816 2658 72 26 treu
910 2648 72 35 und
1006 2646 221 36 künstlerisch
1253 2644 123 36 wieder-

247 2707 120 48 geben,
386 2705 71 35 und
477 2705 86 34 diese
588 2704 37 34 in
652 2702 191 49 glückliche
860 2700 350 45 Uebereinstimmung
1230 2710 57 22 zur
1310 2698 66 32 Aus-

247 2766 154 39 stattung
420 2758 54 34 des
489 2758 140 33 Buches:
650 2769 40 21 zu
703 2758 145 36 Format,
863 2754 115 47 Papier
997 2752 68 34 und
1085 2754 83 38 Satz,
1189 2763 40 21 zu
1248 2749 148 47 bringen.

249 2812 66 35 Die
329 2810 239 46 Verwendung
587 2808 57 34 der
662 2808 242 46 Heliogravüre
923 2805 69 34 und
1012 2805 55 34 des
1086 2801 237 37 Lichtdruckes
1343 2799 55 35 für

247 2863 57 35 die
322 2861 136 41 Tafeln,
486 2862 99 34 deren
603 2861 65 34 wir
692 2858 55 35 für
771 2859 141 34 manche
940 2855 143 37 Zwecke
1103 2867 58 36 gar
1186 2855 93 33 nicht
1305 2853 94 33 mehr

247 2923 154 27 entraten
427 2913 154 41 können,
601 2912 87 35 wird
711 2911 122 47 jedoch
859 2907 253 50 eingeschränkt
1135 2907 69 35 und
1231 2905 52 33 die
1312 2906 66 32 Aus-

251 2967 143 48 bildung
417 2966 103 35 dieser
543 2963 183 36 Verfahren
748 2965 117 33 weiter
893 2961 177 36 verbessert
1093 2959 136 36 werden
1255 2961 143 30 müssen.

253 3020 56 35 Bei
327 3020 56 33 der
402 3018 327 49 photographischen
747 3015 194 35 Aufnahme
964 3013 47 35 als
1029 3010 180 48 Unterlage
1232 3008 167 36 derselben

249 3071 94 35 mufs
362 3071 61 34 mit
442 3071 84 34 weit
554 3068 163 49 gröfserer
735 3066 148 48 Sorgfalt
910 3065 70 35 und
1004 3065 96 34 mehr
1126 3062 274 35 künstlerischem

253 3123 212 36 Verständnis
489 3134 234 36 vorgegangen
747 3119 154 39 werden,
930 3118 46 34 als
1002 3130 31 21 es
1060 3116 108 35 bisher
1190 3112 211 49 regelmäfsig

255 3177 58 34 der
330 3175 69 35 Fall
422 3177 58 39 ist,
506 3188 59 21 wo
590 3173 141 35 dieselbe
754 3171 214 39 Aufnahme,
994 3170 52 33 die
1065 3168 106 34 durch
1195 3166 63 33 den
1276 3164 105 35 Kohle-

255 3227 109 35 druck
392 3227 80 35 oder
503 3226 156 34 ähnliche
687 3224 226 47 Erfindungen
942 3222 54 34 der
1023 3219 248 47 Photographie
1297 3216 105 34 schon

256 3279 122 36 unklar
397 3279 182 47 geworden
596 3279 60 40 ist,
680 3278 119 33 immer
818 3274 126 37 wieder
962 3273 71 35 und
1051 3272 125 35 wieder
1194 3271 35 33 in
1248 3269 64 34 den
1330 3281 55 21 ver-

256 3332 225 35 schiedensten
495 3332 172 34 Manieren
681 3328 245 49 nachgebildet,
940 3325 196 36 verkleinert
1150 3322 69 35 und
1236 3321 148 47 gelegent-

257 3385 69 34 lich
348 3385 88 34 auch
460 3382 196 49 vergröfsert
679 3382 99 35 wird.
815 3383 62 31 Für
903 3379 64 34 den
986 3380 83 32 Text
1093 3375 73 35 sind
1187 3371 215 39 Lichtdruck,

258 3440 235 43 Kornätzung,
517 3438 211 43 Netzätzung
751 3446 35 23 u.
807 3446 28 21 a.
855 3430 127 36 direkte
1001 3427 285 46 Nachbildungen
1305 3429 74 41 mög-

258 3489 99 34 lichst
385 3502 40 21 zu
452 3486 225 36 beschränken
702 3485 69 35 und
795 3497 59 23 wo
874 3497 32 21 es
938 3483 119 33 immer
1076 3480 95 47 geht,
1190 3477 107 34 durch
1325 3484 78 38 gute

257 3542 240 46 Zeichnungen
525 3540 46 35 als
600 3539 166 47 Vorlagen
798 3536 56 35 für
881 3535 273 44 Strichätzungen
1182 3542 40 22 zu
1250 3537 153 26 ersetzen.

1483 567 62 32 Für
1563 563 87 35 diese
1669 576 40 21 zu
1728 575 136 35 sorgen,
1884 562 150 47 tüchtige
2052 560 161 35 Zeichner
2231 555 227 40 auszubilden,
2477 555 41 33 ist
2537 552 95 36 nicht

1483 630 62 21 nur
1557 614 154 49 Aufgabe
1722 614 56 35 der
1788 614 208 35 Akademien
2005 613 69 35 und
2086 613 54 34 der
2153 611 206 35 zahlreichen
2370 605 261 41 Kunstschulen,

1484 669 99 34 deren
1597 667 140 36 Reform
1756 667 117 48 gerade
1892 667 86 34 auch
1997 666 88 34 nach
2105 665 103 34 dieser
2226 662 172 47 Richtung
2417 657 215 38 anzustreben

1486 722 55 33 ist:
1569 734 31 21 es
1620 722 41 33 ist
1689 719 120 35 ebenso
1829 720 72 33 sehr
1921 718 52 34 die
1991 717 118 35 Pflicht
2128 717 57 34 der
2203 715 152 47 Verleger
2373 712 71 35 und
2467 713 164 39 Autoren,

1486 773 203 35 namentlich
1710 785 56 22 wo
1788 772 85 34 diese
1893 772 61 33 mit
1973 771 56 34 der
2046 773 106 31 Kunst
2170 769 35 33 in
2224 767 189 46 Beziehung
2431 764 125 38 stehen,
2576 761 57 36 der

1486 824 405 48 Sammlungsvorstände,
1919 823 57 34 der
2002 818 471 51 Kunstgewerbe-Anstalten
2497 828 35 22 u.
2552 828 25 23 s.
2593 813 38 41 f.,

1486 877 56 35 für
1561 879 70 33 ihre
1650 875 256 36 Publikationen
1930 875 52 34 die
2006 874 155 34 Künstler
2186 886 41 20 zu
2250 872 143 38 suchen,
2417 870 46 34 sie
2487 866 56 36 für
2568 866 65 35 den

1486 929 211 35 bestimmten
1707 927 127 37 Zweck
1848 927 214 35 auszubilden
2073 926 69 34 und
2155 926 45 33 sie
2215 922 205 37 namentlich
2431 921 85 35 auch
2525 921 36 33 in
2575 919 57 34 das

1486 981 211 35 Verständnis
1716 980 56 34 der
1785 983 120 37 Kunst,
1925 980 52 34 die
1987 980 45 33 sie
2049 976 199 37 nachbilden
2267 976 118 39 sollen,
2401 971 230 37 einzuführen.

1486 1037 41 31 Es
1547 1035 40 32 ist
1607 1046 59 22 vor
1685 1032 109 35 Allem
1813 1030 156 49 Aufgabe
1987 1031 58 34 der
2062 1031 120 34 Lehrer
2207 1028 56 35 für
2281 1028 53 35 die
2353 1025 263 47 vervielfältigen-

1488 1087 63 33 den
1578 1088 140 36 Künste,
1744 1084 69 34 ihre
1833 1083 135 35 Schüler
1994 1082 56 35 für
2074 1083 52 34 die
2146 1082 197 45 Zeichnung
2367 1079 70 35 und
2462 1077 56 35 für
2546 1077 87 34 diese

1488 1141 61 32 Art
1573 1137 56 34 der
1647 1136 274 48 Reproduktion,
1947 1135 54 34 die
2028 1136 105 33 schon
2156 1138 77 42 jetzt
2260 1131 56 36 für
2340 1131 184 35 zahlreiche
2549 1129 68 34 Illu-

1489 1188 268 36 strationswerke
1777 1188 69 34 und
1861 1186 232 37 Zeitschriften
2112 1185 202 48 angewandt
2333 1183 88 35 wird
2446 1181 69 36 und
2540 1181 94 34 noch

1490 1243 73 33 eine
1585 1241 64 35 viel
1673 1240 144 47 gröfsere
1836 1237 155 37 Zukunft
2010 1240 75 40 hat,
2105 1237 174 35 besonders
2299 1234 231 40 auszubilden,
2554 1241 80 26 statt

1490 1294 124 33 mutlos
1643 1293 62 33 den
1731 1292 253 35 mechanischen
2001 1289 183 36 Verfahren
2201 1289 57 35 das
2277 1288 74 35 Feld
2376 1300 41 22 zu
2436 1286 197 35 überlassen.

1489 1348 117 32 Wenn
1633 1345 51 34 die
1704 1345 141 46 Uebung
1868 1345 47 33 im
1940 1343 165 34 Zeichnen
2129 1342 88 34 nach
2242 1341 55 34 der
2315 1343 113 31 Natur
2451 1340 69 33 wie
2546 1338 88 34 nach

1490 1396 245 36 Kunstwerken
1770 1395 78 35 aller
1874 1397 62 33 Art
1963 1395 94 34 mehr
2088 1395 33 33 in
2152 1393 64 35 den
2243 1390 235 48 Vordergrund
2504 1388 130 49 gestellt

1490 1449 101 40 wird,
1610 1462 38 20 so
1667 1448 72 34 sind
1767 1448 51 34 die
1838 1446 302 35 Unterrichtskurse
2164 1444 56 35 für
2239 1444 53 35 die
2314 1441 320 50 reproduzierenden

1491 1503 142 38 Künste,
1662 1499 54 36 für
1740 1500 52 34 die
1817 1503 31 43 ja
1875 1508 62 25 erst
1963 1500 59 33 seit
2046 1498 136 34 kurzem
2206 1498 72 33 eine
2304 1496 104 35 Reihe
2435 1507 68 22 von
2530 1494 84 34 Lehr-

1491 1553 132 34 stühlen
1648 1552 152 35 errichtet
1824 1551 142 35 worden
1984 1550 90 39 sind,
2100 1550 204 45 keineswegs
2330 1561 36 20 so
2393 1546 146 40 nutzlos,
2566 1545 68 35 wie

1491 1605 71 34 ihre
1577 1606 161 32 Vertreter
1755 1608 74 42 jetzt
1848 1601 144 36 vielfach
2010 1601 97 36 selbst
2128 1601 195 34 annehmen.
2357 1602 97 32 Denn
2473 1597 87 35 auch
2579 1596 56 35 der

1493 1657 108 39 Stich,
1626 1656 55 34 der
1707 1655 229 39 Holzschnitt,
1962 1654 52 34 die
2038 1653 238 48 Lithographie
2295 1665 32 21 u.
2347 1665 30 21 a.
2397 1649 239 36 künstlerische

1493 1707 378 49 Reproduktionsarten,
1890 1707 104 34 denen
2013 1719 89 21 zwar
2127 1705 54 34 die
2199 1705 110 47 grofse
2328 1706 124 43 Menge
2478 1701 56 35 der
2552 1700 68 35 Illu-

1493 1761 181 33 strationen
1693 1760 105 34 durch
1816 1758 53 35 die
1887 1757 326 49 photographischen
2231 1754 288 36 Druckverfahren
2538 1751 98 36 wohl

1493 1811 144 35 dauernd
1663 1820 161 38 entzogen
1847 1811 60 39 ist,
1930 1809 109 35 haben
2065 1810 90 33 noch
2180 1809 95 33 einen
2299 1815 103 40 guten
2426 1805 114 35 Boden
2565 1804 73 35 und

1493 1865 45 32 sie
1552 1863 108 34 haben
1674 1863 93 34 darin
1780 1862 119 34 frische
1909 1862 165 34 Wurzeln
2088 1860 138 49 gefafst,
2241 1859 114 34 indem
2370 1859 45 34 sie
2429 1856 125 37 wieder
2568 1869 70 22 von

1494 1916 62 33 den
1566 1916 131 33 Malern
1711 1928 55 21 zur
1778 1914 254 35 unmittelbaren
2041 1912 223 47 Wiedergabe
2274 1911 129 47 eigener
2413 1909 225 47 Erfindungen

1499 1967 161 47 ausgeübt
1674 1966 145 35 werden.
1853 1965 82 35 Dafs
1951 1966 66 34 dies
2031 1966 35 33 in
2081 1964 180 48 gröfserem
2273 1961 170 48 Umfange
2457 1961 180 48 geschieht,

1495 2018 70 35 dafs
1581 2020 52 33 die
1644 2018 156 35 Künstler
1813 2016 81 35 früh
1907 2030 112 34 genug
2034 2016 61 35 alle
2110 2014 294 48 Schwierigkeiten
2419 2013 56 35 der
2484 2010 154 37 Technik

1495 2071 217 34 überwinden
1731 2070 123 40 lernen,
1869 2083 58 20 um
1942 2070 45 33 sie
2002 2069 85 34 auch
2100 2067 200 47 selbständig
2314 2065 54 35 für
2381 2065 62 35 den
2459 2063 180 37 Ausdruck

1495 2123 86 34 ihrer
1596 2123 258 33 künstlerischen
1867 2122 212 33 Intentionen
2097 2133 40 21 zu
2154 2118 198 36 verwenden
2368 2117 70 35 und
2457 2116 182 48 eigenartig

1497 2174 228 39 auszubildcn,
1749 2173 83 34 dazu
1857 2173 73 34 sind
1954 2176 72 43 jene
2051 2171 200 35 Lehrfächer
2275 2183 42 21 an
2342 2170 64 34 den
2429 2168 211 36 Akademien

1496 2227 68 34 und
1593 2225 248 36 Kunstschulen
1869 2224 203 35 vorhanden.
2124 2224 115 33 Durch
2273 2222 140 47 richtige
2441 2220 198 35 Erkenntnis

1498 2279 65 33 und
1584 2277 189 47 Ausübung
1801 2277 85 34 ihrer
1912 2275 153 48 Aufgabe
2085 2275 136 35 werden
2248 2274 52 34 die
2320 2274 120 34 Lehrer
2465 2285 44 22 an
2528 2272 112 34 diesen

1497 2330 174 35 Anstalten
1702 2330 64 33 den
1797 2328 314 49 reproduzierenden
2142 2330 151 31 Künsten
2324 2324 196 36 allmählich
2551 2323 90 34 auch

1498 2382 148 35 dadurch
1665 2383 70 32 eine
1755 2394 82 21 neue
1856 2380 195 46 Bedeutung
2070 2379 105 47 geben
2194 2377 153 40 können,
2374 2375 71 36 dafs
2473 2377 45 33 sie
2537 2375 104 34 ihnen

1498 2434 53 34 die
1561 2437 219 44 Ausstattung
1796 2432 78 35 aller
1887 2432 128 34 solcher
2025 2430 140 40 Werke,
2180 2430 54 34 bei
2248 2429 105 35 denen
2367 2429 52 34 die
2434 2428 208 34 Illustration

1497 2486 220 35 künstlerisch
1748 2484 218 35 Selbstzweck
1999 2484 58 39 ist,
2095 2481 345 47 wiederzugewinnen
2478 2479 159 35 trachten.

1498 2541 93 32 Dazu
1610 2539 41 33 ist
1676 2551 31 20 es
1731 2537 174 46 allerdings
1998 2536 67 34 wie
2090 2535 56 34 ich
2168 2547 64 21 nur
2256 2533 81 34 kurz
2362 2532 167 35 andeuten
2553 2530 88 40 will,

1500 2591 42 34 da
1568 2591 54 33 ich
1647 2589 63 35 auf
1732 2589 85 34 diese
1846 2588 160 46 wichtige
2024 2589 98 45 Frage
2145 2587 60 33 hin
2233 2585 93 33 nicht
2351 2585 101 33 näher
2478 2582 164 49 eingehen

1501 2642 90 34 kann
1697 2639 216 48 notwendig,
1945 2638 71 35 dafs
2050 2639 51 33 die
2133 2636 251 36 verschiedenen
2411 2639 127 31 Künste
2570 2634 72 34 ihre

1502 2698 149 31 Grenzen
1670 2693 67 35 und
1756 2693 94 33 ihren
1867 2691 225 47 eigenartigen
2111 2689 59 34 Stil
2189 2689 125 35 wieder
2333 2687 165 35 erkennen
2518 2686 124 39 lernen,

1503 2745 72 35 dafs
1606 2746 56 34 der
1693 2744 211 35 Holzschnitt
1935 2741 124 36 darauf
2089 2742 175 34 verzichtet
2296 2740 173 34 malerisch
2500 2739 70 33 sein
2601 2750 42 21 zu

1503 2798 127 35 wollen
1643 2797 70 35 und
1731 2798 35 33 in
1780 2794 219 36 Konkurrenz
2014 2794 62 33 mit
2090 2793 64 34 den
2168 2792 329 49 photographischen
2510 2789 112 36 Druck-

1502 2849 173 36 verfahren
1707 2848 80 35 oder
1820 2848 62 33 mit
1923 2846 55 34 der
2009 2846 192 46 Radierung
2232 2845 70 33 sich
2340 2857 40 21 zu
2413 2841 232 36 knechtischer

1502 2902 254 45 Nachahmung
1778 2898 267 47 herabwürdigt,
2069 2897 69 35 und
2158 2895 71 36 dafs
2252 2896 90 34 Stich
2361 2895 71 35 und
2450 2894 196 47 Radierung

1504 2954 93 35 nicht
1616 2954 93 33 mehr
1726 2953 36 32 in
1780 2949 150 49 Umfang
1948 2950 68 34 und
2036 2949 225 45 Erscheinung
2283 2949 62 33 mit
2365 2947 62 34 den
2447 2945 198 40 Gemälden,

1505 3007 52 33 die
1575 3006 45 33 sie
1639 3003 242 47 wiedergeben,
1901 3016 39 20 zu
1959 3000 185 36 wetteifern
2170 3001 132 33 suchen.
2340 2998 83 36 Dafs
2444 2997 149 36 dadurch
2612 2998 36 33 in

1505 3058 56 34 der
1584 3057 87 34 That
1695 3057 52 33 ein
1773 3055 169 47 günstiger
1965 3052 118 48 Erfolg
2108 3050 246 49 herbeigeführt
2382 3051 136 34 werden
2542 3049 105 40 kann,

1505 3110 165 34 beweisen
1684 3108 53 34 die
1751 3108 200 46 Leistungen
1970 3107 34 32 in
2019 3105 184 39 München,
2217 3104 137 34 seitdem
2369 3103 53 34 die
2433 3104 144 45 Leitung
2591 3101 59 34 der

1505 3160 226 36 Radierklasse
1749 3161 35 32 in
1803 3158 52 34 die
1874 3157 119 35 Hände
2012 3170 67 22 von
2094 3159 91 32 Peter
2199 3155 103 34 Halm
2321 3155 254 47 übergegangen
2595 3154 53 35 ist.

1505 3214 82 34 Wie
1605 3212 104 35 Halm
1734 3211 51 34 die
1808 3210 242 47 Bestrebungen
2074 3209 54 34 des
2152 3211 68 32 Pan
2242 3208 86 33 nach
2354 3207 103 34 dieser
2476 3208 174 45 Richtung

1507 3265 104 34 durch
1629 3265 88 34 seine
1735 3262 243 47 Radierungen,
1994 3260 172 48 Originale
2185 3260 67 35 wie
2266 3259 294 47 Nachbildungen,
2579 3258 71 34 und

1507 3317 103 34 durch
1637 3317 87 33 seine
1751 3313 245 36 meisterhaften
2023 3313 239 46 Zeichnungen
2288 3312 87 34 nach
2401 3310 250 36 Kunstwerken

1508 3369 78 35 aller
1597 3370 70 37 Art,
1683 3368 107 33 denen
1805 3380 31 20 er
1850 3366 120 34 ebenso
1985 3365 63 35 viel
2057 3364 214 35 Verständnis
2285 3365 67 33 wie
2368 3364 140 48 positive
2523 3366 108 32 Kennt-

1508 3422 84 33 nisse
1618 3419 287 48 entgegenbringt,
1929 3419 36 32 in
1988 3415 161 49 eifrigster
2180 3416 70 34 und
2273 3415 237 49 glücklichster
2534 3416 119 34 Weise

1509 3472 166 49 gefördert
1695 3473 68 38 hat,
1778 3472 40 33 ist
1834 3471 84 34 allen
1934 3473 116 31 Lesern
2069 3469 54 34 des
2142 3471 68 32 Pan
2228 3469 35 33 in
2282 3467 138 35 frischer
2434 3468 219 48 Erinnerung.

2316 3523 176 32 Wilhelm
2511 3523 90 32 Bode
