3668 4572
1360 3843 211 44 153

959 2061 478 63 THEODOR
1490 2059 454 65 FONTANE

684 2271 41 32 LS
751 2269 55 33 ich
827 2267 55 34 ihn
913 2268 56 33 das
994 2267 95 34 letzte
1115 2267 72 34 Mal
1215 2268 74 39 sah,
1315 2276 89 25 etwa

692 2322 84 33 zwei
802 2323 139 31 Monate
966 2333 61 22 vor
1050 2321 125 33 seinem
1194 2320 111 40 Tode,
1332 2333 72 21 war

694 2374 56 33 das
784 2374 118 33 mitten
939 2373 48 33 im
1023 2373 162 33 tosenden
1218 2375 98 31 Lärm
1349 2373 57 33 der

693 2425 196 40 Weltstadt,
901 2426 68 34 und
981 2425 89 35 doch
1081 2427 53 32 ein
1146 2427 114 45 wenig
1272 2425 132 34 abseits:

694 2480 34 32 in
747 2479 57 33 der
823 2477 374 49 Königgrätzerstrafse,
1217 2491 84 33 ganz
1320 2478 85 33 nahe

694 2531 89 34 beim
812 2531 191 34 Potsdamer
1031 2531 97 35 Platz.
1176 2534 52 30 Da
1255 2529 94 35 stand
1375 2543 32 20 er

694 2597 61 22 vor
771 2585 75 32 dem
857 2583 253 42 Pallast-Hotel,
1122 2583 63 34 den
1199 2583 209 47 blaugrünen

245 2641 226 34 schottischen
486 2639 116 35 Shawl
621 2639 113 33 locker
754 2650 60 20 um
834 2635 52 35 die
901 2637 187 39 Schultern,
1103 2635 96 35 stand
1220 2635 97 35 allein
1338 2635 70 33 und

246 2693 124 35 blickte
388 2692 80 34 halb
488 2691 81 35 über
589 2691 55 34 das
666 2689 150 37 Gewühl
834 2689 158 47 hinweg,
1012 2689 94 34 mehr
1124 2689 36 33 in
1180 2689 56 33 der
1256 2688 153 47 Stellung

247 2747 86 33 eines
355 2744 238 36 Lauschenden
614 2743 45 34 als
681 2743 86 34 eines
788 2741 226 35 Schauenden.
1070 2743 72 33 Fast
1162 2740 173 35 erschrack
1354 2740 55 34 ich

246 2799 53 33 ein
320 2798 127 47 wenig,
469 2797 45 34 als
534 2797 55 33 ich
608 2797 59 33 ihn
687 2795 72 34 sah:
786 2808 37 20 so
844 2794 45 34 alt
908 2795 114 33 schien
1041 2807 33 21 er
1094 2795 62 33 mir
1176 2793 160 49 plötzlich
1351 2806 39 34 ge-

246 2851 159 40 worden,
427 2863 36 21 so
483 2850 86 34 nahe
588 2849 77 33 dem
685 2844 136 37 Verfall.
860 2846 88 35 Aber
967 2846 155 35 dennoch
1142 2846 55 47 lag
1222 2855 104 26 etwas
1347 2858 42 21 un-

249 2904 131 47 gemein
399 2902 238 47 Ehrwürdiges
665 2902 34 32 in
724 2900 54 33 der
802 2912 126 34 ganzen
948 2900 238 46 Erscheinung.
1231 2901 42 31 Er
1297 2898 114 34 schien

250 2956 106 46 völlig
375 2955 36 34 in
429 2956 123 33 Sinnen
571 2954 167 40 verloren,
766 2952 139 34 beinahe
926 2952 55 34 der
999 2952 98 34 Welt
1116 2952 107 33 schon
1243 2950 166 35 entrückt.

251 3011 112 33 Etwas
384 3009 67 33 wie
471 3008 53 33 ein
543 3006 190 35 kindliches
760 3004 114 48 seliges
895 3008 163 36 Staunen,
1084 3004 67 35 wie
1170 3002 239 37 dankesfrohes

251 3059 237 49 Mitgeniefsen
502 3060 55 47 lag
573 3058 62 36 auf
646 3060 112 33 seinen
771 3058 268 47 Gesichtszügen,
1056 3058 35 33 in
1105 3056 106 35 denen
1227 3056 52 34 die
1291 3058 120 45 Augen

253 3115 97 33 einen
363 3114 147 47 eigenen,
522 3112 182 48 gleichsam
719 3110 186 35 verklärten
917 3110 104 34 Glanz
1032 3110 127 35 hatten.
1180 3111 85 32 Was
1277 3109 136 33 mochte

253 3168 34 33 in
307 3167 73 33 ihm
393 3166 171 47 Vorgehen
583 3166 35 33 in
638 3164 102 34 dieser
755 3164 153 33 Minute?
941 3164 65 33 Sah
1026 3176 32 20 er
1079 3164 90 33 noch
1185 3161 124 35 einmal
1324 3160 89 35 Alles

251 3220 34 33 in
305 3219 87 39 sich,
413 3218 55 35 das
489 3231 33 22 er
541 3231 37 21 so
598 3226 60 39 gut
679 3217 124 34 kannte
822 3216 70 33 und
919 3229 36 20 so
976 3224 72 25 treu
1073 3215 117 34 liebte?
1227 3216 132 44 Wogte
1379 3214 36 32 in

252 3272 72 34 ihm
353 3272 53 33 ein
432 3269 295 48 Erinnerungsbild
756 3282 42 21 an
825 3272 73 43 jene
926 3269 134 38 Zeiten,
1087 3268 51 33 die
1168 3281 32 20 er
1227 3264 187 50 gleichfalls

253 3324 124 35 kannte
397 3323 68 34 und
484 3322 166 35 miterlebt
675 3323 109 38 hatte,
809 3335 59 21 wo
889 3321 102 34 dieses
1012 3320 91 35 Alles
1128 3333 36 21 so
1192 3333 83 33 ganz
1301 3317 114 35 anders

253 3390 83 28 war,
365 3389 39 21 so
432 3375 371 49 vorortlich-primitiv,
837 3375 61 33 mit
926 3373 141 48 simplen
1095 3372 224 47 Volksgärten
1346 3370 70 34 und

254 3429 180 47 bedächtig
453 3426 362 50 vorüberrumpelnden
835 3430 187 35 Kremsern,
1042 3426 63 33 mit
1126 3425 71 34 sich
1221 3422 196 36 dehnenden

253 3480 234 37 Blachfeldern
502 3481 69 35 und
589 3479 70 36 fern
680 3479 227 47 aufragenden
924 3477 289 36 Fabrikschloten?
1246 3476 170 34 Gedachte

254 3547 34 22 er
317 3535 111 47 längst
451 3533 158 36 verlebter
634 3533 149 35 Stunden
808 3533 61 33 mit
896 3530 184 41 Freunden,
1106 3529 215 35 witzreichen
1345 3526 71 35 und

254 3587 296 40 schwärmenden,
578 3587 52 33 die
648 3599 69 21 nun
737 3585 116 34 bereits
873 3585 53 33 die
945 3584 83 34 Erde
1048 3582 135 35 deckte?
1229 3578 188 37 Schwanke

255 3641 147 33 Träume
423 3640 155 34 schienen
602 3639 59 34 ihn
685 3639 77 34 leise
787 3651 40 21 zu
848 3636 161 48 bewegen
1030 3663 7 7 .
1060 3662 7 8 .
1089 3662 7 7 .
1126 3634 74 34 Still
1219 3632 119 35 wollte
1362 3632 55 33 ich

1510 2266 260 47 vorübergehen.
1817 2268 51 31 Da
1891 2263 71 35 traf
1981 2264 91 34 mich
2095 2264 66 33 sein
2188 2261 105 37 Blick.
2340 2261 152 49 Anfangs
2518 2263 67 34 wie
2612 2261 55 35 der

1512 2319 85 34 eines
1616 2317 263 40 Unbekannten,
1904 2317 88 34 dann
2016 2315 70 35 sich
2105 2314 190 36 freundlich
2323 2314 165 34 erhellend
2517 2328 40 21 zu
2580 2315 70 34 leut-

1512 2371 136 47 seligem
1668 2369 114 36 Grufs.
1818 2369 79 35 Und
1917 2369 89 33 doch
2026 2369 84 33 auch
2131 2369 67 33 dies
2214 2368 67 34 wie
2297 2367 273 35 traumverloren.
2608 2368 59 34 Ich

1512 2423 110 35 fühlte
1642 2423 90 34 mich
1752 2422 131 34 seltsam
1904 2421 142 47 bewegt.
2084 2421 109 33 Rasch
2213 2421 115 33 schritt
2352 2420 54 34 ich
2426 2420 158 41 vorüber,
2605 2419 42 35 ob-

1514 2476 109 47 gleich
1651 2475 54 35 ich
1734 2488 53 21 am
1816 2474 136 34 liebsten
1977 2472 63 35 auf
2062 2474 58 33 ihn
2144 2472 143 48 zugeeilt
2311 2475 90 31 wäre
2427 2472 68 35 und
2520 2473 74 33 ihm
2614 2472 55 34 die

1513 2528 121 35 Hände
1648 2526 134 49 geküfst
1801 2527 101 34 hätte.
1937 2527 85 33 Aber
2041 2526 55 33 ich
2111 2524 128 35 konnte
2258 2525 104 34 nicht.
2391 2525 82 34 Wie
2493 2526 52 33 ein
2560 2524 109 35 Frevel

1514 2585 91 31 wäre
1622 2581 63 33 mir
1700 2593 31 21 es
1747 2580 199 39 erschienen,
1959 2578 101 35 dieses
2071 2576 160 36 webende
2245 2578 111 33 innere
2366 2576 109 35 Leben
2490 2590 40 21 zu
2545 2582 123 29 stören.

1515 2632 129 37 Gewifs
1665 2646 72 21 war
1763 2632 55 34 ich
1843 2644 63 21 nur
1930 2632 66 33 wie
2024 2632 73 32 eine
2122 2630 228 47 Erscheinung
2378 2642 41 21 an
2439 2629 72 34 ihm
2537 2629 114 36 vorbei-

1516 2686 170 48 geglitten.
1724 2684 120 35 Gleich
1872 2682 125 36 darauf
2016 2682 175 47 bewegten
2218 2682 60 34 ihn
2304 2681 125 35 wieder
2463 2681 108 35 Bilder
2599 2682 70 34 und

1515 2742 161 36 Träume,
1703 2737 291 46 Gegenwärtiges,
2020 2738 229 44 Vergangenes
2270 2761 37 8 ..
2328 2761 7 7 .
2356 2733 226 48 Zukünftiges
2603 2761 7 8 .
2632 2761 8 8 .
2662 2761 7 8 .

1595 2789 225 36 Wunderlich
1853 2801 112 34 genug
1996 2796 92 38 ragte
2122 2787 55 33 der
2202 2787 64 33 alte
2285 2786 160 34 Theodor
2469 2789 148 33 Fontane
2635 2787 35 34 in

1519 2856 116 21 unsere
1657 2846 102 43 junge
1778 2842 72 33 Zeit
1864 2840 153 35 hinüber.
2064 2841 51 33 Sie
2129 2839 122 35 mufste
2271 2839 73 34 ihm
2362 2839 34 34 in
2418 2839 130 34 Vielem
2563 2839 108 48 völlig

1518 2895 109 35 fremd
1646 2896 80 39 sein,
1765 2893 79 36 weil
1869 2894 45 33 sie
1940 2906 42 21 an
2004 2893 164 33 manchen
2189 2891 280 48 Empfindungen,
2509 2891 52 35 die
2598 2891 72 34 ihm

1518 2948 172 34 zeitlebens
1717 2955 91 25 teuer
1845 2945 143 40 blieben,
2027 2944 70 34 kalt
2133 2944 70 34 und
2234 2943 176 35 keuchend
2429 2943 238 37 vorüberraste.

1519 3001 76 34 Und
1616 2999 155 35 dennoch
1791 2999 100 33 dieses
1911 2998 190 46 mitthätige
2133 2996 243 35 interessevolle
2405 2997 171 47 Eingehen
2610 2995 64 36 auf

1518 3065 117 23 unsere
1647 3053 83 38 Zeit,
1756 3050 85 35 diese
1851 3050 239 34 immerwache
2100 3049 273 47 Poetenneugier,
2393 3049 104 34 dieser
2508 3049 140 35 wunder-

1520 3105 88 35 volle
1624 3103 255 47 Poetenglaube.
1937 3103 97 40 „Eine
2050 3115 83 20 neue
2149 3103 73 33 Zeit
2237 3101 108 35 bricht
2361 3115 51 21 an.
2459 3102 58 33 Ich
2537 3101 133 47 glaube,

1521 3159 71 33 eine
1611 3157 122 35 bessere
1751 3155 70 35 und
1853 3156 73 33 eine
1953 3154 255 48 glücklichere“,
2241 3153 127 35 schrieb
2388 3154 57 34 der
2464 3154 187 35 Siebenund-

1521 3209 247 47 siebzigjährige
1783 3208 35 34 in
1833 3208 123 33 seinem
1971 3207 118 34 letzten
2106 3208 103 38 Buch,
2230 3206 74 35 dem
2324 3207 88 34 nach
2431 3208 126 33 seinem
2575 3208 96 33 Tode

1522 3260 290 38 veröffentlichten
1831 3263 133 31 Roman
1989 3263 92 37 „Der
2100 3259 156 36 Stechlin.
2261 3265 21 14 cc
2336 3258 81 35 Und
2436 3260 236 40 ebendaselbst,

1523 3329 58 21 wo
1601 3328 36 20 so
1659 3312 97 36 vieles
1775 3312 97 40 steht,
1893 3312 55 34 das
1964 3312 184 47 gleichsam
2173 3312 63 33 den
2261 3314 76 31 Ton
2360 3313 87 33 eines
2473 3313 177 34 Vermächt-

1523 3368 97 34 nisses
1652 3368 75 33 hat:
1756 3366 82 40 „Ich
1870 3364 197 49 respektiere
2086 3364 56 35 das
2163 3364 185 47 Gegebene.
2406 3364 159 35 Daneben
2598 3364 75 35 aber

1523 3419 132 35 freilich
1679 3418 87 34 auch
1799 3417 56 34 das
1877 3416 202 35 Werdende.
2135 3420 99 31 Denn
2255 3417 80 34 eben
2358 3416 99 35 dieses
2478 3417 196 35 Werdende

1523 3472 88 35 wird
1628 3471 79 34 über
1721 3470 82 34 kurz
1818 3470 80 33 oder
1917 3469 78 48 lang
2015 3469 160 35 abermals
2194 3470 54 33 ein
2262 3469 191 48 Gegebenes
2473 3471 80 34 sein.
2584 3470 89 35 Alles

1524 3524 88 40 Alte,
1632 3524 122 34 soweit
1773 3536 31 20 es
1824 3524 177 46 Anspruch
2020 3521 125 36 darauf
2158 3523 71 39 hat,
2249 3523 107 34 sollen
2375 3523 65 34 wir
2459 3523 119 41 lieben,
2599 3523 77 35 aber

1525 3575 55 35 für
1600 3577 55 33 das
1676 3578 97 32 Neue
1792 3575 105 34 sollen
1916 3576 66 33 wir
2001 3575 90 35 recht
2120 3575 180 47 eigentlich
2332 3574 106 36 leben.
2442 3582 23 14 cc
2519 3577 79 34 Und
2636 3590 38 21 so

1526 3630 56 34 hat
1611 3641 32 21 er
1667 3641 31 21 es
1726 3627 164 49 gehalten.
1945 3628 52 33 Bis
2017 3641 76 21 zum
2117 3628 118 34 letzten
2255 3630 167 47 Atemzug
2449 3629 57 35 hat
2530 3643 33 20 er
2582 3630 94 35 nicht

902 1768 291 15 LUMPENSAMMLERINNEN

655 1769 64 15 HANS
735 1769 150 18 BALUSCHEK
