3701 4572
2195 3846 211 42 154

1110 519 192 48 aufgehört,
1330 519 56 33 das
1412 516 213 46 ehrwürdige
1646 515 76 34 Alte
1742 527 39 21 zu
1801 513 119 35 lieben.
1976 513 87 35 Aber
2081 517 30 43 je
2132 513 81 34 älter
2229 527 32 20 er

1109 572 104 34 selber
1236 571 130 39 wurde,
1386 583 59 21 um
1465 582 37 21 so
1522 567 185 35 beflissener
1725 567 104 45 zeigte
1849 579 33 21 er
1901 566 82 40 sich,
2004 564 55 35 für
2074 566 56 34 das
2150 567 111 39 Neue,

1110 625 56 33 das
1187 623 193 35 Werdende
1400 634 40 22 zu
1459 621 106 34 leben.
1621 620 76 32 Sein
1716 621 87 31 Herz
1821 632 74 20 war
1919 619 34 32 in
1983 618 118 34 beiden
2120 621 141 44 Lagern,

1109 678 89 33 ohne
1219 675 71 35 dafs
1312 688 32 21 er
1364 687 29 21 es
1413 686 39 22 zu
1473 673 98 33 teilen
1591 672 171 33 brauchte.
1818 673 77 32 Nur
1923 670 56 34 das
1999 673 128 45 Tempo
2157 670 104 35 seines

1110 729 176 47 Schlagens
1306 740 73 22 war
1407 724 223 39 verschieden,
1663 723 76 34 dort
1759 722 165 47 langsam,
1959 724 113 46 ruhig,
2105 722 156 48 behäbig,

1109 780 129 35 drüben
1257 780 125 46 hurtig,
1403 776 223 36 teilnehmend
1642 775 70 34 und
1729 774 66 35 fast
1810 775 220 48 ungeduldig.
2086 778 41 31 Er
2142 776 121 34 wollte

1108 847 37 20 so
1174 832 99 34 vieles
1294 832 90 33 noch
1404 829 140 40 erleben,
1565 829 58 33 ehe
1644 841 31 20 es
1695 841 78 21 zum
1792 828 135 34 Sterben
1959 827 163 35 kommen
2151 828 109 36 sollte.

1108 888 42 31 So
1171 884 154 35 manches
1353 884 34 33 in
1408 882 56 34 der
1482 880 135 36 Familie
1646 880 70 35 und
1736 894 37 20 so
1799 881 156 34 manches
1984 881 91 34 noch
2105 880 157 36 draufsen

1106 939 34 32 in
1161 938 56 33 der
1236 936 107 35 Welt.
1398 935 93 40 „Mit
1501 931 170 37 Bismarck
1759 946 71 21 was
1844 933 87 34 wird
1952 933 57 34 das
2028 935 91 34 noch
2138 934 122 47 geben?

1106 992 68 32 Das
1189 989 62 34 mit
1266 987 179 41 Bismarck,
1465 987 57 33 das
1537 986 127 34 möcht’
1679 986 55 34 ich
1753 986 91 34 noch
1860 985 140 35 erleben.
2006 992 21 15 cc
2055 987 79 34 Und
2154 987 46 34 als
2217 987 44 34 ob

1106 1042 56 34 das
1179 1040 170 35 Schicksal
1378 1040 71 33 ihm
1477 1038 119 48 gerade
1630 1038 110 34 diesen
1759 1039 159 33 Wunsch
1947 1053 80 33 gern
2051 1040 89 34 noch
2169 1040 92 34 hätte

1106 1092 142 36 erfüllen
1276 1092 139 44 wollen,
1444 1089 73 36 liefs
1546 1104 31 20 es
1609 1092 59 33 ihn
1698 1091 82 40 „das
1800 1092 63 33 mit
1882 1092 197 34 Bismarck“
2107 1093 90 34 noch
2214 1092 47 35 bis

1104 1160 40 21 zu
1164 1145 91 35 Ende
1285 1145 210 39 miterleben,
1524 1143 71 35 und
1623 1145 58 33 hat
1710 1157 31 20 es
1769 1144 35 34 in
1833 1145 246 47 vorsorglicher
2104 1145 100 35 Liebe
2223 1160 37 20 so

1105 1196 128 50 gefügt,
1259 1197 72 35 dafs
1351 1197 56 34 das
1432 1197 96 34 letzte
1548 1196 92 41 Lied,
1661 1196 56 35 das
1738 1209 34 21 er
1790 1210 63 21 uns
1873 1211 93 34 sang,
1985 1201 75 43 jene
2079 1197 165 49 ergreifen-

1107 1251 64 34 den
1199 1253 98 31 Verse
1316 1249 86 40 sind,
1430 1249 35 33 in
1485 1249 105 35 denen
1611 1263 31 20 er
1665 1263 63 20 uns
1748 1250 111 44 ~nach
1886 1250 210 35 dreitausend
2115 1252 146 44 Jahren“

1104 1303 64 35 den
1193 1302 384 49 epheuübersponnenen
1602 1303 237 34 Sachsenwald
1864 1303 46 34 als
1938 1303 56 35 das
2020 1304 160 35 Grabmal
2206 1305 54 34 des

1103 1355 215 48 Gewaltigen
1338 1355 97 47 zeigt,
1454 1355 35 34 in
1505 1354 76 34 dem
1595 1355 52 33 die
1667 1355 168 35 lärmende
1855 1355 121 35 Freude
1994 1361 109 44 später
2117 1357 144 41 Waller,

1103 1421 67 22 von
1190 1409 167 33 Schauern
1377 1408 190 47 angeweht,
1582 1407 146 49 jählings
1748 1417 206 26 verstummt.

1181 1460 226 35 Dreihundert
1425 1461 95 44 Jahre
1539 1460 274 35 zurückschauen
1839 1461 69 34 und
1936 1461 211 36 dreitausend
2165 1463 95 44 Jahre

1101 1517 177 36 vorwärts,
1302 1514 55 33 das
1373 1527 74 21 war
1466 1526 37 21 so
1523 1514 91 34 recht
1634 1528 71 20 was
1735 1512 55 36 für
1820 1515 63 33 den
1899 1515 110 35 Alten.
2065 1516 118 34 Damit
2204 1515 38 35 be-

1101 1568 130 33 währte
1258 1578 33 23 er
1324 1567 88 34 seine
1445 1565 167 36 köstliche
1644 1565 214 50 Spannkraft.
1913 1568 79 34 Und
2021 1569 120 33 immer
2169 1569 91 33 noch

1101 1620 64 33 den
1198 1619 149 34 leisesten
1381 1618 192 49 Pulsschlag
1610 1620 57 34 der
1699 1623 206 44 Gegenwart
1943 1621 150 34 daneben
2121 1619 137 37 fühlen:

1102 1672 68 35 wie
1202 1672 68 34 nah
1299 1671 135 35 brachte
1464 1672 60 34 ihn
1556 1672 56 34 das
1635 1672 86 34 allen
1741 1675 141 45 Jungen,
1917 1674 87 34 allen
2025 1674 233 35 Werdenden!

1101 1727 115 32 Kaum
1244 1723 105 36 kennt
1374 1724 52 35 die
1447 1726 201 33 Geschichte
1678 1726 53 33 ein
1757 1726 134 34 anderes
1911 1726 156 48 Beispiel,
2100 1726 71 35 dafs
2205 1728 53 33 ein

1101 1776 93 35 Alter
1214 1790 69 22 von
1304 1778 88 33 einer
1412 1777 79 35 aller
1509 1778 237 34 Umstürzlerei
1780 1778 222 49 bezichtigten
2034 1780 128 47 Jugend
2196 1781 64 34 mit

1099 1829 152 35 solchem
1287 1831 256 34 Enthusiasmus
1581 1829 64 36 auf
1686 1830 63 35 den
1793 1831 114 34 Schild
1939 1832 152 47 gehoben
2127 1834 131 40 wurde,

1099 1884 67 33 wie
1186 1884 34 33 in
1241 1896 140 21 unseren
1401 1885 112 46 Tagen
1536 1883 57 34 der
1613 1883 66 34 alte
1698 1886 158 33 Fontane.
1913 1885 58 34 Als
1987 1885 65 35 wir
2072 1886 47 33 im
2136 1888 123 42 Januar

1106 1949 9 21 i
1130 1936 71 45 Bpo
1230 1949 56 21 zur
1319 1936 87 34 Feier
1433 1938 103 33 seines
1569 1936 193 48 siebzigsten
1783 1937 236 48 Geburtstages
2047 1939 212 34 versammelt

1100 2002 132 27 waren,
1273 1988 79 35 kam
1386 1989 56 34 das
1475 1990 63 33 mit
1575 1989 159 47 geradezu
1773 1989 214 36 elementarer
2022 1992 121 33 Macht
2180 2004 78 22 zum

1099 2041 192 35 Ausdruck.
1329 2041 89 35 Alles
1435 2055 71 21 war
1521 2041 126 35 darauf
1657 2043 164 47 angelegt,
1841 2056 37 21 so
1899 2044 92 34 recht
2011 2044 71 33 eine
2101 2044 156 48 würdige

1098 2095 88 33 Feier
1207 2095 46 33 im
1287 2094 249 35 traditionellen
1566 2095 60 33 Stil
1647 2109 40 21 zu
1706 2095 147 36 werden.
1908 2097 62 33 Ein
1990 2098 156 33 Minister
2165 2098 91 33 hatte

1098 2147 219 48 gesprochen,
1338 2148 62 33 mit
1419 2150 138 32 Humor
1576 2148 69 34 und
1666 2149 238 40 Bonhommie,
1931 2150 68 33 und
2021 2149 53 34 die
2089 2150 149 47 Altersge-

1096 2213 122 21 nossen
1237 2202 161 32 Fontanes
1418 2200 118 34 hatten
1555 2201 71 33 sich
1645 2201 35 33 in
1700 2204 80 31 Vers
1804 2202 71 34 und
1896 2204 100 32 Prosa
2029 2216 58 34 gar
2119 2203 137 34 lieblich

1096 2265 176 35 ergangen,
1292 2265 60 23 um
1367 2253 65 34 den
1442 2253 125 45 Jubilar
1581 2254 35 33 in
1626 2253 199 35 Ehrbarkeit
1839 2253 55 35 für
1909 2255 71 34 sich
1996 2256 258 35 einzuheimsen.

1096 2308 40 32 Es
1160 2318 74 21 war
1253 2307 73 32 eine
1345 2304 186 41 friedliche,
1566 2307 186 47 gesättigte,
1782 2307 140 48 mollige
1943 2309 203 47 Stimmung.
2202 2312 53 31 Da

1097 2358 160 48 plötzlich
1281 2358 103 34 erhob
1421 2359 84 40 sich,
1537 2372 82 34 ganz
1639 2359 386 49 unprogrammgemäfs,
2062 2364 97 32 Ernst
2187 2375 67 21 von

1094 2411 209 47 Wolzogen,
1324 2411 120 47 schlug
1453 2411 68 35 hell
1534 2411 69 35 und
1625 2412 128 34 tönend
1773 2426 56 20 ans
1842 2414 80 34 Glas
1938 2413 68 34 und
2023 2413 131 48 begann
2169 2413 91 40 „auf

1094 2464 115 47 eigene
1224 2462 151 37 Gefahr“
1395 2465 53 33 ein
1467 2467 102 32 Poem
1590 2465 205 40 vorzulesen,
1816 2465 56 35 das
1893 2466 77 34 dem
1990 2466 90 34 alten
2100 2470 153 45 Kämpen

1096 2516 64 35 den
1179 2516 127 41 „Dank
1318 2517 56 34 der
1381 2517 155 47 Jugend“
1552 2517 146 35 brachte.
1732 2518 79 34 Und
1827 2518 95 34 solch
1938 2517 169 37 fröhliche
2118 2521 135 33 Wucht

1094 2569 87 47 legte
1191 2569 197 48 Wolzogen
1397 2571 36 33 in
1444 2571 102 39 seine
1546 2571 143 39 Stimme,
1707 2570 71 34 dafs
1790 2571 53 34 die
1854 2572 399 47 hinausgeschmetterten

1092 2625 99 31 Verse
1212 2623 68 34 wie
1299 2623 54 34 ein
1372 2624 135 34 wahrer
1526 2624 258 47 Siegeshymnus
1816 2623 182 49 erklangen
2088 2625 71 34 und
2189 2627 62 33 mit

1094 2676 109 33 einem
1218 2675 73 35 Mal
1303 2675 102 34 brach
1421 2676 52 33 ein
1484 2675 95 45 Jubel
1593 2676 64 40 los,
1678 2690 37 20 so
1726 2676 222 49 hellstimmig
1967 2678 68 34 und
2054 2678 197 47 jugendlich

1095 2728 190 40 dröhnend,
1305 2728 45 35 als
1372 2729 46 33 sei
1437 2730 73 33 eine
1529 2730 144 33 Schanze
1693 2734 156 30 erstürmt
1869 2731 69 34 und
1960 2731 71 34 eine
2042 2744 87 21 neue
2143 2731 108 35 Fahne

1094 2779 186 49 aufgehifst
1300 2781 155 34 worden.
1510 2784 146 32 Bestürzt
1676 2781 150 36 blickten
1846 2783 70 34 sich
1936 2783 54 34 die
2009 2783 125 35 älteren
2149 2786 83 32 Herr-

1094 2832 151 35 schaften
1261 2835 208 46 gegenseitig
1489 2847 54 27 an,
1564 2834 202 36 schüttelten
1786 2835 245 48 mifsbilligend
2052 2837 53 34 die
2126 2835 124 50 Köpfe,

1092 2886 256 35 verschränkten
1367 2888 124 47 trotzig
1509 2886 53 35 die
1583 2891 100 30 Arme
1772 2887 76 36 aber
1868 2902 31 21 es
1919 2903 73 21 war
2023 2902 72 21 nun
2127 2890 125 35 einmal

1093 2939 200 47 geschehen!
1322 2942 146 32 Fontane
1489 2941 68 33 und
1578 2940 197 48 Wolzogen
1797 2940 100 35 eilten
1921 2940 66 36 auf
2009 2942 158 35 einander
2199 2956 51 26 zu,

1092 2992 69 33 und
1182 2992 55 34 ich
1257 2992 135 47 glaube,
1427 2993 45 33 sie
1500 2992 99 49 lagen
1631 2994 71 34 sich
1736 2994 35 33 in
1795 2994 64 34 den
1878 2996 136 33 Armen.
2070 2996 63 33 Ein
2157 2995 94 44 Jeder

1094 3044 75 34 aber
1184 3045 127 34 wufste
1325 3048 87 45 jetzt,
1428 3046 87 34 auch
1529 3046 57 33 der
1597 3046 338 40 Widerstrebendste,
1952 3046 71 35 dafs
2039 3048 57 34 der
2106 3047 127 48 Siebzig-

1090 3097 128 47 jährige
1243 3098 70 34 und
1339 3098 54 34 die
1412 3099 170 34 zwischen
1601 3100 164 46 Zwanzig
1780 3100 69 34 und
1869 3099 150 48 Dreifsig
2038 3114 68 21 von
2126 3101 125 34 diesem

1092 3152 159 32 Moment
1278 3163 42 22 an
1352 3151 70 34 eine
1442 3153 61 32 Art
1527 3151 325 35 Blutsbrüderschaft
1879 3153 213 47 geschlossen
2124 3154 126 35 hatten.

1170 3204 53 33 An
1237 3205 108 44 jenem
1360 3206 92 45 Tage
1466 3204 167 35 leuchtete
1649 3205 56 33 der
1715 3208 112 31 Name
1848 3208 159 37 ,Fontane
2010 3213 10 13 c
2039 3207 35 33 in
2093 3206 157 35 hellerem

1092 3255 106 34 Glanz
1214 3254 63 36 auf
1287 3255 46 35 als
1348 3256 112 46 jemals
1475 3270 112 22 zuvor.
1617 3257 79 34 Und
1715 3257 104 35 dieser
1828 3259 107 34 Glanz
1951 3260 41 32 ist
2006 3259 139 34 seitdem
2155 3259 96 34 nicht

1092 3307 194 35 schwächer
1301 3309 193 47 geworden.
1550 3313 43 31 Er
1606 3309 59 35 hat
1679 3310 71 34 sich
1766 3312 48 32 im
1829 3311 174 47 Gegenteil
2018 3313 91 33 noch
2126 3312 125 35 reicher

1091 3359 132 35 vertieft
1260 3361 70 34 und
1367 3362 185 48 vergoldet.
1614 3366 66 31 Der
1717 3363 253 49 merkwürdige
2006 3364 141 41 Anlauf,
2185 3366 65 34 den

1092 3414 147 32 Fontane
1250 3414 34 33 in
1296 3413 62 35 den
1374 3415 165 47 sechziger
1552 3416 117 44 Jahren
1686 3417 102 33 seines
1804 3417 136 40 Lebens,
1957 3431 54 21 am
2027 3417 222 35 deutlichsten

1093 3465 62 33 mit
1174 3467 197 46 „Irrungen,
1386 3468 250 48 Wirrungen“,
1656 3482 204 34 genommen
1880 3471 104 40 hatte,
2001 3484 34 20 er
2054 3469 112 36 führte
2187 3479 62 26 erst

1092 3517 37 33 in
1147 3516 63 35 den
1233 3518 157 48 siebziger
1405 3521 132 43 Jahren,
1559 3521 61 34 mit
1639 3524 107 37 „Frau
1766 3525 106 43 Jenny
1893 3523 156 35 Treibei“
2068 3523 72 35 und
2159 3523 90 42 „Effi

1092 3569 125 34 Briest“
1236 3571 69 34 und
1326 3585 52 21 am
1398 3572 333 47 geheimnisvollsten
1758 3575 64 34 mit
1851 3575 77 34 dem
1947 3576 215 41 „Stechlin“,
2190 3575 64 36 auf

1094 3620 52 35 die
1157 3622 88 35 volle
1257 3621 229 39 Sonnenhöhe
1506 3627 103 33 seiner
1622 3630 112 32 Kunst
1752 3627 133 37 hinauf.
1916 3629 161 35 Welcher
2091 3629 159 35 Wunder

2369 512 294 35 wundersamstes!
2693 515 38 31 In
2749 513 62 33 den
2820 514 130 43 Jahren,
2968 513 41 35 da
3023 527 32 21 er
3070 515 86 34 nach
3172 515 78 34 dem
3264 516 263 46 gewöhnlichen

2369 564 92 35 Lauf
2480 565 56 34 der
2557 566 106 46 Dinge
2689 566 54 33 ein
2769 566 233 34 verbrauchter
3022 569 108 32 Mann
3157 569 91 33 hätte
3281 569 69 33 sein
3384 574 143 36 müssen,

2369 617 117 34 rückte
2503 631 32 20 er
2554 618 161 48 plötzlich
2735 619 36 33 in
2791 618 53 34 die
2876 619 168 35 vorderste
3063 619 106 40 Linie,
3197 620 229 48 thatenlustig,
3464 621 63 36 fast

2368 669 198 49 rauflustig,
2592 672 61 33 mit
2682 671 187 35 stählernen
2885 671 159 35 Muskeln
3064 672 71 34 und
3149 675 149 33 Nerven.
3354 675 173 34 Während

2369 724 82 33 weit
2469 726 140 45 Jüngere
2635 723 47 35 als
2703 737 32 20 er
2750 724 89 48 rings
2862 724 213 41 erbleichten,
3096 725 82 34 oder
3197 726 105 35 durch
3335 727 192 47 zappelndes

2369 775 362 36 Mitkommenwollen
2773 778 71 33 und
2879 778 198 47 honigsüfse
3109 781 125 32 Worte
3265 778 160 48 lediglich
3458 781 69 35 ihre

2368 827 150 36 Unkraft
2542 830 177 39 bewiesen,
2753 830 179 34 schüttelte
2958 833 147 32 Fontane
3138 831 182 48 gleichsam
3349 833 53 34 die
3431 833 95 34 letzte

2369 880 239 49 Befangenheit
2629 896 69 21 von
2720 883 70 34 sich
2811 883 40 34 ab
2870 884 70 33 und
2961 884 120 34 wurde
3099 887 76 44 jetzt
3196 893 62 26 erst
3291 898 94 34 ganz,
3420 886 56 34 der
3494 900 32 20 er

2368 948 83 22 war.
2508 934 57 35 Als
2595 936 53 33 ein
2675 936 231 34 unversehrter
2935 939 107 32 Mann
3067 938 93 33 hatte
3175 951 33 20 er
3239 938 71 34 sich
3345 937 47 35 bis
3425 939 102 34 dahin

2369 1000 70 21 von
2459 987 56 35 der
2535 988 177 47 Zeitwoge
2739 997 116 39 tragen
2887 989 105 35 lassen
3027 990 68 34 und
3116 990 288 47 gewissermafsen
3438 993 87 34 seine

2369 1039 89 36 beste
2478 1039 97 36 Kraft
2595 1039 56 36 für
2670 1041 70 34 sein
2759 1041 111 35 letztes
2890 1041 298 49 Lebensjahrzehnt
3208 1042 203 50 aufgespart.
3458 1047 69 46 Lag

2369 1093 72 34 eine
2461 1094 151 47 Ahnung
2631 1094 34 33 in
2682 1094 84 40 ihm,
2800 1094 72 35 dafs
2907 1095 56 34 der
2978 1095 186 49 Zeitpunkt
3183 1094 57 36 für
3260 1097 59 34 ihn
3339 1096 48 35 bis
3422 1097 104 35 dahin

2367 1147 94 33 nicht
2472 1146 204 48 gekommen
2695 1151 91 30 war?
2815 1150 88 32 War
2918 1161 31 21 es
2966 1149 71 33 eine
3054 1149 275 47 geheimnisvolle
3344 1151 181 39 Weisheit,

2368 1198 53 35 die
2437 1200 70 33 ihm
2519 1209 170 31 zuraunte,
2700 1199 71 35 dafs
2783 1201 69 34 sein
2867 1201 130 47 eigener
3008 1201 127 48 grofser
3145 1204 157 33 Moment
3317 1216 186 21 Zusammen-

2369 1250 103 36 fällen
2488 1258 109 28 müsse
2617 1253 62 34 mit
2700 1253 76 34 dem
2801 1253 136 48 grofsen
2963 1254 282 47 geschichtlichen
3272 1258 169 38 Moment,
3471 1256 56 34 der

2368 1305 71 34 sich
2458 1303 56 36 für
2529 1305 54 34 die
2602 1306 159 34 deutsche
2778 1307 175 48 Dichtung
2971 1307 153 48 langsam
3145 1308 153 34 bereitete
3310 1312 10 29 ?
3347 1308 177 45 Jedenfalls

2368 1357 46 34 als
2434 1358 58 34 der
2515 1359 261 47 geschichtliche
2797 1362 157 32 Moment
2973 1359 92 41 kam,
3087 1374 57 21 wo
3166 1361 52 34 die
3239 1364 143 31 Dämme
3402 1362 102 34 durch-

2368 1409 147 36 brochen
2536 1412 153 40 wurden,
2708 1412 69 34 und
2798 1412 53 34 die
2869 1422 150 38 gestaute
3034 1412 99 36 Kraft
3152 1413 58 35 der
3227 1414 129 47 Jugend
3377 1415 69 34 sich
3462 1416 63 33 mit

2366 1464 241 46 jauchzendem
2617 1465 138 48 Anprall
2776 1466 35 33 in
2830 1465 55 35 die
2905 1465 182 35 deutschen
3104 1467 280 34 Litteraturlande
3404 1467 122 48 ergofs,

2368 1516 42 34 da
2430 1529 72 21 war
2521 1518 87 34 auch
2628 1520 145 32 Fontane
2794 1519 62 33 mit
2876 1519 109 34 einem
3004 1519 75 34 Mal
3098 1519 80 35 aller
3197 1520 103 34 Fessel
3320 1520 99 48 ledig,
3454 1521 68 34 und

2367 1568 108 34 neben
2496 1569 64 35 den
2577 1573 128 44 Jungen
2725 1571 191 34 schwamm
2944 1571 57 34 der
3021 1572 76 34 Alte
3126 1573 62 33 mit
3216 1573 147 47 rüstigen
3384 1576 138 39 Armen,

2368 1623 52 32 ein
2441 1635 66 20 neu
2528 1623 203 42 Geborener,
2752 1623 123 36 einher.

2447 1675 51 34 Bis
2518 1675 104 35 dahin
2641 1676 91 34 hatte
2752 1689 44 31 er,
2817 1676 77 34 alles
2915 1677 35 34 in
2969 1677 111 41 allem,
3101 1679 90 33 noch
3211 1679 35 33 in
3265 1679 88 33 einer
3373 1681 61 32 Art
3455 1692 65 21 von

2366 1727 243 35 Halbschatten
2629 1729 193 46 gestanden.
2857 1730 194 44 Jahrzehnte
3070 1731 79 47 lang
3163 1731 92 34 hatte
3276 1745 33 20 er
3328 1732 87 34 seine
3436 1731 88 35 beste

2366 1782 98 32 Kraft
2484 1781 35 34 in
2538 1781 360 35 Redaktionsbureaux
2928 1783 217 47 ausgegeben.
3201 1784 88 34 Aber
3316 1785 85 34 weit
3430 1785 94 34 mehr

2365 1831 98 36 Kraft
2482 1834 93 34 hatte
2594 1848 34 20 er
2647 1834 166 35 nebenher
2833 1836 98 47 stetig
2951 1837 34 33 in
3005 1837 71 33 sich
3092 1837 269 47 eingenommen.
3418 1839 103 33 Einen

2363 1886 242 47 Jungbrunnen
2621 1888 93 34 hatte
2729 1902 33 20 er
2776 1888 182 47 gefunden,
2980 1889 63 34 den
3059 1902 33 21 er
3112 1889 164 35 durchaus
3297 1891 92 33 nicht
3410 1894 95 44 ängst-

2364 1938 68 35 lich
2454 1939 115 34 hütete
2602 1940 46 34 als
2669 1942 114 45 irgend
2817 1942 52 33 ein
2902 1941 170 35 kostbares
3093 1942 205 35 Geheimnis.
3373 1943 150 34 Sondern

2364 2005 61 21 vor
2445 1991 79 35 aller
2544 1994 97 33 Welt
2674 1993 99 34 trank
2808 2007 31 21 er
2859 1994 191 48 unablässig
3079 1995 117 34 daraus
3222 1996 71 34 und
3314 1994 117 36 badete
3450 1997 71 33 sich

2364 2044 95 35 darin
2479 2046 88 33 seine
2588 2046 145 36 Glieder.
2762 2046 263 35 Wanderschaft
3044 2046 84 37 hiefs
3149 2048 102 35 dieser
3267 2049 255 47 Jungbrunnen,

2363 2098 69 33 und
2449 2098 56 34 das
2522 2099 157 48 doppelte
2691 2099 113 41 Elixir,
2822 2099 55 34 das
2898 2100 46 34 als
2961 2100 242 35 Zaubermittel
3223 2101 94 34 darin
3337 2102 184 47 verborgen

2363 2150 66 47 lag,
2449 2150 84 34 hiefs
2554 2150 80 35 freie
2656 2150 81 36 Luft
2757 2152 69 35 und
2846 2154 195 47 Berührung
3059 2154 63 34 mit
3142 2155 76 33 dem
3237 2154 196 35 Volkstum.
3477 2157 44 32 So

2362 2204 42 33 ist
2423 2217 33 20 er
2477 2212 84 25 trotz
2580 2203 64 36 fast
2663 2205 121 34 zweier
2804 2206 268 34 Menschenalter
3091 2207 122 40 ,Berlin
3216 2214 9 13 c
3258 2207 90 34 doch
3381 2208 140 33 niemals

2362 2256 223 37 verberlinert.
2655 2257 169 36 Vielmehr
2844 2258 88 34 blieb
2953 2272 32 21 er
3004 2259 174 35 zeitlebens
3199 2260 56 34 der
3274 2260 130 34 biedere
3424 2262 97 33 Neu-

2361 2310 184 47 Ruppiner,
2578 2310 57 34 der
2663 2311 32 33 in
2735 2311 54 34 die
2820 2310 186 36 märkische
3025 2312 207 49 Hauptstadt
3270 2313 250 47 eingewandert

2361 2375 84 26 war,
2472 2362 70 34 und
2562 2363 33 34 in
2616 2363 106 34 dieser
2740 2364 162 35 staunend
2930 2364 196 42 miterlebte,
3153 2366 69 34 wie
3250 2366 71 34 sich
3351 2366 55 34 das
3427 2367 93 46 Ding

2361 2415 62 33 mit
2450 2415 132 34 starken
2602 2415 260 49 Adlerschlägen
2895 2430 58 21 zur
2972 2418 185 34 Weltstadt
3192 2431 58 21 aus
3253 2419 130 34 wuchs.
3439 2420 79 33 Und

2361 2467 168 35 vielleicht
2554 2469 58 33 hat
2631 2469 122 35 Keiner
2772 2483 37 21 so
2834 2468 70 36 fein
2924 2471 70 34 und
3019 2471 106 34 sicher
3153 2472 206 47 empfunden
3385 2473 69 34 wie
3474 2484 44 28 er,

2361 2519 71 35 dafs
2455 2529 93 25 unter
2574 2521 56 34 der
2655 2521 207 35 blendenden
2881 2523 104 34 Hülle
3018 2523 54 34 der
3103 2523 281 49 neugebackenen
3403 2524 93 35 Welt-

2360 2573 87 34 stadt
2475 2573 46 34 als
2542 2574 132 34 wahrer
2694 2575 227 35 Wesenskern
2941 2576 89 35 doch
3057 2577 121 34 immer
3206 2578 92 33 noch
3328 2577 56 34 das
3404 2577 92 35 Welt-

2359 2624 82 36 dorf
2455 2625 137 42 steckte,
2613 2627 57 34 das
2691 2627 240 35 kurfürstliche
2950 2631 98 38 Nest,
3083 2630 81 34 über
3197 2630 55 34 das
3286 2631 52 33 die
3361 2631 141 34 Civilisa-

2357 2678 252 35 tionsbarbaren
2655 2681 35 33 in
2738 2680 127 35 bunten
2908 2683 365 34 Hunnenschwärmen
3319 2697 68 21 von
3431 2683 88 34 allen

2357 2731 371 50 Himmelsrichtungen
2747 2733 306 49 hereingebrochen
3073 2749 124 21 waren.

2918 2860 37 33 11.

2437 2946 67 31 Das
2524 2944 177 35 Wandern
2728 2959 73 20 war
2829 2959 68 21 von
2921 2944 82 36 früh
3029 2945 64 36 auf
3112 2948 87 34 seine
3220 2951 89 31 Lust.
3366 2951 39 31 Es
3427 2947 88 35 mufs

2358 2996 71 34 ihm
2449 2996 99 35 wohl
2567 2998 48 33 im
2630 2997 78 34 Blut
2722 2998 148 47 gesteckt
2890 2999 120 40 haben,
3037 3000 46 34 als
3112 3001 52 33 ein
3184 3003 79 31 Rest
3291 3000 224 35 unruhvollen

2358 3052 294 44 Gascognertums,
2728 3054 96 32 Denn
2858 3054 193 46 Gascogner
3083 3067 74 21 war
3176 3055 147 32 Fontane
3356 3054 55 33 der
3445 3054 47 34 Ab-

2357 3110 192 40 stammung
2563 3103 99 40 nach,
2682 3104 47 34 als
2752 3106 106 33 reiner
2872 3107 132 46 Sprosse
3015 3106 56 33 der
3086 3104 250 36 französischen
3356 3107 155 33 Colonie.

2357 3154 90 35 Aber
2466 3156 48 33 im
2533 3154 92 35 Lauf
2643 3169 67 22 von
2732 3157 197 35 anderthalb
2955 3158 266 45 Jahrhunderten
3257 3159 92 34 hatte
3374 3160 70 34 sich
3481 3160 32 33 in

2357 3208 103 34 seiner
2479 3208 135 34 Familie
2648 3210 71 33 eine
2753 3210 254 35 vollkommene
3035 3212 113 34 innere
3168 3215 200 45 Anpassung
3396 3225 41 21 an
3459 3212 52 34 die

2357 3273 85 21 neue
2461 3261 208 48 Umgebung
2693 3262 198 49 vollzogen:
2926 3263 56 34 das
3002 3267 117 32 Gesetz
3151 3264 57 35 der
3241 3265 169 46 ,mimicry
3414 3272 10 13 c
3455 3265 59 34 hat

2357 3314 71 33 sich
2443 3312 52 35 bei
2507 3314 69 33 ihm
2594 3313 87 36 auf’s
2696 3315 221 35 Glänzendste
2933 3316 165 35 bewährt.
3133 3319 87 32 Herz
3231 3318 71 33 und
3317 3318 197 47 Gesinnung

2357 3365 70 35 und
2448 3366 203 35 Denkweise
2671 3381 116 22 waren
2813 3369 151 44 deutsch,
2989 3369 54 34 die
3062 3369 353 49 Lebensgewöhnung
3441 3371 54 34 des-

2357 3419 162 47 gleichen,
2540 3420 69 33 und
2622 3433 62 21 nur
2700 3422 34 33 in
2745 3421 169 34 einzelnen
2929 3421 201 35 individuell
3145 3424 227 45 gewordenen
3381 3426 129 45 Zügen,

2356 3473 36 33 in
2411 3473 165 46 gewissen
2611 3473 204 36 triebhaften
2833 3474 290 48 Anwandlungen
3147 3476 70 34 und
3238 3476 273 48 ursprünglichen

2356 3525 159 34 Talenten
2536 3526 120 47 schlug
2675 3526 56 35 das
2752 3527 66 34 alte
2832 3528 258 34 Franzosenblut
3108 3528 159 35 neckisch
3286 3529 71 34 und
3383 3527 113 36 förder-

2355 3591 72 21 sam
2447 3578 115 34 durch.
2618 3579 205 35 Kurmärker
2846 3580 71 34 und
2938 3584 195 45 Gascogner
3170 3596 38 20 zu
3246 3583 70 34 sein
3351 3583 36 33 in
3424 3582 87 35 einer

2355 3631 151 47 einzigen
2526 3633 133 40 Person,
2693 3632 56 35 das
2777 3631 65 36 fast
2861 3634 244 48 Antipodische
3142 3635 36 33 in
3215 3634 296 48 liebenswürdiger
