3682 4572
1452 3868 137 43 167

256 582 69 34 und
352 581 80 35 über
457 581 75 35 dem
551 581 218 37 Kunstwerk.
808 583 149 35 Sondern
983 583 268 49 Empfindungen
1273 583 130 36 wirken

256 648 55 27 so,
331 635 68 34 wie
419 647 30 21 es
470 634 57 34 der
546 635 157 34 Künstler
722 636 149 41 erstrebt,
892 649 63 21 nur
974 638 35 32 in
1029 637 76 33 dem
1122 636 128 41 Mafse,
1273 637 37 33 in
1328 637 76 33 dem

256 688 45 32 sie
319 687 70 33 sich
404 687 62 33 mit
480 687 64 33 den
559 700 79 22 vom
654 687 158 34 Künstler
825 688 184 47 gewollten
1024 687 168 36 Gefühlen
1207 689 197 42 verbinden;

256 740 46 33 sie
316 738 133 35 wirken
463 739 102 33 daher
584 739 222 34 künstlerisch
819 753 61 21 um
899 753 37 21 so
951 741 149 40 sicherer,
1119 745 28 42 je
1160 741 244 47 notwendiger,

257 792 33 34 d.
313 792 31 33 h.
370 795 30 42 je
426 804 98 34 enger
547 792 44 33 sie
617 792 61 33 mit
702 791 76 34 dem
798 790 127 35 Gefühl
950 792 181 48 verknüpft
1155 794 89 41 sind;
1268 793 69 35 und
1361 795 45 32 sie

258 843 132 35 wirken
410 842 129 48 infolge
557 856 67 21 von
647 843 184 47 steigender
850 844 228 35 Deutlichkeit
1096 845 69 34 und
1189 845 131 47 infolge
1339 859 67 21 von

259 896 167 34 reicheren
442 896 68 33 und
525 894 180 35 subtileren
720 896 230 46 Beziehungen
969 897 252 34 untereinander
1240 911 63 21 nur
1318 898 89 34 dann

260 948 87 34 auch
362 946 221 35 künstlerisch
599 946 135 42 stärker,
749 960 103 21 wenn
867 948 151 45 zugleich
1033 950 61 32 mit
1109 949 55 34 der
1181 950 227 34 Deutlichkeit

261 1000 55 34 der
330 999 256 47 Vorstellungen
602 998 52 34 die
670 998 300 35 Gefühlsreaktion
990 1014 40 19 an
1035 1001 127 34 wächst
1176 1002 70 33 und
1261 1002 52 33 die
1328 1005 61 31 Ver-

261 1051 174 48 feinerung
463 1051 54 34 des
545 1050 291 35 Sinneseindrucks
866 1051 71 33 sich
961 1052 244 48 widerspiegelt
1234 1054 36 33 in
1301 1055 108 32 einem

261 1105 165 33 reicheren
441 1103 206 49 Farbenspiel
663 1103 54 34 der
732 1102 346 49 Gefühlsbewegung.
1150 1108 44 31 So
1210 1105 119 34 erklärt
1339 1106 71 33 sich

262 1158 99 40 auch,
381 1169 134 23 warum
536 1157 51 33 die
607 1155 145 34 Feinheit
772 1155 56 34 der
846 1157 99 31 Sinne
965 1156 100 34 allein
1084 1169 78 22 zum
1179 1156 230 48 Kunstgenufs

263 1209 93 34 nicht
383 1214 127 42 genügt
532 1207 70 35 und
627 1208 53 34 die
705 1209 195 32 ästhetische
924 1208 180 48 Begabung
1131 1209 53 34 des
1209 1209 142 34 Wilden
1376 1211 35 32 in

264 1261 132 34 keinem
425 1259 198 37 Verhältnis
649 1261 88 33 steht
765 1273 40 20 zu
831 1261 102 32 seiner
957 1260 73 33 sehr
1058 1261 81 35 weit
1165 1261 246 47 ausgebildeten

263 1313 184 47 Fähigkeit,
468 1312 296 34 Sinneseindrücke
782 1325 41 21 zu
842 1312 262 35 unterscheiden.

345 1366 93 34 Weil
466 1365 55 34 das
554 1379 81 33 enge
662 1364 278 35 Nebeneinander
968 1378 69 20 von
1070 1364 127 35 Gefühl
1229 1365 72 34 und
1327 1367 63 32 Vor-

264 1418 145 47 stellung
437 1418 57 34 das
515 1418 69 33 Ziel
610 1418 56 33 der
687 1416 246 35 Kunsttechnik
958 1417 58 39 ist,
1044 1416 135 35 deshalb
1207 1416 105 35 fallen
1338 1417 75 34 aber

266 1472 139 46 gewisse
426 1472 101 32 Arten
553 1470 56 34 der
628 1468 248 49 Verknüpfung
899 1468 167 35 zwischen
1086 1467 128 36 Gefühl
1239 1468 69 35 und
1326 1472 66 31 Vor-

265 1522 143 48 stellung
428 1521 56 35 für
503 1522 63 34 den
586 1521 156 36 Künstler
767 1515 83 40 fort:
875 1520 150 35 nämlich
1052 1522 53 33 die
1124 1520 104 40 Fälle,
1254 1522 35 32 in
1307 1521 107 34 denen

265 1576 93 33 nicht
378 1576 72 33 eine
463 1574 219 47 Verbindung
701 1574 167 34 zwischen
891 1571 126 37 Gefühl
1037 1573 69 34 und
1125 1573 214 47 Vorstellung
1359 1573 54 34 das

266 1627 162 35 Erstrebte
447 1628 56 39 ist,
528 1627 143 34 sondern
697 1627 52 33 die
767 1625 214 47 Vorstellung
1000 1625 87 35 blofs
1110 1625 46 34 als
1177 1625 112 33 Mittel
1313 1625 103 40 dient,

266 1693 61 21 um
346 1681 53 33 ein
418 1678 128 36 Gefühl
566 1692 185 34 anzuregen
843 1678 70 34 und
932 1674 107 38 ferner
1058 1677 53 34 die
1130 1677 101 41 Fälle,
1256 1678 35 32 in
1310 1677 107 34 denen

267 1731 127 35 Gefühl
426 1731 70 35 und
527 1731 218 47 Vorstellung
777 1743 192 21 zusammen
1000 1743 40 21 zu
1077 1731 108 32 einem
1217 1730 113 34 Motiv
1363 1729 54 34 des

267 1784 171 34 Flandelns
459 1784 146 34 werden.
695 1786 117 31 Wenn
831 1783 52 33 die
903 1781 225 47 Einwirkung
1147 1795 62 20 nur
1228 1784 89 31 Zorn
1338 1781 80 34 oder

268 1837 131 39 Freude,
416 1836 80 34 Leid
517 1835 80 35 oder
611 1837 210 33 Lüsternheit
842 1848 152 34 anregen,
1015 1835 63 33 den
1093 1835 185 33 Menschen
1293 1833 108 34 leiden-

267 1887 179 36 schaftlich
471 1888 79 34 oder
577 1888 209 34 sentimental
812 1889 157 32 stimmen
995 1887 81 39 soll,
1100 1886 92 35 kann
1218 1899 66 22 von
1311 1888 108 31 Kunst

268 1942 94 33 nicht
386 1941 53 34 die
459 1940 92 35 Rede
578 1942 86 38 sein,
684 1940 80 35 weil
790 1940 52 34 die
863 1940 140 34 Absicht
1021 1940 94 33 nicht
1135 1938 62 35 auf
1220 1940 52 32 ein
1292 1938 109 47 gleich-

268 1994 156 46 wertiges
447 1994 279 33 Nebeneinander
751 2006 67 22 von
837 1991 126 36 Gefühl
988 1991 69 34 und
1081 1990 234 47 Vorstellung,
1341 2003 59 21 son-

270 2046 78 34 dern
369 2044 88 35 blofs
478 2044 63 35 auf
556 2046 96 33 deren
672 2045 259 34 Nacheinander
950 2045 89 46 geht.
1123 2046 51 31 lm
1193 2044 141 34 zweiten
1353 2042 67 34 Fall

270 2098 76 34 aber
378 2098 143 33 entzieht
553 2099 70 32 sich
656 2098 55 33 das
742 2096 127 36 Gefühl
902 2096 55 34 der
986 2096 200 47 Gestaltung
1218 2095 106 34 durch
1356 2094 65 34 den

270 2149 281 42 Einwirkenden;
580 2150 53 34 die
659 2152 96 31 Form
779 2150 54 33 des
858 2147 287 36 Gefühlsverlaufs
1174 2147 87 35 wird
1287 2148 35 32 in
1346 2147 75 33 dem

270 2206 159 31 Moment
447 2216 68 21 von
539 2202 57 34 der
618 2201 152 35 äufseren
788 2201 226 47 Einwirkung
1036 2198 236 50 unabhängig,
1293 2201 34 32 in
1346 2199 75 33 dem

272 2255 56 34 das
350 2253 127 37 Gefühl
496 2255 69 34 und
589 2255 52 33 die
661 2254 216 46 Vorstellung
895 2255 70 33 sich
985 2267 75 20 zum
1079 2254 113 33 Motiv
1216 2264 184 22 zusammen-

272 2307 184 35 schliefsen.
492 2310 65 30 Der
576 2306 189 36 Entschlufs
786 2319 58 21 zur
862 2307 88 33 That
968 2305 105 36 wirkt
1092 2305 68 35 wie
1179 2305 54 33 ein
1252 2304 94 39 Blitz,
1366 2304 57 33 der

273 2361 71 33 eine
372 2359 238 47 Neuordnung
638 2359 56 34 der
724 2371 125 35 ganzen
875 2358 308 48 atmosphärischen
1211 2355 114 35 Kräfte
1353 2357 53 32 ein-

272 2413 109 40 leitet;
406 2413 52 33 ein
484 2425 102 21 neuer
600 2411 177 35 Abschnitt
801 2411 138 47 beginnt
957 2409 55 35 für
1031 2409 53 35 die
1103 2409 108 42 Seele;
1231 2408 71 35 und
1322 2408 102 34 dieser

273 2464 179 34 Abschnitt
477 2463 77 35 läfst
583 2464 71 34 sich
679 2463 105 35 durch
812 2463 52 34 die
890 2462 226 47 Einwirkung
1140 2462 69 34 und
1237 2462 186 43 überhaupt

273 2530 67 21 von
361 2516 116 34 aufsen
496 2517 94 33 nicht
609 2516 214 41 bestimmen;
843 2518 96 32 Form
958 2514 70 35 und
1047 2513 143 36 Verlauf
1205 2514 55 35 des
1281 2512 141 37 Gefühls

273 2569 136 35 werden
428 2582 68 21 von
515 2572 97 38 Dem,
635 2568 55 35 der
708 2568 64 34 den
791 2567 248 35 Seelenzustand
1066 2564 186 50 geschaffen
1271 2566 70 39 hat,
1361 2577 64 22 nur

275 2622 47 33 bis
344 2634 77 21 zum
440 2620 189 35 Entschlufs
649 2634 55 21 zur
722 2622 89 33 That
829 2620 198 34 beherrscht.
1070 2623 69 31 Das
1159 2620 41 33 ist
1219 2619 57 34 der
1294 2617 130 40 Grund,

274 2687 150 27 warum,
444 2674 68 35 wie
531 2674 259 47 Schopenhauer
808 2681 104 26 zuerst
931 2672 199 35 beobachtet
1149 2672 75 39 hat,
1245 2670 53 35 die
1317 2673 108 32 Kunst

275 2724 152 42 aufhört,
448 2739 59 22 wo
529 2726 55 34 das
604 2726 114 34 Motiv
737 2724 147 49 beginnt.

355 2782 43 30 So
417 2779 42 33 ist
480 2779 70 33 eine
570 2777 91 35 klare
680 2778 71 33 und
776 2770 81 41 feste
865 2776 217 48 Verbindung
1096 2789 68 21 von
1179 2774 171 37 Gefühlen
1364 2775 62 33 mit

275 2830 260 47 Vorstellungen
550 2830 56 34 das
622 2830 70 34 Ziel
708 2830 54 34 des
779 2827 287 43 Kunstschaffens;
1082 2829 54 33 die
1150 2825 277 37 Kunst-Technik

276 2882 91 35 kann
392 2891 63 26 erst
480 2883 75 34 dort
584 2881 184 49 anfangen,
795 2895 58 21 wo
883 2882 52 34 die
966 2881 166 35 Auswahl
1157 2881 55 33 der
1240 2881 167 33 Sinnesem-

276 2935 164 48 pfindung
471 2935 81 34 oder
580 2935 215 47 Vorstellung
827 2935 76 33 leise
934 2932 189 36 beeinflufst
1154 2932 88 35 wird
1270 2945 69 21 von
1372 2930 56 34 der

276 2987 186 35 Rücksicht
491 2986 66 35 auf
577 2987 53 34 ein
659 2987 202 34 bestimmtes
891 2985 141 42 Gefühl;
1061 2985 70 35 und
1159 2985 56 34 der
1242 2984 80 34 Reiz
1349 2984 79 34 hört

277 3039 76 40 auf,
396 3039 221 35 künstlerisch
654 3053 39 20 zu
730 3040 86 39 sein,
854 3052 101 22 wenn
991 3039 94 33 nicht
1122 3038 93 34 mehr
1251 3037 53 33 die
1341 3039 66 31 Vor-

276 3091 144 48 stellung
440 3092 97 34 selbst
562 3105 40 21 zu
629 3093 111 33 seinen
764 3091 175 35 Endzielen
962 3091 203 46 mitgehört,
1191 3089 143 34 sondern
1358 3100 70 22 was

276 3144 143 48 gewollt
452 3145 79 33 oder
563 3145 154 47 gezeitigt
748 3144 106 41 wird,
891 3158 62 20 nur
981 3144 71 33 eine
1085 3138 232 38 Leidenschaft
1350 3140 79 33 oder

278 3210 62 21 nur
369 3198 72 33 eine
468 3198 89 33 That
584 3198 51 33 ist.
685 3198 133 43 Jenseits
852 3196 55 34 der
940 3197 94 33 einen
1068 3198 125 31 Grenze
1225 3194 112 33 stehen
1366 3191 64 34 alle

280 3249 241 48 Mitteilungen
539 3262 68 21 von
626 3250 110 33 reinen
751 3248 362 47 Vorstellungsreihen:
1136 3246 51 33 die
1203 3245 228 34 Nachrichten

279 3300 56 35 der
353 3300 249 36 Wissenschaft
621 3301 70 34 und
711 3301 54 33 des
786 3301 261 47 Alltagslebens;
1073 3299 54 33 die
1147 3297 119 35 andere
1285 3296 145 34 scheidet

279 3353 90 34 Alles
403 3354 58 40 ab,
490 3367 70 21 was
598 3367 63 20 nur
688 3366 74 21 zum
790 3352 116 36 Affekt
940 3353 79 34 oder
1046 3365 63 20 nur
1141 3363 56 21 zur
1221 3350 88 33 That
1341 3349 88 33 reizt.

280 3407 221 34 Dazwischen
520 3406 80 47 liegt
620 3406 55 33 das
696 3406 225 47 gleichzeitige
941 3403 219 36 Auftauchen
1186 3401 68 34 und
1274 3399 136 35 Wieder-

280 3459 255 34 verschwinden
565 3471 70 22 von
670 3456 171 36 Gefühlen
873 3458 71 34 und
977 3453 353 48 Vorstellungsreihen.
1381 3453 51 32 Zu

280 3511 110 33 diesen
426 3513 141 33 Formen
611 3511 55 33 des
703 3509 221 35 Seelenlebens
971 3509 149 47 gehören
1165 3507 70 40 die,
1279 3504 52 35 die
1376 3504 56 33 der

280 3563 155 34 Künstler
455 3563 145 34 erstrebt.

1585 583 91 45 Jeder
1691 579 226 50 Kunstgenufs
1936 581 42 33 ist
1992 578 69 35 also
2077 576 200 47 notwendig
2296 575 54 34 ein
2364 571 133 37 Ablauf
2512 584 67 23 von
2594 584 64 34 eng

1509 636 234 35 verwobenem
1764 633 121 35 Fühlen
1906 632 70 34 und
1995 630 263 36 Wahrnehmen.
2294 627 55 35 Ob
2369 625 199 48 umgekehrt
2587 623 71 47 jede

1511 687 196 36 absichtlich
1725 695 148 39 erzeugte
1888 684 307 45 Verschwisterung
2215 694 66 22 von
2301 678 169 37 Gefühlen
2490 678 60 33 mit
2571 679 66 31 Vor-

1510 740 185 47 stellungen
1714 741 87 33 auch
1820 738 221 34 künstlerisch
2060 738 50 38 ist,
2130 737 41 32 ist
2191 734 53 34 die
2263 734 136 35 weitere
2414 733 108 45 Frage.
2560 732 98 31 Denn

1510 793 53 34 die
1583 792 173 34 Aesthetik
1776 793 58 33 hat
1859 790 65 35 fast
1945 791 118 33 immer
2089 788 186 34 bestimmte
2295 782 261 37 Gefühlsfarben
2576 781 82 34 oder

1512 845 322 47 Vorstellungsarten
1861 841 237 49 ausgesondert
2122 840 70 34 und
2218 837 139 40 erklärt,
2385 835 71 35 dafs
2481 848 62 21 nur
2572 833 86 34 diese

1510 899 36 32 in
1566 897 52 34 die
1633 900 107 31 Kunst
1759 896 160 47 eingehen
1934 893 147 42 dürften;
2103 892 68 35 und
2187 905 101 22 wenn
2307 891 45 33 sie
2371 889 61 33 mit
2447 887 106 35 Recht
2573 889 65 31 Vor-

1512 948 158 36 schriften
1685 949 102 34 dieser
1802 950 59 33 Art
1880 948 141 33 machen
2038 945 137 40 könnte,
2190 945 88 34 dann
2294 941 118 37 würde
2427 941 70 33 sich
2512 941 70 33 hier
2601 939 57 33 der

1512 1002 135 35 Priester
1670 1014 79 22 vom
1769 1000 154 35 Künstler
1950 1008 150 31 trennen;
2127 997 55 35 der
2206 995 155 36 Künstler
2385 993 122 35 müfste
2531 990 129 49 Regeln

1514 1052 173 48 befolgen,
1719 1053 51 33 die
1790 1053 64 34 den
1878 1052 133 34 Priester
2036 1051 44 33 als
2101 1051 134 33 Priester
2254 1049 93 33 nicht
2366 1047 122 33 binden
2508 1044 148 35 können.

1514 1105 144 35 Deshalb
1677 1104 88 35 mufs
1783 1108 73 44 jene
1874 1106 98 46 Frage
1992 1103 69 35 hier
2081 1102 223 34 beantwortet
2322 1099 148 35 werden.

1593 1160 66 32 Am
1683 1157 150 47 längsten
1860 1156 69 34 und
1962 1153 308 49 mannigfaltigsten
2303 1152 58 34 hat
2396 1151 52 34 die
2482 1146 176 39 Aesthetik

1516 1210 56 34 das
1582 1212 126 32 Wesen
1718 1209 55 34 der
1785 1212 103 31 Kunst
1900 1209 45 33 im
1955 1204 426 49 Vorstellungsinhalt
2394 1202 112 35 finden

1515 1263 36 33 in
1567 1261 225 35 Deutschland
1807 1262 62 32 mit
1879 1260 154 34 Vorliebe
2048 1261 46 32 im
2110 1257 187 36 abstrakten
2308 1253 350 48 Vorstellungsinhalt.

1515 1313 218 35 Namentlich
1758 1313 51 34 die
1837 1310 421 50 Philosophieprofessoren
2287 1308 55 34 der
2370 1308 180 33 deutschen
2573 1305 66 34 Uni-

1517 1367 174 33 versitäten
1705 1365 109 35 haben
1825 1378 68 21 von
1903 1365 71 33 Zeit
1988 1377 39 20 zu
2039 1364 71 33 Zeit
2125 1364 119 33 immer
2255 1360 125 36 wieder
2392 1369 269 28 unternommen,

1518 1418 53 34 die
1586 1421 110 31 Kunst
1715 1417 45 34 als
1777 1418 71 33 eine
1865 1419 61 32 Art
1941 1429 68 22 von
2023 1415 164 34 minderer
2202 1411 215 50 Metaphysik
2432 1409 229 40 hinzustellen,

1518 1470 70 33 und
1607 1470 105 33 damit
1731 1482 40 21 zu
1790 1470 169 33 verstehen
1979 1467 155 48 gegeben,
2155 1465 70 35 dafs
2246 1466 53 33 ein
2314 1463 207 36 Kunstwerk
2540 1463 106 46 eigent-

1519 1522 67 34 lich
1611 1535 61 20 nur
1694 1534 70 21 von
1789 1522 104 32 einem
1920 1517 380 49 Philosophieprofessor
2324 1529 83 35 ganz
2430 1529 39 20 zu
2493 1512 169 49 begreifen

1519 1578 102 30 wäre.
1701 1576 79 31 Von
1800 1573 134 33 Andren
1953 1572 117 35 wurde
2086 1574 191 31 Benvenuto
2295 1569 132 34 Cellinis
2443 1566 219 46 Aeufserung,

1521 1625 72 35 dafs
1613 1625 52 35 die
1684 1628 108 32 Kunst
1803 1625 55 34 das
1869 1624 69 34 Ziel
1950 1624 92 41 habe,
2054 1624 95 33 einen
2163 1621 272 35 vollkommenen
2452 1618 213 35 männlichen

1522 1677 80 35 oder
1620 1676 200 36 weiblichen
1835 1679 126 45 Körper
1980 1676 120 46 richtig
2119 1673 233 39 darzustellen,
2373 1672 45 34 als
2439 1672 55 33 der
2509 1667 163 50 Inbegriff

1521 1729 57 35 der
1603 1729 218 34 ästhetischen
1846 1729 165 33 Weisheit
2038 1726 230 41 fruktifiziert;
2294 1725 51 34 die
2369 1723 215 46 Vorstellung
2611 1721 53 34 des

1521 1783 36 33 in
1581 1781 108 47 jedem
1717 1781 117 35 Gebiet
1861 1781 55 33 der
1944 1780 88 34 Seele
2060 1779 68 34 und
2156 1778 56 34 der
2239 1780 111 31 Natur
2378 1775 287 35 Vollkommenen

1523 1834 82 34 solle
1623 1834 54 33 die
1700 1835 108 32 Kunst
1831 1830 156 37 schaffen.
2025 1830 185 47 Allerdings
2236 1831 45 32 sei
2305 1829 92 33 nicht
2422 1827 52 34 die
2500 1825 166 36 abstrakte

1522 1886 73 35 Idee
1614 1886 51 33 ihr
1685 1885 84 41 Ziel;
1792 1884 75 35 aber
1885 1886 45 32 sie
1950 1884 82 34 habe
2052 1887 65 30 Das
2141 1896 39 20 zu
2201 1881 184 40 enthüllen,
2406 1893 70 21 was
2497 1880 95 32 Plato
2615 1879 52 33 die

1522 1938 75 34 Idee
1617 1946 117 32 nennt;
1751 1937 51 34 die
1823 1936 249 35 vollkommene
2087 1938 107 36 Form,
2209 1934 52 34 die
2280 1933 56 34 der
2355 1933 176 47 getrübten
2546 1929 97 35 Wirk-

1523 1990 138 35 lichkeit
1680 1989 169 47 zugrunde
1874 1989 95 46 liegt,
1988 1987 111 35 werde
2123 1987 104 33 durch
2253 1987 44 32 sie
2321 1985 76 34 dem
2421 1983 246 35 menschlichen

1524 2044 97 45 Auge
1646 2041 67 34 und
1738 2042 71 33 Ohr
1834 2039 267 36 wahrnehmbar.
2138 2041 43 31 So
2208 2038 139 33 braucht
2371 2037 87 33 denn
2483 2033 184 42 Niemand,

1525 2094 56 34 der
1604 2094 97 34 sehen
1726 2093 67 34 und
1811 2093 105 33 hören
1942 2091 107 41 kann,
2075 2091 51 33 die
2151 2091 119 33 Furcht
2295 2102 40 20 zu
2359 2089 121 46 hegen,
2506 2086 70 35 dafs
2596 2087 73 33 ihm

1525 2146 114 47 irgend
1660 2149 111 31 Etwas
1797 2158 67 22 von
1886 2148 99 35 Dem,
2011 2157 70 21 was
2101 2142 55 34 der
2174 2145 108 31 Kunst
2301 2143 100 32 Wert
2419 2139 154 39 verleiht,
2597 2151 54 21 ver-

1526 2198 125 48 borgen
1666 2197 115 34 bleibe.
1801 2197 61 33 Ein
1873 2199 218 31 Kommentar
2106 2195 68 33 und
2190 2195 53 32 ein
2255 2192 238 49 Operngucker
2504 2195 165 43 genügen,

1526 2264 59 21 um
1605 2251 34 33 in
1656 2249 86 47 jedes
1762 2249 191 35 Geheimnis
1973 2248 54 33 des
2047 2247 125 35 Genius
2192 2246 245 45 einzudringen.

1605 2302 87 34 Aber
1707 2302 52 34 die
1773 2301 85 39 Idee,
1874 2300 31 35 d.
1922 2301 32 33 h.
1969 2300 56 33 das
2044 2300 140 33 innerste
2201 2300 125 31 Wesen
2347 2298 85 32 eines
2453 2296 34 33 in
2502 2294 167 34 zahllosen

1526 2357 140 32 Formen
1695 2354 55 34 der
1778 2352 243 35 Wirklichkeit
2049 2359 201 26 vermuteten
2279 2350 103 33 Einen
2405 2345 265 40 Naturstrebens,

1527 2406 77 35 läfst
1623 2407 70 33 sich
1712 2419 62 20 nur
1800 2405 45 34 als
1870 2405 52 33 die
1947 2402 261 47 Uebertreibung
2231 2415 68 21 von
2318 2403 96 31 Einer
2442 2399 79 34 oder
2546 2399 44 33 als
2617 2399 54 33 ein

1529 2457 325 36 Durchschnittsbild
1879 2469 56 22 aus
1955 2455 98 34 Allen
2078 2468 67 21 von
2171 2455 110 33 diesen
2305 2451 201 36 wirklichen
2532 2453 139 31 Formen

1529 2511 215 35 anschaulich
1767 2509 189 40 vorstellen;
1981 2521 101 21 wenn
2105 2507 52 33 die
2181 2509 108 31 Kunst
2315 2505 52 33 die
2397 2504 73 33 Idee
2499 2502 170 34 enthüllen

1530 2563 79 40 soll,
1644 2563 89 34 dann
1761 2562 137 34 erreicht
1926 2561 45 33 sie
2003 2559 51 34 ihr
2081 2559 107 33 letztes
2216 2557 70 35 Ziel
2319 2556 170 34 entweder
2517 2556 47 33 im
2594 2568 59 21 ana-

1529 2616 188 34 tomischen
1732 2615 136 33 Schema
1884 2612 77 34 oder
1976 2613 33 32 in
2025 2611 56 34 der
2096 2610 186 34 Karikatur.
2317 2608 145 34 Deshalb
2477 2606 94 48 gefiel
2585 2607 88 33 diese

1530 2666 173 37 Aesthetik
1729 2667 36 33 in
1790 2665 164 47 gleichem
1981 2663 108 34 Mafse
2122 2663 76 33 dem
2225 2661 200 47 gebildetem
2453 2663 122 43 Bürger
2604 2657 70 35 und

1531 2719 76 35 dem
1626 2715 395 39 Boheme-Romantiker.
2059 2716 62 33 Die
2139 2714 172 34 Phantasie
2329 2711 110 35 durfte
2458 2713 89 32 ohne
2568 2712 106 33 Scheu

1531 2785 109 28 rasen;
1664 2771 44 34 sie
1731 2768 104 36 schuf
1855 2770 124 33 Ideeen.
2023 2768 77 33 Und
2126 2766 75 34 dem
2227 2764 184 48 gebildeten
2437 2763 237 47 Bürgerstande

1531 2822 233 37 schmeichelte
1787 2836 50 26 es,
1863 2834 102 21 wenn
1988 2833 33 20 er
2044 2818 197 48 umgekehrt
2267 2830 40 21 zu
2331 2817 167 34 verstehen
2519 2815 154 47 glaubte:

1531 2890 71 22 was
1618 2879 84 32 Gott
1721 2874 175 47 eigentlich
1915 2874 119 32 immer
2048 2870 140 49 gewollt
2209 2869 74 35 aber
2302 2870 93 33 nicht
2409 2868 150 47 gekonnt
2577 2867 97 40 habe,

1531 2928 71 35 und
1622 2926 135 35 deshalb
1785 2927 63 33 den
1875 2922 376 37 Akademiedirektoren
2271 2921 186 35 überlassen
2477 2918 134 41 mufste,
2631 2919 46 33 sei

1533 2981 55 34 das
1609 2977 264 48 Mittelmäfsige.

1611 3034 85 32 Was
1717 3031 63 34 soll
1800 3030 74 34 aber
1892 3029 52 33 bei
1963 3032 86 30 Dem
2069 3026 111 35 Allem
2199 3026 51 34 die
2266 3028 107 31 Kunst
2383 3028 11 30 ?
2427 3025 62 33 Die
2509 3027 108 31 Kunst
2636 3024 43 33 ist

1533 3083 56 36 für
1617 3084 52 34 die
1696 3081 161 40 Zwecke,
1886 3081 52 33 die
1967 3080 61 34 alle
2056 3078 282 35 Ideenästhetiken
2371 3078 56 33 der
2459 3079 107 32 Kunst
2601 3088 58 22 vor-

1534 3135 182 40 schreiben,
1731 3134 203 46 überflüssig.
1966 3135 36 42 Ja
2020 3132 52 34 die
2089 3134 106 31 Kunst
2210 3133 90 32 wäre
2316 3130 77 33 dem
2407 3129 140 35 wahren
2562 3130 117 32 Werte

1534 3189 54 34 des
1610 3185 216 37 Kunstwerks
1849 3184 186 41 schädlich,
2061 3196 101 22 wenn
2189 3182 102 34 dieser
2314 3183 34 33 in
2375 3182 88 33 einer
2488 3179 191 48 objektiven

1534 3240 197 46 Mitteilung
1750 3237 164 35 bestände.
1952 3240 97 30 Denn
2075 3239 28 42 je
2121 3234 124 35 stärker
2270 3234 53 34 die
2342 3236 96 31 Form
2463 3234 55 33 des
2538 3232 142 35 Werkes

1534 3292 120 41 wirkt,
1676 3305 57 20 um
1759 3304 36 21 so
1820 3290 148 46 weniger
1987 3287 148 46 objektiv
2159 3286 90 35 kann
2274 3286 56 34 der
2357 3284 183 49 Ergriffene
2569 3285 113 33 dessen

1535 3344 110 35 Inhalt
1678 3342 157 43 erfassen;
1868 3355 59 20 um
1957 3354 37 20 so
2028 3341 93 33 mehr
2148 3352 67 21 von
2244 3342 103 36 Dem,
2379 3351 70 21 was
2482 3338 72 34 ihm
2586 3338 96 46 eigen

1536 3398 52 38 ist,
1617 3397 96 45 steigt
1742 3408 57 21 aus
1828 3395 104 33 seiner
1961 3392 89 34 Seele
2078 3405 116 34 empor
2220 3390 71 35 und
2319 3391 121 33 mischt
2467 3391 71 33 sich
2565 3391 34 33 in
2629 3390 53 33 die

1536 3448 274 46 Vorstellungen,
1848 3447 52 32 die
1938 3446 69 33 ihm
2044 3444 55 34 der
2136 3443 155 35 Künstler
2329 3443 99 47 giebt.
2480 3443 64 33 Die
2581 3455 101 34 ganze

1536 3499 152 36 Technik
1720 3500 79 46 geht
1823 3496 122 36 darauf
1964 3511 73 27 aus,
2067 3497 103 33 dieses
2195 3494 188 48 Subjektive
2411 3495 272 39 heranzuziehen,

1538 3551 146 36 Gefühle
1715 3552 63 34 mit
1806 3551 62 34 den
1905 3549 188 35 erweckten
2126 3548 258 47 Vorstellungen
2419 3561 41 20 zu
2496 3547 187 35 verweben.

1537 3607 86 32 Wer
1654 3617 54 21 zur
1739 3606 110 31 Kunst
1880 3601 116 48 greift,
2026 3603 84 45 zeigt
2138 3601 89 38 also,
2256 3599 70 35 dafs
2355 3613 71 22 was
2461 3613 32 20 er
2521 3599 165 34 mitteilen

1538 3656 90 41 will,
1648 3655 97 35 keine
1764 3655 165 46 objektive
1948 3653 198 35 Erkenntnis
2171 3654 69 33 sein
2258 3651 105 44 kann;
2387 3655 47 44 ja,
2463 3651 72 35 dafs
2562 3666 33 20 er
2622 3653 64 33 den
