3691 4572
2090 3856 211 42 186

979 537 223 37 verflimmern
1215 533 70 36 und
1302 532 52 36 oft
1369 532 63 35 alle
1446 530 111 35 Fehler
1576 529 56 36 der
1645 527 331 51 photographischen
1989 525 148 49 Vorlage

979 593 50 33 ins
1048 588 211 37 Unleidliche
1277 584 199 37 verstärken.

1056 640 119 49 Irgend
1194 640 130 35 welche
1355 635 286 47 Anforderungen
1665 647 43 21 an
1727 633 65 35 den
1812 631 212 37 Geschmack
2043 630 93 36 kann

979 708 78 23 man
1072 694 53 35 bei
1140 692 137 36 solchen
1291 689 251 36 Illustrationen
1562 687 70 35 und
1651 687 53 35 bei
1723 687 77 34 dem
1819 684 318 48 verhängnisvollen

978 745 153 43 Einflufs,
1147 746 65 35 den
1223 746 46 33 sie
1283 740 64 38 auf
1356 742 114 48 Papier
1484 740 70 35 und
1564 742 132 46 Typen,
1711 739 69 35 wie
1792 736 66 38 auf
1869 738 52 34 die
1936 750 102 35 ganze
2049 739 66 32 Aus-

978 808 150 39 stattung
1147 797 165 40 ausüben,
1337 795 95 34 nicht
1455 793 95 35 mehr
1568 791 127 36 stellen.
1733 794 40 32 Es
1793 790 90 36 wird
1907 790 87 35 auch
2017 790 36 34 in
2072 789 65 35 den

978 853 138 35 meisten
1143 849 152 36 Büchern
1322 846 108 36 kaum
1462 845 92 35 noch
1582 845 57 34 der
1667 844 148 36 Versuch
1847 842 86 36 dazu
1961 842 174 48 gemacht:

977 903 239 47 Abbildungen
1230 899 138 37 werden
1385 898 78 35 über
1479 897 240 48 Abbildungen
1734 894 153 51 gehäuft,
1898 895 139 36 werden
2051 908 85 35 ganz

976 955 213 38 willkürlich
1207 953 69 35 und
1303 953 35 33 in
1364 951 119 35 bunter
1500 951 196 47 Mischung,
1715 950 89 35 nach
1822 948 65 35 den
1905 948 213 36 verschieden-

977 1009 155 47 artigsten
1158 1005 217 49 Originalen,
1398 1004 108 35 neben
1530 1003 158 35 einander
1712 1002 148 49 gestellt;
1879 1000 257 49 Zinkätzungen

976 1061 150 35 mischen
1145 1060 71 34 sich
1234 1059 63 35 mit
1316 1055 261 42 Lichtdrucken,
1593 1057 63 33 mit
1670 1055 282 48 Heliogravüren,
1972 1053 82 43 und,
2074 1066 62 22 um

976 1115 65 34 den
1060 1110 169 38 Eindruck
1251 1110 93 35 noch
1367 1110 120 35 bunter
1502 1108 70 35 und
1583 1109 187 48 unruhiger
1780 1120 41 22 zu
1832 1106 154 41 machen,
1996 1106 138 37 werden

977 1167 86 34 auch
1091 1164 53 36 die
1171 1163 185 36 modernen
1378 1162 373 35 Farbenillustrationen
1777 1159 66 36 auf
1862 1159 196 48 Grundlage
2076 1159 59 36 der

976 1218 250 48 Photographie
1241 1216 262 48 hinzugezogen.
1531 1216 98 33 Diese
1643 1215 114 34 stehen
1771 1214 77 35 aber
1862 1213 92 34 noch
1968 1212 166 35 durchaus

975 1272 36 34 in
1034 1270 65 35 den
1117 1268 179 49 Anfängen
1321 1270 87 33 ihrer
1428 1266 280 49 Entwickelung:
1730 1267 57 35 der
1815 1264 319 41 Dreifarbendruck,

977 1324 55 35 der
1050 1320 317 39 Farbenlichtdruck
1389 1334 33 23 u.
1443 1334 24 21 s.
1488 1319 26 36 f.
1533 1320 122 49 geben,
1685 1319 109 36 aufser
1822 1333 60 21 wo
1911 1319 47 34 sie
1985 1318 53 34 die
2062 1319 55 33 ein-

975 1376 152 36 fachsten
1141 1373 227 38 Lokalfarben
1388 1374 155 48 gewisser
1558 1371 119 43 Stoffe,
1695 1373 153 34 Pflanzen
1867 1371 80 35 oder
1965 1371 69 48 dgl.
2054 1371 82 35 oder

975 1442 64 22 nur
1066 1428 145 35 einzelne
1239 1426 152 36 einfache
1415 1430 96 31 Töne
1538 1425 219 42 nachbilden,
1785 1426 63 34 mit
1874 1424 147 35 seltenen
2046 1426 67 33 Aus-

976 1482 148 35 nahmen
1142 1494 64 21 nur
1220 1480 54 35 ein
1287 1480 123 35 höchst
1424 1479 320 36 unvollkommenes
1758 1477 206 40 Farbenbild,
1979 1486 134 25 nament-

978 1535 69 35 lich
1062 1547 66 22 von
1144 1532 264 41 Kunstwerken,
1422 1532 70 35 und
1507 1532 106 35 lassen
1627 1531 53 35 die
1695 1531 308 49 photographische
2013 1531 104 33 Unter-

976 1588 91 47 lage,
1099 1585 178 36 besonders
1305 1587 38 34 in
1370 1585 65 35 den
1460 1585 175 42 Schatten,
1665 1583 84 36 aufs
1776 1583 277 49 Empfindlichste
2080 1595 58 23 zur

977 1640 149 47 Geltung
1150 1639 174 35 kommen.
1361 1639 169 34 Dennoch
1557 1639 42 34 ist
1625 1638 58 34 der
1707 1635 212 38 Geschmack
1948 1635 107 35 durch
2085 1635 53 35 die

975 1693 212 34 illustrierten
1196 1691 230 41 Witzblätter,
1443 1689 247 42 Zeitschriften,
1705 1693 190 33 Annoncen
1911 1701 33 23 u.
1955 1702 23 22 s.
1990 1686 24 37 f.
2032 1688 106 35 schon

976 1759 38 22 so
1033 1746 83 35 weit
1135 1744 186 36 verdorben
1340 1743 82 36 oder
1441 1757 37 21 so
1498 1741 262 44 überraffiniert,
1784 1741 72 36 dafs
1877 1741 56 35 das
1954 1740 185 36 Publikum

976 1799 89 35 auch
1092 1797 114 36 solche
1232 1796 164 36 häfsliche
1425 1795 232 37 Farbenbilder
1684 1796 168 35 zwischen
1883 1798 98 44 jenen
2013 1807 125 35 grauen

977 1850 69 37 und
1065 1851 113 35 flauen
1196 1849 257 48 Zinkätzungen
1472 1849 69 35 und
1561 1848 263 40 Lichtdrucken,
1844 1848 100 34 selbst
1963 1848 36 34 in
2018 1846 100 35 künst-

975 1904 162 35 lerischen
1147 1902 275 41 Publikationen,
1434 1902 163 48 verlangt,
1612 1901 72 35 und
1700 1901 73 35 dafs
1784 1901 53 35 die
1847 1900 156 48 Verleger
2019 1900 120 34 immer

976 1959 131 39 Neues,
1140 1956 120 34 immer
1287 1958 159 32 Bunteres
1477 1954 72 35 und
1583 1953 333 37 Geschmackloseres
1945 1966 42 21 zu
2019 1952 121 36 liefern

975 2009 142 35 bestrebt
1144 2009 74 35 sind
1326 2008 53 35 die
1411 2008 141 34 meisten
1579 2006 135 36 freilich
1745 2008 47 33 im
1827 2006 115 35 besten
1969 2004 169 40 Glauben,

976 2061 91 36 dank
1090 2061 57 36 der
1166 2061 227 48 Verbildung,
1418 2061 54 35 die
1498 2060 102 36 dieses
1619 2060 387 35 Illustrationsunwesen
2032 2059 106 34 schon

976 2114 207 49 angerichtet
1202 2115 69 34 hat.

1055 2168 102 35 Nach
1176 2168 115 34 einer
1314 2167 176 46 Richtung
1511 2166 43 34 ist
1580 2165 104 35 dieses
1703 2165 108 35 Urteil
1836 2162 303 37 einzuschränken:

977 2219 154 37 einfache
1154 2220 262 47 Zeichnungen,
1440 2220 69 33 wie
1535 2217 236 50 Kupferstiche
1795 2217 71 34 und
1891 2216 248 41 Holzschnitte,

976 2274 106 35 lassen
1102 2274 71 34 sich
1189 2272 107 36 durch
1310 2272 54 35 die
1380 2272 329 49 photographischen
1724 2269 306 40 Druckverfahren,
2050 2270 90 33 auch

977 2326 108 35 durch
1112 2326 53 35 die
1192 2326 247 47 Hochätzung,
1468 2325 48 34 bis
1545 2338 40 21 zu
1615 2325 110 33 einem
1754 2324 165 47 gewissen
1945 2321 110 36 Grade
2084 2322 56 34 der

976 2378 221 49 Vollendung
1216 2377 245 48 wiedergeben.
1499 2376 140 35 Freilich
1657 2376 89 35 wird
1765 2377 72 34 eine
1856 2375 196 48 Radierung
2071 2387 69 22 von

976 2431 226 41 Rembrandt,
1237 2432 55 34 ein
1329 2430 206 35 Florentiner
1566 2429 137 41 Niello,
1737 2429 71 34 eine
1842 2429 198 47 Zeichnung
2071 2440 69 22 von

977 2483 253 49 Michelangelo
1251 2484 87 35 auch
1358 2497 55 28 so,
1433 2483 98 34 selbst
1559 2483 55 34 bei
1637 2482 59 34 der
1723 2480 150 49 größten
1898 2479 148 49 Sorgfalt
2068 2480 72 34 und

979 2538 91 34 ohne
1088 2536 269 48 Verkleinerung
1380 2536 72 35 sich
1477 2536 94 35 nicht
1599 2536 91 33 ohne
1718 2536 74 33 eine
1816 2533 141 49 gewiße
1982 2532 158 36 Einbuße

978 2589 255 50 reproduzieren
1248 2589 123 43 lassen;
1390 2590 36 33 in
1452 2589 64 34 den
1542 2588 185 35 modernen
1746 2585 295 37 Dutzendwerken
2060 2585 81 35 über

978 2646 113 32 Kunst
1110 2643 193 34 erscheinen
1322 2641 102 36 daher
1452 2641 53 35 die
1533 2639 256 37 Meisterwerke
1816 2641 88 33 eines
1932 2639 208 35 Rembrandt

977 2696 36 34 in
1032 2696 199 48 Zeichnung
1255 2695 81 35 oder
1354 2695 213 47 Radierung,
1592 2693 73 35 und
1693 2692 105 36 kaum
1824 2693 147 47 weniger
1997 2692 53 34 die
2069 2692 54 34 ein-

980 2747 157 36 facheren
1156 2748 160 35 Arbeiten
1326 2748 89 34 eines
1425 2750 108 32 Dürer
1544 2747 71 35 und
1625 2746 164 40 Holbein,
1809 2748 96 32 Marc
1924 2747 119 32 Anton
2058 2745 82 33 oder

979 2803 187 46 Mantegna
1199 2802 46 34 als
1269 2800 104 49 grobe
1405 2799 132 49 klexige
1568 2799 306 47 Nachbildungen;
1903 2797 76 35 aber
2005 2796 53 35 bei
2084 2797 57 34 der

982 2855 167 47 richtigen
1185 2853 168 36 Auswahl
1394 2853 72 35 und
1502 2852 147 48 Hebung
1680 2850 80 37 läßt
1797 2852 71 34 sich
1907 2854 78 44 jetzt
2033 2850 106 35 schon

982 2907 92 35 recht
1093 2907 182 48 Tüchtiges
1295 2907 179 39 erreichen,
1498 2907 69 34 wie
1600 2905 54 34 die
1677 2904 269 48 mustergiltigen
1978 2902 143 36 Publika-

980 2961 117 33 tionen
1115 2959 57 36 der
1190 2959 182 36 deutschen
1386 2957 296 37 Reichsdruckerei
1695 2957 179 35 beweisen.
1904 2957 97 34 Diese
2020 2956 96 34 Nach-

982 3011 187 49 bildungen
1183 3012 110 36 haben
1307 3011 155 49 zugleich
1476 3011 64 35 den
1561 3010 141 41 Vorteil,
1719 3009 73 36 dafs
1807 3011 45 33 sie
1867 3010 71 34 sich
1954 3009 76 35 dem
2045 3010 94 38 Text,

983 3065 56 35 der
1067 3067 95 47 Type
1190 3065 71 35 und
1293 3065 77 34 dem
1403 3065 116 47 Papier
1550 3064 129 34 stilvoll
1714 3061 238 41 anschließen,
1986 3062 69 35 wie
2088 3061 53 34 die

982 3118 187 48 Originale.
1225 3117 152 35 Dieselbe
1400 3116 330 50 Reproduktionsart
1757 3114 79 37 läßt
1858 3116 72 34 sich
1958 3113 77 36 aber
2053 3115 89 34 auch

982 3169 56 35 für
1069 3170 161 35 moderne
1263 3171 242 46 Zeichnungen
1524 3169 202 36 verwenden
1745 3168 70 35 und
1838 3168 88 35 diese
1945 3167 107 35 lassen
2071 3168 71 34 sich

982 3236 69 22 von
1084 3224 200 34 vornherein
1316 3236 37 21 so
1387 3222 199 41 behandeln,
1620 3222 72 35 dafs
1730 3222 46 34 sie
1808 3222 97 34 einen
1938 3220 64 35 den
2025 3222 118 46 Typen

986 3276 190 49 adäquaten
1187 3275 186 36 Charakter
1381 3276 150 35 erhalten
1547 3275 71 35 und
1636 3275 154 48 zugleich
1809 3275 34 34 in
1864 3273 57 36 der
1940 3272 182 51 Reproduk-

985 3328 75 35 tion
1077 3330 138 46 günstig
1234 3328 175 35 kommen.
1465 3330 80 33 Dies
1564 3330 42 33 ist
1620 3341 68 22 von
1707 3328 175 47 tüchtigen
1896 3326 179 35 Künstlern
2095 3326 49 34 im

983 3380 171 35 Auslande
1179 3381 109 48 längst
1308 3380 142 37 erkannt
1469 3381 159 43 worden;
1651 3380 77 35 aber
1746 3381 88 34 auch
1862 3378 54 35 bei
1942 3392 61 21 uns
2034 3378 110 35 haben

983 3446 32 21 es
1050 3434 72 34 sich
1152 3438 138 43 jüngere
1322 3434 158 35 Künstler
1569 3435 56 34 ich
1643 3447 108 21 nenne
1785 3446 65 21 nur
1865 3432 120 35 Sattler
2074 3431 70 35 und

983 3485 100 35 selbst
1104 3486 149 35 einzelne
1272 3486 231 48 Herausgeber
1523 3487 68 34 und
1612 3486 156 48 Verleger
1787 3499 40 21 zu
1845 3488 112 32 Nutze
1976 3486 168 47 gemacht.

984 3540 51 31 Im
1055 3539 121 34 Führer
1195 3539 56 34 des
1266 3539 215 48 Hamburger
1495 3542 175 32 Museums
1690 3538 56 36 für
1765 3542 108 32 Kunst
1892 3539 69 34 und
1981 3537 164 36 Gewerbe

985 3590 58 34 hat
1063 3590 161 35 Direktor
1243 3591 227 36 Brinckmann
1490 3592 53 35 die
1566 3592 210 35 zahlreichen
1794 3591 251 35 Illustrationen
2066 3591 80 47 (mit

986 3655 83 33 ganz
1100 3644 157 48 wenigen
1284 3646 239 41 Ausnahmen,
1556 3646 68 35 wie
1657 3646 131 48 Spitzen
1815 3658 33 21 u.
1878 3643 82 49 dgl.,
1989 3643 53 35 die
2074 3644 72 35 sich

2243 526 89 34 ihrer
2344 527 115 33 Natur
2477 525 87 34 nach
2579 524 105 35 durch
2704 524 144 36 direktes
2867 525 323 49 photographisches
3210 527 170 38 Druckver-

2243 577 119 35 fahren
2377 578 139 47 günstig
2529 578 235 47 wiedergeben
2778 578 125 47 lassen)
2920 578 264 36 ausschließlich
3198 579 64 35 auf
3276 581 125 37 diesem

2242 633 114 45 Wege
2366 630 177 35 herstellen
2554 630 123 42 lassen;
2698 643 34 21 er
2750 631 59 34 hat
2820 631 95 34 einen
2926 630 178 36 besonders
3116 630 99 36 dafür
3234 631 161 49 begabten

2243 682 159 36 Künstler
2438 684 255 46 herangezogen
2729 683 71 35 und
2836 684 120 34 weiter
2991 684 206 47 ausgebildet
3233 685 71 35 und
3341 687 58 35 hat

2244 736 60 34 ihn
2324 748 108 35 sogar,
2470 736 36 34 in
2542 736 158 47 richtiger
2736 734 202 36 Erkenntnis
2971 736 57 35 der
3064 737 198 49 Bedeutung
3297 738 103 37 dieser

2241 788 209 48 Thätigkeit,
2467 788 47 35 als
2529 788 203 35 Assistenten
2753 802 43 21 an
2816 788 57 35 der
2891 789 201 48 Sammlung
3120 789 148 36 dauernd
3299 804 82 36 ange-

2243 841 100 35 stellt.
2399 844 39 32 In
2458 840 57 36 der
2528 842 90 34 That
2636 840 106 49 geben
2761 840 88 36 diese
2869 842 35 33 in
2918 842 229 48 Hochätzung
3167 842 45 35 als
3231 844 170 36 Facsimile

2242 893 267 50 reproduzierten
2529 894 243 47 Zeichnungen
2793 894 64 34 den
2873 893 184 36 Charakter
3076 894 56 35 des
3152 896 182 41 Materials,
3349 897 53 35 die

2242 947 149 34 Feinheit
2413 946 56 36 des
2495 946 131 36 Dekors
2653 947 70 34 und
2749 947 55 34 die
2824 946 136 36 Valeurs
2989 947 157 48 richtiger
3163 948 72 34 und
3258 948 145 37 schärfer

2242 1000 128 35 wieder
2398 999 47 36 als
2472 1000 36 34 in
2537 999 57 35 der
2621 999 105 49 Regel
2753 999 100 35 selbst
2880 999 147 48 gröfsere
3055 1000 286 49 Nachbildungen
3367 1004 35 33 in

2241 1052 210 35 Lichtdruck
2474 1051 82 36 oder
2580 1052 263 49 Heliogravüre,
2869 1066 70 21 von
2963 1052 65 35 den
3053 1052 135 35 kleinen
3212 1054 171 36 Textabbil-

2243 1105 136 49 dungen
2393 1106 36 34 in
2443 1108 212 45 Netzätzung
2669 1119 84 34 ganz
2772 1119 41 21 zu
2828 1106 205 47 schweigen.
3066 1106 83 35 Wie
3164 1107 237 47 Vorzügliches

2241 1159 36 34 in
2293 1159 110 34 diesen
2418 1156 187 38 Verfahren
2620 1159 150 47 geleistet
2782 1158 136 35 werden
2933 1159 103 40 kann,
3052 1171 103 22 wenn
3170 1159 52 34 ein
3237 1160 167 48 tüchtiger

2241 1212 160 34 Künstler
2427 1211 153 48 zugleich
2608 1212 58 34 der
2688 1213 112 34 Autor
2828 1211 55 35 des
2909 1212 127 34 Buches
3064 1211 69 35 und
3161 1211 56 35 der
3242 1213 161 35 Zeichner

2241 1265 59 34 der
2318 1264 254 35 Illustrationen
2596 1265 56 40 ist,
2680 1263 100 36 dafür
2805 1264 75 35 sind
2906 1264 52 35 die
2982 1263 263 36 Publikationen
3270 1265 55 34 des
3345 1265 39 35 be-

2241 1317 151 35 kannten
2423 1317 178 35 Sammlers
2638 1316 71 36 und
2741 1317 283 49 Aquarellmalers
3061 1319 118 45 Henry
3209 1318 125 35 Wallis
3366 1319 35 34 in

2241 1370 148 35 London
2416 1371 55 34 ein
2498 1370 197 48 glänzendes
2723 1369 151 50 Beispiel.
2916 1371 64 33 Die
3001 1371 291 47 Strichätzungen,
3311 1373 71 33 Ton-

2241 1428 179 44 ätzungen,
2436 1423 267 49 Lithographien
2716 1423 71 35 und
2801 1423 376 49 Farbenlithographien
3190 1425 87 33 nach
3291 1425 112 34 seinen

2241 1477 241 47 Zeichnungen
2500 1476 71 34 und
2591 1476 215 48 Aquarellen,
2826 1475 130 36 welche
2975 1478 171 44 Fayencen
3165 1476 57 34 der
3240 1477 145 34 verschie-

2242 1529 138 35 densten
2399 1529 116 35 Zeiten
2540 1529 72 35 und
2638 1529 130 34 Länder
2792 1528 251 48 wiedergeben,
3067 1528 74 35 sind
3165 1528 121 35 ebenso
3313 1538 90 26 treue

2245 1581 286 49 Nachbildungen
2559 1582 68 35 wie
2655 1581 223 35 künstlerisch
2906 1581 80 35 freie
3015 1581 70 35 und
3118 1580 89 36 feine
3233 1582 169 41 Arbeiten,

2245 1635 109 35 durch
2378 1634 53 34 die
2463 1635 90 34 seine
2580 1633 173 42 Aufsätze,
2781 1635 107 34 neben
2916 1635 108 34 ihrem
3055 1633 347 37 wissenschaftlichen

2245 1690 113 39 Wert,
2377 1689 97 33 einen
2489 1700 83 36 ganz
2591 1686 205 36 besonderen
2817 1691 129 31 Genuss
2966 1687 194 49 gewähren.

2323 1740 118 36 Leider
2465 1740 90 36 wird
2583 1754 64 20 nur
2674 1754 85 34 ganz
2791 1741 285 35 ausnahmsweise
3109 1739 125 35 einmal
3266 1741 54 33 ein
3334 1743 46 33 Ge-

2245 1794 121 34 lehrter
2377 1793 154 48 zugleich
2541 1793 57 35 der
2608 1792 243 36 künstlerische
2862 1796 160 46 Interpret
3037 1794 105 33 seiner
3153 1792 231 36 wissenschaft-

2245 1846 113 35 lichen
2372 1847 159 34 Arbeiten
2559 1846 70 35 sein
2649 1846 81 35 oder
2761 1848 54 33 ein
2831 1847 155 34 Künstler
3001 1844 322 37 wissenschaftliche
3337 1848 44 33 Ar-

2245 1899 110 35 beiten
2384 1898 214 50 publizieren,
2631 1900 54 34 die
2719 1912 33 22 er
2783 1899 203 35 illustrieren
3017 1898 103 36 kann.
3175 1898 228 49 Regelmäfsig

2245 1952 90 36 wird
2350 1952 56 35 der
2421 1951 230 49 Herausgeber
2671 1952 69 35 also
2756 1950 125 37 darauf
2896 1952 211 48 angewiesen
3127 1952 80 40 sein,
3228 1952 72 35 sich
3318 1953 86 34 nach

2245 2006 110 33 einem
2369 2005 175 48 tüchtigen
2559 2006 163 34 Zeichner
2732 2006 215 40 umzusehen,
2968 2004 56 35 der
3042 2006 36 33 in
3097 2013 121 31 treuer,
3243 2004 162 35 stilvoller

2245 2058 118 35 Weise
2382 2057 70 35 und
2469 2058 89 34 doch
2569 2056 222 37 künstlerisch
2805 2058 70 34 und
2887 2058 184 48 eigenartig
3082 2058 53 34 die
3154 2057 251 35 Illustrationen

2245 2111 47 34 als
2312 2110 147 49 Vorlage
2477 2109 56 36 für
2559 2110 54 35 die
2625 2113 153 46 Aetzung
2789 2110 69 35 und
2877 2112 62 33 mit
2958 2110 106 36 voller
3083 2110 188 35 Rücksicht
3282 2109 64 36 auf
3353 2110 52 35 die

2245 2162 323 49 Eigentümlichkeit
2589 2163 55 34 des
2664 2162 201 36 Verfahrens
2885 2164 69 34 und
2975 2162 65 36 auf
3059 2164 65 34 den
3144 2162 186 35 Charakter
3349 2162 55 35 der

2246 2219 152 46 Satztype
2412 2217 158 34 zeichnet.
2623 2216 121 35 Solche
2760 2216 156 35 Künstler
2931 2230 41 21 zu
2986 2216 125 40 finden,
3127 2216 71 35 hält
3214 2216 77 34 aber
3304 2215 101 36 leider

2245 2270 74 34 sehr
2328 2270 150 35 schwer:
2487 2277 99 26 unter
2596 2269 147 34 hundert
2751 2270 179 34 Künstlern
2940 2269 139 36 werden
3087 2269 317 48 neunundneunzig,

2245 2322 71 34 und
2328 2335 102 22 wenn
2449 2323 45 33 sie
2513 2335 31 21 es
2565 2322 90 34 noch
2674 2336 37 20 so
2732 2323 99 46 nötig
2840 2322 121 41 haben,
2982 2322 71 35 sich
3063 2321 57 35 für
3139 2335 42 22 zu
3199 2330 62 40 gut
3280 2322 124 40 halten,

2245 2375 115 34 solche
2369 2375 300 40 „Sklavenarbeit“
2680 2389 38 20 zu
2729 2376 158 44 machen;
2899 2375 78 35 aber
2987 2375 89 34 auch
3087 2375 187 47 abgesehen
3284 2375 120 41 davon,

2245 2428 74 35 sind
2337 2427 103 35 leider
2464 2427 189 49 überhaupt
2677 2441 65 22 nur
2764 2441 84 35 ganz
2867 2429 135 47 wenige
3026 2426 155 50 befähigt
3201 2428 94 35 dazu.
3332 2431 73 31 Den

2248 2479 186 37 Charakter
2462 2481 88 34 eines
2579 2479 151 36 fremden
2756 2481 243 35 Kunstwerkes
3029 2489 73 27 treu
3130 2481 274 47 wiederzugeben

2245 2533 72 35 und
2337 2533 90 35 doch
2446 2533 155 48 zugleich
2620 2534 54 34 die
2693 2535 158 46 Eigenart
2871 2546 57 22 zur
2948 2533 151 49 Geltung
3119 2547 41 21 zu
3180 2533 152 48 bringen,
3353 2533 52 35 die

2246 2586 58 34 der
2314 2585 210 36 Illustration
2546 2595 63 25 erst
2629 2586 53 35 die
2700 2586 241 35 künstlerische
2961 2587 127 35 Weihe
3109 2586 101 48 giebt,
3231 2588 82 33 dazu
3332 2585 73 35 sind

2246 2640 49 33 im
2305 2639 237 48 Allgemeinen
2556 2640 106 34 schon
2674 2641 134 46 wenige
2824 2639 187 48 veranlagt;
3027 2639 101 35 leider
3142 2640 43 34 ist
3200 2638 76 36 aber
3290 2651 115 23 unsere

2245 2692 137 48 heutige
2396 2692 290 48 Kunsterziehung
2704 2693 94 35 nicht
2813 2692 85 35 dazu
2919 2693 180 47 angethan,
3115 2693 53 34 ein
3182 2691 120 36 Talent
3320 2693 87 33 nach

2246 2745 104 34 dieser
2365 2745 177 47 Richtung
2556 2757 41 21 zu
2612 2745 217 35 entwickeln.
2853 2744 84 36 Dafs
2953 2759 78 21 man
3047 2745 54 35 bei
3116 2758 61 21 uns
3192 2746 35 33 in
3243 2745 145 34 Deutsch-

2246 2797 80 35 land
2347 2796 63 36 auf
2429 2797 64 35 den
2512 2797 256 35 verschiedenen
2787 2798 287 35 Kunstinstituten
3097 2811 64 21 nur
3180 2796 227 49 ungenügend

2247 2850 158 35 zeichnen
2420 2850 97 41 lernt,
2532 2851 41 33 ist
2588 2851 73 34 eine
2675 2864 41 21 zu
2730 2850 167 36 bekannte
2911 2850 70 35 und
2996 2850 204 35 anerkannte
3211 2851 197 39 Thatsache,

2247 2917 60 20 um
2335 2904 92 34 noch
2446 2904 147 35 Beweise
2616 2902 99 36 dafür
2740 2904 247 48 beizubringen.
3024 2906 127 32 Unsere
3174 2904 124 34 älteren
3316 2902 69 36 Aka-

2247 2955 163 41 demiker,
2420 2955 54 36 die
2488 2957 33 33 in
2532 2957 87 34 ihrer
2629 2957 73 34 Zeit
2714 2957 44 35 als
2770 2957 161 35 Zeichner
2942 2970 57 36 par
3010 2956 182 35 excellence
3204 2956 124 48 galten,
3339 2956 69 35 und

2248 3022 69 21 von
2328 3008 106 35 denen
2453 3010 143 34 manche
2615 3010 119 47 gerade
2753 3010 107 34 durch
2874 3011 71 33 ihre
2960 3009 252 35 Illustrationen
3226 3010 71 33 sich
3315 3010 94 33 ihren

2247 3064 137 32 Namen
2400 3062 168 40 machten,
2579 3062 109 35 haben
2704 3064 72 33 eine
2792 3062 269 40 oberflächliche,
3073 3061 335 49 verallgemeinernde

2250 3114 82 35 oder
2356 3115 265 35 verschönernde
2646 3114 246 49 Auffassungs-
2911 3115 70 35 und
3000 3116 336 47 Zeichnungsweise,
3356 3114 52 34 die

2249 3168 36 33 in
2313 3167 57 35 das
2398 3170 128 32 Wesen
2559 3168 57 34 der
2643 3170 111 46 Dinge
2783 3170 95 33 nicht
2910 3168 185 48 eindringt,
3123 3167 54 35 die
3206 3168 113 35 weder
3346 3167 63 34 den

2252 3219 186 36 Charakter
2464 3220 92 35 noch
2583 3220 63 35 den
2674 3222 122 33 Schein
2827 3222 86 33 eines
2946 3220 91 36 alten
3064 3220 238 35 Kunstwerkes
3335 3228 74 26 treu

2250 3272 276 49 wiederzugeben
2546 3274 48 33 im
2614 3274 122 35 Stande
2767 3275 53 34 ist.
2874 3275 63 34 Ein
2966 3273 74 35 sehr
3059 3273 257 35 bezeichnendes
3336 3272 55 35 Bei-

2251 3326 81 49 spiel
2348 3325 98 36 dafür
2460 3325 112 36 bieten
2588 3328 55 33 ein
2658 3340 77 35 paar
2749 3326 252 49 Zeichnungen,
3021 3326 53 34 die
3090 3328 87 33 einer
3192 3326 56 35 der
3261 3325 127 35 bekann-

2251 3387 105 26 testen
2381 3380 151 47 hiesigen
2557 3378 229 36 Akademiker
2808 3393 70 22 von
2906 3380 64 35 den
2998 3379 119 34 beiden
3142 3382 266 46 Hauptgruppen

2252 3432 54 33 des
2326 3431 135 48 grofsen
2476 3433 297 46 Pergamenischen
2787 3432 133 35 Friefses
2941 3446 58 21 aus
3015 3433 150 46 eigenem
3180 3431 140 36 Antrieb
3339 3429 70 36 und

2252 3484 71 35 voll
2348 3486 236 47 Begeisterung
2612 3485 81 35 über
2718 3490 73 43 jene
2819 3486 205 47 gewaltigen
3050 3485 202 49 Skulpturen
3271 3483 56 36 für
3352 3483 55 35 das

2250 3537 169 45 Jahrbuch
2444 3537 58 35 der
2525 3540 124 34 Preuss.
2674 3539 349 46 Kunstsammlungen
3050 3536 202 51 angefertigt
3279 3538 74 40 hat;
3377 3549 31 21 es

2252 3590 74 36 sind
2352 3591 70 34 rein
2440 3589 298 43 „akademische“,
2763 3591 138 36 lieblose
2920 3591 177 41 Arbeiten,
3126 3591 52 34 die
3207 3589 111 37 weder
3345 3589 63 34 den

2253 3643 186 35 Charakter
2469 3645 91 34 noch
2592 3644 98 35 selbst
2722 3645 57 34 das
2807 3644 158 35 Material
2996 3644 105 35 dieser
3127 3641 124 37 Reliefs
3280 3640 127 36 treffen.
