3682 4572
1367 3862 212 40 155

281 559 116 30 Laune
418 555 177 47 organisch
616 569 39 20 zu
675 558 255 34 verschmelzen:
953 572 36 21 so
1009 560 58 34 hat
1087 561 70 33 sich
1186 561 52 33 die
1257 563 112 32 Natur
1399 564 33 33 in

280 621 153 20 unserem
453 608 160 34 Theodor
644 610 148 32 Fontane
830 623 70 21 nun
940 612 122 34 einmal
1100 613 174 34 darstellen
1292 614 140 35 wollen.

280 660 85 35 Und
386 660 81 34 weil
492 660 87 34 diese
599 661 184 47 Mischung
816 663 72 33 eine
920 664 122 34 höchst
1067 674 109 38 aparte
1197 679 82 26 war,
1312 667 121 34 mufste

281 714 97 33 wohl
397 712 81 34 oder
507 712 76 35 übel
614 713 53 33 ein
686 713 138 34 Dichter
844 714 117 34 daraus
982 717 151 33 werden:
1167 719 107 40 Einer,
1309 719 55 35 der
1397 734 35 21 so

281 765 169 34 märkisch
470 778 82 26 war,
573 765 35 34 in
631 766 104 33 seiner
754 764 136 42 Einfalt,
922 768 185 34 Biederkeit
1140 769 69 34 und
1242 773 190 40 Geradheit,

281 818 68 35 wie
369 830 63 21 nur
449 821 32 43 je
500 816 116 49 irgend
637 817 52 34 ein
708 818 131 33 ältester
860 820 254 40 Autochthone,
1144 822 69 34 und
1242 823 75 34 dem
1338 825 95 34 dabei

279 871 120 33 immer
430 870 126 34 wieder
588 870 53 33 ein
675 869 95 34 tolles
791 874 208 43 Gascogner-
1020 873 307 47 Springteufelchen
1356 891 58 21 vor-

280 923 119 46 witzig
420 921 80 35 über
519 922 52 34 die
592 921 172 35 Schultern
785 921 136 48 guckte.

358 978 37 31 In
428 977 160 32 Fontanes
609 975 237 33 Wandertrieb
875 989 72 20 war
966 976 99 35 wohl
1093 991 38 20 so
1160 987 103 26 etwas
1283 983 129 46 Gascog-

282 1029 141 33 nisches.
479 1028 111 34 Schon
624 1027 56 34 der
700 1030 99 32 Vater
832 1029 106 45 zeigte
970 1028 86 34 diese
1083 1032 150 33 Unruhe.
1298 1034 78 33 Und
1395 1048 37 21 so

280 1080 144 34 verlebte
443 1079 161 35 Theodor
622 1080 88 34 denn
740 1080 91 34 recht
860 1079 152 49 bewegte
1031 1082 226 46 Kinderjahre.
1314 1088 41 31 Er
1373 1087 59 34 hat

282 1134 45 33 sie
349 1146 60 20 uns
427 1131 91 36 auf’s
539 1133 203 46 Prächtigste
757 1131 223 37 beschrieben.
1008 1136 78 31 Von
1100 1136 237 47 Neu-Ruppin
1353 1139 80 47 ging

279 1199 31 20 es
321 1185 85 35 nach
419 1184 240 35 Swinemünde
674 1184 69 34 und
760 1197 67 22 von
842 1185 241 35 Swinemünde
1096 1187 87 34 nach
1197 1190 235 47 Neu-Ruppin

279 1238 127 34 wieder
430 1237 136 35 zurück.
629 1236 79 35 Und
736 1246 77 24 stets
845 1251 73 20 war
951 1237 56 34 das
1027 1238 108 34 Leben
1168 1240 47 33 im
1236 1243 111 32 Hause
1379 1243 53 33 ein

279 1289 208 36 wibbelndes
507 1291 71 33 Hin
597 1290 71 34 und
688 1292 82 37 Her,
790 1290 62 33 mit
867 1289 108 35 vielen
994 1290 71 34 sich
1081 1290 255 48 zudrängenden
1363 1295 67 33 und

278 1343 126 33 wieder
423 1342 320 35 entschwindenden
752 1342 207 40 Gesichtern,
980 1343 62 33 mit
1058 1342 185 36 Auftritten
1263 1347 169 33 zwischen

279 1395 64 34 den
361 1395 124 41 Eltern,
505 1392 169 43 Befehlen,
694 1394 286 49 Widersprüchen
996 1394 70 35 und
1086 1395 169 35 allerhand
1269 1398 141 48 Schnipp-

279 1448 94 34 chen.
411 1451 99 31 Dann
529 1448 108 47 einige
655 1448 93 44 Jahre
768 1447 109 34 Berlin
897 1448 63 33 mit
979 1448 226 34 Schulbesuch
1225 1450 68 33 und
1314 1451 99 33 Schul-

278 1500 209 35 schwänzen.
543 1501 135 33 Eintritt
710 1501 35 32 in
778 1499 52 34 die
863 1499 247 35 wohllöbliche
1143 1501 289 48 Apothekerzunft

278 1553 69 34 und
380 1554 36 33 in
449 1552 53 35 die
531 1552 89 35 noch
641 1553 81 34 weit
741 1552 281 34 wohllöblichere
1042 1552 242 37 Dichterzunft.
1340 1554 91 35 Gift-

279 1605 68 34 und
367 1604 345 35 Heilmischerkünste
735 1604 112 35 hüben
872 1604 70 35 und
973 1605 136 35 drüben.
1165 1609 99 31 Dann
1285 1608 144 47 Leipzig,

279 1658 88 33 dann
388 1658 159 40 Dresden,
567 1658 69 33 und
657 1657 127 35 wieder
811 1657 119 34 Berlin.
987 1658 134 33 Eintritt
1142 1657 88 35 beim
1251 1660 179 46 Regiment

275 1711 139 39 „Kaiser
434 1712 124 33 Franz“
578 1710 68 34 und
668 1710 276 35 zwischendurch
960 1710 53 34 ein
1033 1710 149 47 längerer
1196 1711 127 34 Urlaub
1343 1713 87 33 nach

276 1763 166 47 England.
498 1763 141 34 Wieder
658 1763 35 33 in
713 1762 54 34 die
786 1763 179 47 Apotheke
985 1763 69 33 und
1074 1763 211 47 gleichzeitig
1312 1764 118 35 immer

275 1814 96 35 tiefer
390 1817 50 32 ins
460 1815 215 35 litterarische
695 1815 109 34 Leben
815 1816 123 34 hinein.
970 1817 62 32 Die
1042 1816 125 33 Brüder
1182 1829 79 21 vom
1274 1817 155 39 „Tunnel

275 1868 82 34 über
377 1868 57 34 der
453 1871 133 45 Spree“,
611 1869 71 33 eine
707 1880 193 34 verwegene
926 1868 268 47 buntgemischte
1209 1867 220 36 Gesellschaft

276 1919 116 35 halber
421 1921 69 33 und
518 1933 119 34 ganzer
657 1921 133 38 Genies,
827 1919 64 35 viel
917 1920 149 48 Ehrgeiz,
1101 1921 63 33 viel
1201 1921 125 40 Arbeit,
1365 1922 63 34 viel

275 1973 205 41 Bummelei;
501 1973 181 34 unendlich
702 1973 66 34 viel
788 1975 122 31 Worte
930 1973 68 33 und
1017 1973 276 34 verschwindend
1314 1974 115 48 wenig

273 2025 142 34 Thaten.
471 2025 207 47 Verlobung,
712 2026 127 38 Heirat,
872 2025 70 33 und
961 2025 118 34 immer
1098 2025 53 34 die
1170 2025 179 49 Apotheke
1368 2027 41 33 da-

274 2077 116 35 neben.
447 2081 97 31 Dann
575 2078 132 34 endlich
740 2078 55 33 der
823 2078 109 34 Bruch
956 2079 62 32 mit
1038 2077 99 34 allem
1152 2077 88 35 alten
1255 2079 172 48 Krempel;

275 2130 55 34 der
350 2128 81 36 freie
451 2129 233 35 Schriftsteller
709 2130 149 34 etabliert
886 2130 80 34 sich.
1022 2131 101 34 Wird
1154 2130 76 34 bald
1264 2130 65 35 auf
1356 2133 71 33 eine

273 2183 105 33 Reihe
390 2196 66 21 von
474 2182 118 44 Jahren
611 2184 87 33 nach
712 2182 151 47 England
880 2182 223 48 verschlagen,
1123 2183 46 34 als
1187 2184 72 33 eine
1279 2186 60 31 Art
1359 2197 68 21 von

276 2234 166 35 offiziöser
469 2236 283 46 Korrespondent.
807 2234 79 35 Und
919 2235 87 34 diese
1039 2235 190 47 englischen
1251 2237 106 43 Jahre,
1391 2237 36 33 in

277 2288 51 33 die
346 2288 85 33 auch
446 2287 162 47 Ausflüge
622 2288 49 33 ins
687 2288 202 33 schottische
904 2287 238 48 Hochgebirge
1156 2286 114 44 fallen,
1291 2288 136 35 werden

272 2339 56 34 für
361 2340 64 33 den
443 2340 185 34 Menschen
661 2339 70 34 und
757 2340 138 34 Dichter
918 2340 245 35 entscheidend.
1219 2344 68 31 Das
1307 2340 120 35 Talent

273 2391 174 50 empfängt
463 2393 87 33 seine
561 2392 184 47 Richtung,
767 2392 56 34 der
835 2392 184 35 Charakter
1030 2394 87 33 seine
1126 2395 106 34 Form.
1279 2394 129 47 Vierzig-

270 2445 110 47 jährig
399 2444 97 34 kehrt
515 2447 148 32 Fontane
688 2444 124 35 zurück
845 2445 69 34 und
946 2445 87 34 wird
1051 2445 193 35 Redakteur
1281 2446 52 33 bei
1371 2447 56 33 der

273 2499 244 45 Kreuzzeitung
553 2495 72 49 (für
661 2497 225 48 Englisches),
934 2497 88 35 mufs
1056 2498 75 34 aber
1169 2497 105 35 neben
1313 2501 114 45 Georg

272 2549 169 41 Hesekiel,
463 2550 55 34 der
537 2550 83 39 „das
639 2549 111 49 grofse
780 2550 143 34 Talent“
948 2563 84 28 war,
1057 2551 69 35 wie
1151 2564 31 21 es
1210 2552 138 40 scheint,
1375 2565 34 20 er-

273 2602 134 34 heblich
427 2601 251 37 zurückstehen.
735 2603 61 33 Ein
832 2603 175 43 Jahrzehnt
1045 2602 102 35 bleibt
1184 2617 32 20 er
1250 2605 34 32 in
1321 2603 105 35 dieser

272 2655 160 47 Stellung.
461 2657 40 32 Es
521 2656 41 33 ist
576 2655 152 47 zugleich
748 2655 56 33 das
822 2656 175 44 Jahrzehnt
1013 2656 103 34 seiner
1133 2656 292 46 „Wanderungen

274 2707 105 34 durch
399 2708 52 32 die
471 2706 100 35 Mark
592 2707 271 48 Brandenburg“,
894 2708 53 34 die
967 2707 64 35 auf
1046 2707 61 35 den
1142 2709 33 33 in
1194 2708 153 47 England
1366 2722 40 33 ge-

273 2761 68 47 legt
344 2773 39 20 en
404 2760 248 34 Fundamenten
672 2760 56 34 das
748 2769 81 25 erste
848 2760 201 34 Stockwerk
1069 2761 86 33 eines
1175 2773 107 22 neuen
1298 2763 128 32 Hauses

274 2811 198 37 aufbauten.
542 2815 99 31 Dann
675 2813 53 34 die
762 2813 137 46 Kriege;
949 2813 107 48 1864,
1105 2814 104 39 1866,
1246 2814 67 46 187
1319 2818 106 41 0/71.

272 2864 75 35 Alle
368 2864 69 34 drei
452 2865 133 34 machte
599 2867 147 33 Fontane
765 2866 45 33 als
830 2864 413 40 „Schlachtenbummler“
1263 2867 74 38 mit,
1357 2866 68 33 und

273 2918 89 33 seine
381 2916 119 35 flotten
524 2917 69 34 und
620 2916 145 35 frischen
790 2918 149 33 Berichte
963 2918 108 34 haben
1093 2919 143 34 weithin
1258 2918 168 34 dankbare

272 2972 96 31 Leser
397 2968 181 49 gefunden.
639 2970 96 46 1870
762 2970 102 47 geriet
884 2984 33 20 er
935 2970 36 34 in
990 2969 223 36 französische
1234 2969 171 48 Gefangen-

271 3021 109 36 schaft
409 3022 68 34 und
507 3022 95 42 kam,
636 3022 166 35 nachdem
840 3036 33 21 er
912 3022 296 35 verschiedentlich
1247 3024 155 45 herumge-

271 3075 148 48 schleppt
435 3074 141 35 worden
592 3088 83 26 war,
692 3074 56 35 für
761 3076 109 47 einige
884 3078 143 31 Monate
1044 3074 63 35 auf
1121 3076 54 34 die
1189 3076 87 33 Insel
1296 3075 130 34 Oleron

270 3128 48 32 im
335 3127 233 34 Atlantischen
582 3130 126 38 Ocean,
729 3129 164 33 zwischen
915 3128 63 34 den
994 3128 224 47 Mündungen
1247 3128 56 34 der
1328 3128 97 33 Loire

272 3180 68 34 und
362 3180 55 34 der
437 3180 160 35 Gironde.
654 3182 36 32 In
724 3181 107 34 einem
856 3181 147 34 heiteren
1022 3181 94 34 Buch
1130 3181 59 34 hat
1209 3194 33 20 er
1262 3193 60 21 uns
1338 3181 87 33 diese

271 3231 145 35 vielfach
453 3233 120 33 trüben
608 3233 183 35 Erlebnisse
828 3233 132 35 erzählt.
1028 3234 129 34 Andere
1194 3233 231 46 Erzählungen

270 3298 115 21 waren
405 3285 276 35 zwischendurch
705 3286 86 34 auch
815 3286 106 34 schon
947 3287 209 38 erschienen,
1182 3285 69 35 und
1276 3284 149 35 daneben

272 3337 52 33 ein
341 3346 97 25 erster
458 3337 129 47 grofser
604 3341 136 31 Roman
759 3341 95 37 „Vor
874 3339 75 33 dem
970 3341 149 37 Sturm“,
1139 3351 57 21 aus
1216 3338 76 34 dem
1312 3337 91 34 märk-

274 3390 112 34 ischen
406 3391 138 33 Winter
569 3391 91 34 1812
691 3389 65 35 auf
782 3404 55 33 13,
865 3391 35 33 in
921 3391 68 34 vier
1009 3391 143 33 Bänden.
1210 3393 96 31 Dann
1326 3389 98 46 lange

267 3443 97 43 Jahre
378 3442 283 34 Theaterkritiker
681 3443 53 34 bei
753 3444 57 33 der
828 3444 223 39 „Vossischen
1065 3444 169 46 Zeitung“
1248 3443 48 33 bis
1316 3443 35 32 in
1371 3442 54 33 die

271 3495 71 34 Zeit
368 3495 128 40 hinein,
522 3495 41 34 da
588 3508 32 21 er
649 3495 51 34 die
724 3497 114 39 „Freie
858 3496 143 34 Bühne“
1016 3509 57 20 aus
1100 3496 56 33 der
1174 3495 123 47 Wiege
1317 3494 108 34 heben

270 3548 70 33 und
359 3549 222 46 Hauptmann
601 3548 71 34 und
691 3547 228 35 Holz-Schlaf
933 3548 184 34 entdecken
1143 3546 112 35 helfen
1284 3546 138 34 konnte.

270 3599 183 36 Allerhand
472 3600 268 48 Wanderungen
765 3601 70 34 und
855 3600 233 47 Erzählungen
1109 3600 119 33 immer
1246 3598 176 34 nebenher.

268 3652 154 40 Endlich,
448 3653 109 40 1888,
576 3656 184 44 „Irrungen
778 3654 248 46 Wirrungen“,
1055 3653 69 34 und
1150 3652 105 33 damit
1281 3650 56 34 der
1352 3652 47 32 An-

1542 559 103 35 bruch
1660 564 85 43 jenes
1763 559 116 35 letzten
1895 557 220 49 grofsartigen
2136 556 67 34 und
2220 556 91 33 recht
2326 554 178 47 eigentlich
2520 555 151 33 märchen-

1541 611 74 36 haft
1662 612 227 35 anmutenden
1932 609 335 48 Dichterjahrzehnts,
2314 607 114 34 dessen
2471 607 64 34 wir
2571 608 116 33 bereits

1542 665 195 48 gedachten.

1620 718 80 34 Also
1721 718 54 34 des
1795 717 216 35 Hinundhers
2031 715 90 49 giebt
2149 728 31 20 es
2202 715 34 33 in
2254 715 161 32 Fontanes
2436 711 110 35 Leben
2564 725 123 34 genug,

1542 771 69 33 und
1632 771 88 33 doch
1740 769 103 40 auch,
1864 769 105 34 damit
1989 767 188 49 verquickt,
2198 768 71 33 eine
2288 763 221 51 planmäfsige
2528 767 86 31 Stete
2633 764 56 34 der

1540 822 270 48 Entwickelung.
1839 825 66 31 Das
1925 821 188 39 Wandern,
2135 818 215 36 absichtsvoll
2374 816 154 49 gepflegt,
2557 817 131 34 verliert

1541 875 108 48 völlig
1669 876 61 34 den
1752 874 184 35 Charakter
1956 874 54 34 der
2029 874 139 33 Unruhe
2196 872 65 34 und
2289 870 88 37 wird
2405 871 71 32 eine
2495 872 61 31 Art
2581 870 107 33 hoher

1541 928 120 34 Schule
1686 928 53 34 des
1759 927 136 35 Lebens.
1928 927 179 34 Nachdem
2128 926 56 33 der
2203 924 94 35 Blick
2324 922 55 35 für
2403 923 226 47 Eigenartiges
2653 922 35 33 in

1540 980 57 34 der
1611 981 133 34 Fremde
1763 978 175 50 geschärft,
1961 979 52 34 die
2028 980 97 33 Feder
2140 976 65 36 auf
2215 976 206 47 Widergabe
2436 976 56 33 der
2500 974 188 35 Eindrücke

1542 1034 156 45 eingeübt
1718 1033 140 34 worden
1884 1034 52 38 ist,
1966 1032 138 47 beginnt
2132 1030 52 34 bei
2213 1030 75 33 dem
2308 1029 282 46 Vierzigjährigen
2617 1028 71 33 eine

1540 1086 209 33 ausdauernd
1785 1083 164 49 verfolgte
1968 1082 298 49 Besitzergreifung
2301 1082 57 34 der
2382 1091 137 37 engsten
2542 1081 146 35 Heimat,

1540 1138 61 33 Die
1617 1136 214 41 Landschaft,
1852 1138 52 33 die
1923 1136 257 48 geschichtliche
2194 1136 219 45 Erinnerung,
2435 1133 53 35 die
2507 1133 183 34 Erlebnisse

1540 1190 144 47 adeliger
1703 1192 138 37 Häuser,
1871 1190 52 33 die
1941 1190 154 46 Eigenart
2121 1189 54 33 des
2196 1187 209 35 märkischen
2421 1185 191 35 Landvolks
2633 1184 38 34 be-

1540 1241 186 48 schäftigen
1747 1242 209 47 gleichzeitig
1982 1242 61 34 den
2071 1242 92 34 Geist
2191 1240 52 35 des
2273 1239 212 35 Wanderers.
2541 1241 66 31 Das
2628 1236 64 36 auf

1539 1294 57 34 der
1615 1295 96 33 Fahrt
1730 1296 62 33 mit
1811 1295 63 34 den
1894 1295 121 33 Sinnen
2031 1293 177 35 Erhaschte
2227 1291 67 35 lebt
2309 1292 157 34 zunächst
2486 1289 63 36 auf
2558 1291 34 33 in
2613 1291 76 34 dem

1539 1347 114 33 Boden
1669 1348 85 33 eines
1775 1348 145 33 sicheren
1940 1359 68 22 von
2027 1349 116 31 Hause
2163 1345 263 47 mitgebrachten
2444 1345 154 33 Wissens
2617 1342 70 35 und

1538 1396 143 37 frischen
1702 1401 189 46 Begehrens.
1945 1398 154 35 Ueberall
2127 1398 131 34 lauscht
2277 1397 147 34 daneben
2448 1396 56 35 das
2525 1396 75 34 Ohr
2617 1396 71 34 und

1538 1448 96 50 fängt
1658 1452 112 46 eigene
1790 1452 127 47 Klänge
1937 1451 66 35 und
2028 1450 290 36 vielverheifsende
2337 1450 249 46 Andeutungen
2616 1448 70 35 auf.

1538 1505 68 32 Der
1625 1504 136 34 Dichter
1782 1505 70 33 tritt
1871 1505 33 32 in
1925 1503 51 34 ein
1994 1503 223 40 Bauernhaus,
2238 1503 76 33 dort
2333 1502 73 34 sitzt
2426 1502 71 34 eine
2516 1501 87 41 Alte,
2634 1500 52 35 die

1538 1556 94 33 mehr
1650 1556 98 34 weifs
1768 1557 47 33 als
1841 1556 188 47 irgendwer
2047 1556 34 33 in
2111 1556 56 33 der
2187 1554 193 36 Gemeinde.
2436 1557 42 31 Er
2509 1552 77 36 läfst
2615 1554 72 34 sich

1538 1608 158 34 erzählen.
1752 1611 112 32 Etwas
1889 1609 67 33 wie
1988 1608 72 34 eine
2079 1606 303 36 Familienchronik
2415 1608 77 33 thut
2523 1606 71 35 sich
2626 1619 60 21 vor

1536 1658 72 34 ihm
1628 1659 69 36 auf.
1752 1661 74 34 Viel
1846 1659 167 50 packende
2033 1660 256 35 wahrheitliche
2309 1662 103 44 Züge,
2438 1658 63 35 viel
2522 1662 72 43 Lug
2614 1658 69 34 und

1537 1712 153 45 Legende
1709 1713 180 34 drüberhin
1904 1725 202 36 gesponnen.
2162 1715 67 32 Gar
2248 1712 95 47 eigen
2363 1711 137 48 spiegelt
2527 1712 71 33 sich
2626 1710 58 35 das

1535 1763 109 35 Leben
1674 1765 54 34 der
1749 1764 141 35 Grofsen
1914 1766 35 33 in
1968 1765 63 34 den
2051 1763 135 49 Köpfen
2216 1764 54 33 des
2296 1763 137 35 Volkes.
2490 1764 105 34 Glanz
2615 1763 69 34 und

1536 1815 101 35 Elend
1672 1817 199 34 bekommen
1904 1817 141 34 stärkere
2078 1817 132 39 Farben,
2243 1816 179 34 Erlebnisse
2441 1816 136 35 werden
2607 1829 77 21 zum

1535 1870 146 39 Roman,
1716 1870 54 34 das
1790 1870 140 34 Walten
1961 1871 87 33 einer
2079 1869 187 48 göttlichen
2288 1868 250 48 Gerechtigkeit
2570 1869 113 33 macht

1537 1920 67 34 sich
1626 1920 76 35 bald
1723 1921 224 40 aufrichtend,
1985 1921 76 35 bald
2085 1921 284 39 zerschmetternd,
2408 1931 76 23 stets
2509 1920 74 35 aber
2619 1923 63 31 mit

1536 1973 87 33 einer
1658 1975 164 46 gewissen
1854 1973 250 35 Furchtbarkeit
2140 1973 144 47 geltend.
2348 1977 66 30 Der
2450 1973 233 34 Forschersinn

1535 2025 87 34 wird
1642 2025 103 35 durch
1773 2027 52 33 die
1845 2039 80 21 vom
1942 2025 212 35 Volksmund
2177 2024 231 48 umgefärbten
2427 2025 173 34 Historien
2620 2039 63 19 nur

1534 2078 90 33 noch
1644 2079 246 33 entschiedener
1918 2077 226 48 aufgeweckt.
2208 2079 91 33 Beim
2328 2077 125 35 Pfarrer
2481 2078 80 34 oder
2593 2078 88 34 beim

1534 2131 185 34 Amtmann
1738 2130 110 35 finden
1867 2132 71 33 sich
1959 2128 296 42 Niederschriften,
2285 2130 56 34 der
2360 2130 233 35 Schulmeister
2622 2131 59 33 hat

1535 2182 52 33 ein
1608 2182 182 48 vergilbtes,
1824 2183 238 34 verschollenes
2077 2182 222 35 Büchelchen.
2353 2184 100 33 Auch
2489 2183 72 33 hier
2593 2182 89 35 wird

1534 2234 173 47 emsiglich
1733 2236 259 47 weitergespürt.
2047 2236 147 34 Manche
2212 2233 224 48 Aufklärung
2460 2235 86 34 wird
2573 2248 37 21 so
2626 2248 36 34 ge-

1533 2299 157 22 wonnen.
1751 2286 202 36 Charaktere
1972 2287 68 34 und
2059 2286 262 47 Begebenheiten
2340 2286 133 35 schälen
2492 2287 68 33 sich
2582 2286 80 35 kern-

1532 2337 109 36 hafter
1660 2340 129 34 heraus.
1819 2340 226 47 Zuguterletzt
2060 2339 124 34 heifsfs
2200 2340 88 33 dann
2308 2339 111 36 wohl:
2436 2343 44 43 ja,
2496 2339 52 34 die
2563 2340 95 33 Nach-

1532 2390 161 36 kommen
1713 2392 55 34 der
1787 2390 226 36 Betreffenden
2032 2392 151 34 wohnen
2204 2391 41 34 da
2265 2391 70 34 und
2354 2392 62 40 da;
2442 2391 79 35 oder
2540 2392 56 34 das
2613 2395 45 31 Ge-

1533 2444 147 34 schlecht
1712 2445 42 33 ist
1785 2445 34 33 in
1851 2445 57 33 der
1940 2443 223 49 preufsischen
2195 2444 297 46 Staatsgeschichte
2525 2443 133 35 wohlbe-

1533 2496 125 41 rühmt,
1683 2498 69 33 und
1778 2510 30 20 es
1829 2496 102 34 findet
1950 2497 71 33 sich
2038 2495 147 45 Jemand,
2205 2495 57 34 der
2277 2497 70 33 eine
2372 2497 121 33 nähere
2511 2496 148 34 Bekannt-

1532 2547 107 35 schaft
1677 2549 105 34 damit
1818 2548 188 35 vermittelt.
2073 2549 83 33 Hier
2192 2547 98 35 stöfst
2327 2548 56 34 der
2419 2549 261 46 geschichtliche

1531 2601 155 34 Forscher
1705 2602 89 34 dann
1818 2600 162 35 natürlich
2003 2599 61 35 auf
2084 2601 140 33 manche
2250 2602 309 46 Enttäuschungen.
2615 2599 65 36 Oft

1533 2652 102 35 findet
1664 2667 33 21 er
1724 2653 314 39 Verschlossenheit,
2068 2652 385 48 Verständnislosigkeit,
2483 2653 179 34 Unliebens-

1533 2705 217 48 würdigkeit.
1806 2706 91 34 Oder-
1928 2718 31 21 es
1992 2704 73 35 sind
2084 2704 178 35 wirkliche
2281 2706 228 34 Geheimnisse
2540 2706 54 41 da,
2627 2707 53 32 die

1533 2758 226 34 Niemandem
1789 2757 229 48 preisgegeben
2038 2756 137 35 werden
2204 2756 130 36 dürfen.
2404 2758 91 34 Oder
2526 2758 63 34 alle
2609 2761 48 30 Do-

1534 2810 158 35 kumente
1719 2810 74 34 sind
1813 2811 193 37 vernichtet,
2038 2809 80 34 oder
2137 2809 219 41 verschollen,
2384 2810 80 33 oder
2491 2809 190 48 vergraben.

1533 2862 87 35 Aber
1639 2864 54 33 hie
1709 2863 68 34 und
1797 2863 41 34 da
1858 2863 114 33 lichtet
1991 2862 69 33 sich
2080 2862 86 33 auch
2194 2862 57 33 das
2271 2862 146 35 Dunkel.
2474 2864 61 33 Die
2563 2864 95 33 Nach-

1533 2914 160 35 kommen
1710 2915 72 34 sind
1798 2913 88 42 froh,
1907 2913 73 35 dafs
1991 2913 134 45 Jemand
2142 2914 40 34 da
2201 2914 53 40 ist,
2275 2914 55 34 der
2344 2915 71 34 sich
2434 2913 55 35 für
2509 2914 52 34 die
2577 2916 103 33 Sache

1532 2968 205 34 interessiert.
1794 2970 111 32 Ganze
1938 2965 107 35 Stöfse
2064 2980 65 20 von
2151 2965 141 42 Briefen,
2329 2967 239 48 Tagebüchern
2608 2967 70 34 und

1533 3020 144 34 anderen
1696 3018 299 48 Aufzeichnungen
2023 3018 74 34 sind
2116 3019 52 34 da.
2224 3019 51 34 Sie
2293 3019 110 48 liegen
2423 3020 176 46 irgendwo
2620 3019 63 36 auf

1532 3072 76 34 dem
1650 3072 125 39 Boden,
1817 3072 45 33 im
1892 3071 101 33 Staub
2027 3080 96 24 unter
2155 3071 116 33 Kisten
2306 3071 66 35 und
2407 3072 121 34 Akten.
2584 3073 93 34 Thut

1531 3125 122 38 nichts,
1672 3125 46 33 sie
1736 3123 134 35 werden
1890 3121 285 48 herbeigeschafft.
2231 3123 78 35 Und
2328 3124 42 34 da
2396 3125 72 33 sitzt
2500 3125 88 34 denn
2621 3125 57 34 der

1531 3177 186 33 Wanderer
1737 3177 66 33 und
1824 3177 57 32 hat
1905 3176 70 33 sich
2005 3176 33 33 in
2068 3176 96 34 einen
2183 3176 178 34 Gelehrten
2380 3177 206 34 verwandelt
2605 3177 71 35 und

1531 3229 147 35 studiert.
1737 3228 85 34 Aber
1853 3228 114 34 indem
2000 3241 69 20 nun
2102 3228 184 34 Menschen
2319 3229 68 34 und
2414 3229 262 47 Begebenheiten

1531 3280 185 47 greifbarer
1734 3294 60 21 vor
1813 3281 58 34 ihn
1891 3280 177 40 hintreten,
2088 3279 200 49 empfangen
2307 3281 45 34 sie
2372 3282 90 34 doch
2480 3282 52 34 ihr
2552 3283 107 47 eigent-

1531 3334 100 33 liches
1650 3333 108 34 Leben
1778 3341 62 26 erst
1860 3345 65 22 von
1952 3332 74 34 dem
2046 3332 127 41 Boden,
2203 3346 56 21 aus
2292 3334 76 34 dem
2401 3335 45 33 sie
2478 3336 198 46 gewachsen

1531 3386 71 33 sind
1627 3385 68 34 und
1721 3385 55 34 der
1795 3385 77 33 dem
1890 3386 154 33 Forscher
2062 3398 67 21 von
2153 3387 103 32 seiner
2274 3386 263 35 Wanderschaft
2564 3388 58 34 her
2640 3402 37 20 so

1530 3438 96 47 innig
1644 3446 146 26 vertraut
1808 3437 52 34 ist.
1890 3437 155 34 Antriebe
2060 3437 70 34 und
2149 3440 182 46 Rassezüge
2351 3438 110 36 finden
2477 3442 51 32 ein
2550 3442 127 33 rasches

1530 3489 188 48 lebendiges
1737 3490 225 33 Verständnis.
2016 3490 64 35 Die
2099 3492 62 32 Art
2189 3490 55 35 der
2263 3494 102 31 Leute
2393 3493 41 34 ist
2460 3496 30 43 ja
2518 3493 135 35 wohlbe-

1530 3541 117 35 kannt.
1701 3543 83 33 Hier
1815 3542 70 33 tritt
1913 3542 45 34 sie
1990 3555 63 20 nur
2078 3542 182 47 gleichsam
2280 3542 270 46 konzentrierter,
2577 3560 77 34 zuge-

1530 3595 141 47 spitzter,
1690 3595 34 33 in
1740 3595 174 47 gewissem
1926 3595 98 33 Sinne
2043 3595 171 34 heroisiert
2232 3596 125 35 wieder
2376 3596 68 36 auf.
2490 3599 79 34 Und
2587 3600 86 45 jedes

1529 3648 117 37 Wort,
1665 3647 71 46 jede
1751 3645 263 36 unabsichtliche
2025 3648 187 47 Wendung
2232 3649 110 47 bringt
2363 3650 62 35 den
2436 3652 131 35 Geruch
2588 3652 86 34 einer
