2319 3858
733 246 324 28 PUBLICATIONS
1093 248 51 25 ET
1177 246 194 28 OEUVRES
1406 238 227 35 RÉCENTES

183 245 77 38 522

236 339 49 55 Je
308 341 325 39 commencerai
669 353 78 38 par
770 339 39 40 la
847 339 99 52 plus
983 341 271 50 importante
1296 349 40 30 et
1372 339 40 39 la
1454 339 99 51 plus
1595 339 244 45 méritoire,
1879 337 37 39 la
1955 334 161 41 Sonate
2140 336 52 40 de

183 408 61 40 M.
270 407 52 41 L.
344 407 202 51 Thirion,
571 407 154 41 dédiée
748 412 20 35 à
791 406 167 55 J.-Guy
979 407 196 53 Ropartz
1196 417 42 31 et
1256 409 75 51 qui
1353 422 21 25 a
1402 407 103 40 valu
1529 407 88 40 l'an
1633 408 177 39 dernier
1833 410 21 35 à
1878 418 81 27 son
1983 414 158 31 auteur
2158 405 37 40 le

183 478 93 52 prix
297 477 53 39 de
374 476 38 40 la
439 474 175 42 Société
633 476 77 40 des
732 478 327 50 compositeurs
1082 477 54 40 de
1165 478 222 50 musique.
1417 474 126 42 Cette
1568 489 168 34 œuvre,
1763 477 74 50 qui
1870 488 54 27 ne
1949 475 244 51 comprend

182 560 80 38 pas
283 547 146 39 moins
453 546 53 40 de
529 553 141 33 trente
691 559 155 38 pages,
868 554 65 32 est
956 546 268 40 solidement
1243 546 270 51 charpentée
1536 553 41 32 et
1597 543 144 42 forme
1763 558 54 26 en
1841 557 173 27 somme
2040 558 59 25 un
2123 542 71 41 bel

182 614 246 41 ensemble.
449 613 99 41 Elle
570 627 47 27 se
640 614 141 40 divise
803 627 55 27 en
882 623 156 43 quatre
1061 616 164 50 parties
1249 616 75 51 qui
1350 622 77 33 ont
1451 614 197 40 chacune
1674 614 93 40 leur
1791 618 219 35 caractère
2030 626 164 39 propre

181 692 41 31 et
245 683 107 40 dont
371 683 212 50 chacune,
610 682 172 50 malgré
805 685 190 38 certains
1019 683 178 52 rappels
1221 683 197 40 destinés
1443 687 22 35 à
1491 695 179 28 assurer
1691 680 166 49 l'unité,
1890 682 220 40 constitue
2133 696 59 26 un

181 760 95 32 tout
299 751 103 40 bien
425 751 319 53 indépendant.
770 750 63 42 La
859 754 218 50 première
1097 754 141 50 partie
1263 765 113 27 nous
1414 756 207 48 présente
1657 766 59 26 un
1754 751 149 40 thème
1938 763 123 26 assez
2097 750 76 53 joli-

181 829 121 33 ment
325 824 157 37 rêveur
504 831 8 28 :

168 1525 162 52 auquel
353 1525 62 40 M.
442 1524 186 41 Thirion
661 1524 77 42 fait
766 1526 156 40 rendre
953 1531 21 34 à
1000 1539 84 39 peu
1105 1532 100 47 près
1230 1534 94 33 tout
1354 1540 46 27 ce
1425 1524 106 53 qu'il
1557 1535 102 44 peut
1680 1526 184 41 donner.
1889 1525 63 42 Le
1977 1527 131 41 motif
2129 1528 52 39 de

165 1593 40 40 la
230 1595 233 40 deuxième
483 1596 141 51 partie
654 1611 7 24 :

162 2130 112 42 n'est
297 2134 218 49 peut-être
539 2145 79 39 pas
642 2130 133 42 d'une
798 2131 172 50 grande
993 2131 257 50 originalité
1269 2143 5 35 ;
1302 2133 113 38 mais
1436 2132 29 39 il
1486 2141 65 31 est
1575 2131 102 41 bien
1701 2137 127 35 mené
1848 2141 40 32 et
1909 2133 39 41 le
1971 2133 184 53 dévelop-

162 2208 182 44 pement
368 2213 47 27 se
439 2200 49 40 lit
512 2214 105 26 avec
641 2204 251 46 agrément.
923 2198 120 42 C'est
1081 2200 38 40 la
1145 2202 226 39 troisième
1394 2203 142 49 partie
1561 2203 74 51 qui
1673 2215 69 27 me
1764 2206 145 48 paraît
1947 2202 38 40 la
2030 2205 147 38 mieux

161 2282 144 27 venue
328 2269 54 39 de
419 2277 121 32 toute
564 2269 184 41 l'œuvre
775 2284 7 25 :
807 2269 38 39 le
870 2268 148 41 thème
1041 2277 64 32 est
1127 2269 76 52 joli
1227 2280 7 28 :

168 2902 40 32 et
232 2894 29 39 il
284 2901 65 33 est
370 2894 127 40 traité
517 2907 104 26 avec
640 2907 86 26 une
751 2893 221 41 heureuse
988 2895 180 39 variété.
1188 2893 63 42 La
1277 2893 160 41 Sonate
1460 2908 46 27 se
1527 2897 202 50 termine,
1752 2910 104 26 avec
1876 2911 86 26 une
1985 2899 192 39 certaine

170 2962 184 41 rudesse
372 2962 108 40 dont
507 2975 113 27 nous
640 2976 54 26 ne
726 2976 115 26 nous
861 2963 242 51 plaignons
1124 2977 94 39 pas,
1241 2978 80 38 par
1344 2978 86 26 une
1454 2967 247 50 quatrième
1724 2968 141 50 partie
1884 2968 74 50 qui
1980 2966 196 50 s'élargit

170 3044 56 27 en
247 3044 87 27 une
357 3039 117 31 sorte
493 3031 55 39 de
570 3033 264 50 péroraison
857 3029 135 42 finale
1014 3041 41 31 et
1078 3032 108 40 dont
1207 3034 113 39 voici
1343 3033 38 40 le
1405 3032 133 42 motif
1553 3047 7 26 :
