2319 3858
174 256 76 46 536

831 267 144 29 NOTRE
1008 259 290 38 SUPPLÉMENT
1330 271 188 28 MUSICAL

171 362 189 38 raissent
404 364 90 36 être
535 372 86 28 une
658 360 270 53 application
968 361 53 40 de
1060 362 39 39 la
1134 362 58 40 loi
1216 362 78 40 des
1317 371 206 43 rapports
1550 362 186 55 simples.
1764 361 103 49 Oui,
1892 371 137 33 certes
2056 364 8 37 I
2099 360 72 51 Et,

170 428 172 51 malgré
365 442 81 27 son
470 437 148 44 aspect
642 429 258 51 paradoxal,
923 444 71 26 ma
1017 435 185 47 réponse
1228 444 53 27 ne
1308 444 110 27 vous
1461 435 213 37 étonnera
1710 445 98 39 pas,
1830 434 193 50 puisque
2059 444 113 28 nous

169 512 139 27 avons
332 498 96 52 déjà
462 498 173 40 éclairci
660 496 79 53 (fin
759 498 58 41 du
842 503 47 36 n°
916 513 14 38 5
959 498 237 54 ci-dessus)
1241 499 39 41 le
1323 499 288 42 malentendu
1642 501 250 40 consistant
1933 505 21 36 à
1987 499 159 42 confon-

167 568 77 39 dre
286 567 62 40 les
383 573 196 48 rapports
620 565 221 55 (simples)
875 567 210 53 desquels
1128 569 174 52 dépend
1337 569 39 40 la
1412 571 246 49 sensation,
1701 578 41 31 et
1780 569 63 40 les
1885 570 194 40 nombres
2119 570 53 39 de

167 635 249 42 vibrations
439 637 290 52 (complexes)
752 637 108 41 dont
877 635 181 44 l'oreille
1083 635 67 43 n'a
1169 651 118 34 cure,
1314 635 265 55 puisqu'elle
1593 636 193 43 n'étudie
1805 651 81 39 pas
1902 640 246 40 successive-

169 713 120 32 ment
312 705 172 54 chaque
524 714 103 33 note
649 707 196 52 pendant
868 705 178 42 l'exacte
1085 707 136 40 durée
1262 707 132 40 d'une
1434 707 205 41 seconde.
1676 706 55 41 Ici
1773 708 310 51 précisément,
2109 708 62 40 les

171 783 203 44 rapports
399 773 190 43 obtenus
612 788 55 28 en
690 785 263 43 comparant
971 776 62 40 les
1056 776 148 40 divers
1229 776 160 51 degrés
1411 780 19 35 à
1448 776 40 40 la
1501 778 183 50 tonique
1698 776 249 40 coïncident
1961 778 35 38 si
2022 778 125 49 rigou-

168 853 253 32 reusement
440 857 105 28 avec
583 844 118 42 leurs
733 845 179 41 valeurs
938 845 257 52 théoriques
1220 858 86 38 que
1347 858 80 27 vos
1453 844 212 41 nombres
1705 842 120 43 n'ont
1865 858 79 39 pas
1984 859 59 39 pu
2081 849 91 36 être

168 912 191 42 obtenus
378 927 80 39 par
488 927 88 27 une
599 915 257 51 expérience
889 914 224 41 ordinaire
1135 927 9 35 ;
1182 912 289 54 l'expérience
1507 914 150 40 donne
1691 914 202 52 toujours
1928 914 78 40 des
2030 918 142 36 écarts

169 980 218 43 sensibles
404 993 9 39 ;
446 995 48 28 or
516 983 53 40 ici
589 983 30 39 il
644 981 97 42 n'en
761 985 137 38 existe
922 996 86 39 que
1027 995 113 40 pour
1163 982 39 41 le
1222 984 217 51 septième
1470 982 153 51 degré,
1650 990 40 33 et
1714 995 160 27 encore
1897 980 167 42 n'est-il
2089 995 83 39 que

169 1051 52 40 de
251 1065 10 26 1
290 1050 224 42 vibration
541 1051 68 52 1/2
634 1053 186 39 environ
854 1052 79 49 (1).

224 1135 23 36 9
252 1125 16 17 0
367 1119 124 42 Vous
508 1121 112 40 dites
646 1134 85 39 que
750 1121 39 39 la
818 1120 170 41 théorie
1008 1121 52 40 de
1081 1121 40 40 la
1146 1133 283 28 consonance
1451 1133 55 29 ne
1543 1128 170 45 permet
1737 1133 81 38 pas
1848 1119 54 40 de
1938 1117 160 42 définir
2132 1119 39 41 la

169 1190 224 51 musique,
414 1203 89 36 car,
522 1187 228 54 lorsqu'on
769 1188 77 41 fait
870 1204 54 25 au
947 1190 134 52 piano
1107 1202 86 27 une
1217 1190 112 39 série
1361 1189 54 40 de
1438 1190 178 51 quintes
1638 1189 54 39 de
1716 1190 129 48 suite,
1874 1201 56 27 on
1967 1188 158 40 réalise
2149 1192 21 36 à

170 1257 39 39 la
237 1256 85 42 fois
348 1257 77 40 des
450 1266 205 44 rapports
681 1263 87 35 très
802 1258 183 52 simples
1006 1267 40 31 et
1070 1271 87 27 une
1180 1258 236 40 harmonie
1436 1257 306 41 abominable.

221 1325 122 41 Vous
367 1326 183 41 m'aviez
568 1331 107 48 posé
694 1335 110 32 cette
829 1329 209 50 question
1062 1328 68 52 ily
1151 1341 20 26 a
1198 1327 218 53 quelques
1440 1328 136 52 jours,
1613 1327 111 40 dans
1757 1340 86 27 une
1878 1327 128 40 lettre
2035 1328 111 50 parti-

169 1395 162 41 culière
353 1404 239 32 contenant
623 1411 58 26 un
725 1396 199 52 exemple
948 1396 53 40 de
1043 1398 210 51 musique
1277 1396 315 52 spécialement
1623 1396 141 40 choisi
1797 1397 147 51 parmi
1968 1395 63 40 les
2071 1395 99 52 plus

169 1465 301 52 déplaisants;
498 1480 70 25 ma
595 1470 188 47 réponse
805 1479 111 27 vous
938 1470 120 36 étant
1090 1466 97 52 déjà
1213 1478 227 39 parvenue
1461 1463 73 54 (2),
1559 1465 38 52 je
1624 1477 54 28 ne
1700 1465 96 40 vois
1824 1465 93 39 rien
1942 1469 21 34 à
2000 1465 170 52 ajouter

171 1548 76 27 sur
269 1548 46 27 ce
338 1535 141 52 point.

224 1602 147 42 Telles
393 1612 115 39 sont,
528 1602 231 43 Monsieur
780 1602 38 42 le
846 1603 245 48 Directeur,
1111 1602 351 53 quelques-unes
1486 1602 75 40 des
1589 1602 174 40 raisons
1786 1615 112 38 pour
1931 1601 239 52 lesquelles

169 1673 39 51 je
243 1674 114 39 crois
393 1674 188 50 pouvoir
613 1686 55 26 en
698 1672 195 53 appeler,
916 1671 135 42 fût-ce
1084 1672 162 40 devant
1287 1671 39 39 le
1364 1676 145 35 même
1533 1672 119 51 juge,
1685 1670 106 40 d'un
1835 1672 192 51 premier
2057 1674 114 36 arrêt

170 1741 139 41 rendu
333 1754 75 28 sur
430 1741 39 41 le
491 1756 54 26 vu
561 1738 104 44 d'un
687 1741 174 41 dossier
887 1744 222 49 peut-être
1124 1738 377 42 insuffisamment
1519 1738 209 53 complet.

1488 1833 215 41 MAURICE
1727 1832 275 42 GANDILLOT.

222 2004 304 43 Uabondance
568 2006 70 39 des
679 2005 196 41 matières
906 2020 108 26 nous
1048 2005 146 55 oblige
1238 2009 23 37 à
1302 2020 206 39 renvoyer
1531 2008 24 38 à
1591 2021 56 25 un
1678 2006 211 55 prochain
1912 2006 177 40 numéro
2117 2006 55 40 les

169 2074 136 41 lettres
320 2089 78 41 que
421 2089 107 26 nous
559 2088 131 27 avons
721 2089 141 37 reçues
884 2075 51 39 de
953 2074 226 54 Bayonne,
1205 2075 49 39 de
1290 2072 218 58 Quimper,
1534 2075 50 40 de
1612 2074 125 50 Toui,
1764 2073 224 54 d'Odessa,
2014 2081 36 34 et
2069 2075 103 39 dont

165 2144 210 54 plusieurs
395 2150 97 34 sont
512 2143 194 42 relatives
727 2147 24 36 à
770 2144 41 40 la
832 2142 158 41 théorie
1006 2144 49 39 de
1070 2143 40 40 la
1127 2143 204 54 musique.

728 2348 179 43 Notre
940 2348 367 53 supplément
1339 2347 261 43 musical.

224 2447 122 42 Pour
366 2450 145 39 varier
533 2449 40 39 la
598 2448 276 53 publication
892 2449 76 39 des
991 2449 262 40 documents
1275 2462 84 38 que
1377 2461 112 27 nous
1516 2460 136 28 avons
1676 2448 166 45 réunis,
1861 2461 112 27 nous
1999 2449 149 39 restrei-

168 2531 147 37 gnons
339 2531 113 38 pour
474 2515 279 54 aujourd'hui
779 2517 37 39 la
860 2525 98 44 part
981 2515 104 42 faite
1107 2521 20 34 à
1161 2517 38 39 la
1226 2517 205 51 musique
1455 2515 217 51 française
1699 2516 57 39 du
1786 2530 105 25 xvm
1897 2521 14 17 e
1941 2515 144 50 siècle,
2111 2524 56 39 et,

213 2636 47 43 (1)
281 2637 66 33 Les
367 2638 169 32 résultats
556 2646 71 33 que
644 2648 90 22 vous
759 2636 190 33 fournirait
990 2647 71 22 une
1093 2636 223 33 vérification
1339 2637 215 41 numérique
1587 2644 157 33 peuvent
1767 2636 183 42 s'exposer
1972 2637 91 32 ainsi
2088 2646 7 21 :
2119 2639 50 30 les

167 2686 93 35 deux
282 2686 220 42 principales
520 2697 164 33 gammes
703 2697 37 22 se
754 2687 186 41 disputant
955 2697 65 22 nos
1039 2686 191 44 suffrages,
1246 2686 91 33 celle
1351 2686 60 33 des
1430 2685 205 42 physiciens
1653 2693 33 26 et
1703 2689 87 29 celle
1807 2686 21 32 d
1833 2686 239 44 ePythagore,
2092 2695 76 29 ont,

169 2748 139 22 comme
330 2749 90 21 vous
439 2740 33 30 le
496 2747 117 28 savez,
637 2747 70 23 une
730 2740 100 39 large
855 2737 113 41 partie
990 2747 207 28 commune,
1220 2744 33 25 et
1277 2747 42 21 ne
1342 2736 167 32 diffèrent
1524 2735 202 42 (d'ailleurs
1749 2739 69 30 très
1842 2737 238 42 légèrement)
2100 2747 70 31 que

171 2798 93 31 pour
283 2791 49 29 les
350 2788 128 42 degrés
504 2799 34 32 3,
561 2787 71 33 6et
656 2799 33 30 7.
716 2789 97 31 Dans
832 2791 31 28 la
889 2798 141 33 gamme
1053 2798 70 31 que
1147 2798 89 22 vous
1262 2787 103 38 citez,
1397 2789 50 31 les
1488 2786 129 43 degrés
1656 2798 28 27 1,
1714 2797 32 29 2,
1773 2798 36 30 4,
1846 2787 33 37 6,
1905 2799 18 30 7
1961 2794 33 26 et
2036 2787 19 32 8
2088 2794 82 25 sont

170 2839 117 41 réglés
311 2848 60 21 sur
396 2841 31 29 la
452 2838 152 31 formule
624 2838 61 32 des
719 2838 203 42 physiciens
945 2849 10 27 ;
979 2841 50 29 les
1057 2838 92 31 deux
1175 2845 133 31 autres,
1334 2848 16 33 3
1376 2845 32 24 et
1429 2837 34 37 6,
1481 2844 83 25 sont
1587 2837 204 32 conformes
1818 2839 18 30 à
1859 2839 88 30 celle
1973 2837 43 32 de
2038 2837 111 41 Pytha-

168 2897 100 31 gore,
293 2886 91 33 ainsi
411 2897 69 32 que
497 2890 76 29 cela
593 2898 18 22 a
633 2887 70 32 lieu
723 2887 105 41 (pour
851 2887 60 32 des
935 2887 194 33 nécessités
1150 2887 200 42 pratiques)
1371 2897 61 22 sur
1450 2897 65 22 nos
1535 2886 154 39 violons,
1709 2889 104 35 altos,
1834 2886 250 40 violoncelles,
2102 2894 67 25 etc.

216 2937 122 41 Quant
360 2948 42 22 au
423 2938 108 32 débat
554 2945 99 25 entre
675 2947 58 23 ces
760 2938 91 32 deux
880 2948 176 32 gammes,
1081 2937 71 42 j'en
1173 2938 31 32 ai
1229 2937 59 33 fait
1312 2937 123 43 l'objet
1456 2937 84 31 d'un
1573 2935 125 33 article
1731 2946 71 32 que
1834 2938 32 41 je
1902 2947 90 22 vous
2025 2937 32 32 ai
2093 2937 78 41 déjà

169 2987 259 41 communiqué
451 2986 9 43 (
465 2987 116 32 Revue
606 2988 167 41 générale
795 2989 57 30 des
875 2988 159 31 Sciences
1067 2987 46 32 du
1141 2997 35 32 15
1203 2988 205 39 septembre
1437 2988 127 41 1907);
1592 2986 87 33 mais
1699 2987 33 41 je
1766 2986 119 33 crains
1911 2986 88 41 qu'il
2024 2997 43 22 ne
2102 2987 68 31 soit

167 3048 64 30 pas
253 3039 81 38 près
360 3036 109 33 d'être
492 3040 88 36 clos,
604 3049 59 22 car
682 3038 182 41 l'homme,
890 3039 165 41 toujours
1081 3038 200 32 semblable
1303 3048 43 22 au
1375 3036 177 34 statuaire
1576 3036 42 32 de
1641 3036 47 32 La
1708 3036 192 38 Fontaine,
1923 3046 17 22 a
1982 3045 186 28 coutume,

167 3097 46 22 en
237 3097 57 23 ces
312 3087 179 40 matières,
509 3088 43 32 de
566 3087 73 34 s'en
658 3096 190 33 rapporter
870 3099 43 22 au
948 3088 235 42 témoignage
1203 3088 62 32 des
1288 3088 236 32 instruments
1545 3086 97 33 créés
1672 3086 43 32 de
1734 3095 56 23 ses
1808 3086 114 32 mains
1946 3098 7 25 ;
1976 3097 39 22 or
2028 3086 141 33 ceux-ci

167 3136 88 43 (que
279 3137 69 32 l'on
387 3147 36 22 se
459 3146 169 24 contente
661 3139 274 41 généralement
973 3138 43 32 de
1053 3139 131 41 régler,
1224 3138 69 32 soit
1326 3142 70 38 par
1417 3138 139 41 quintes
1563 3162 6 13 ,
1610 3135 70 33 soit
1718 3137 19 29 à
1778 3138 263 39 tempérament
2046 3138 7 38 )
2083 3146 89 22 nous

169 3194 253 25 accoutument
448 3197 69 30 peu
544 3189 17 30 à
583 3198 66 30 peu
674 3188 83 42 (soit
774 3189 227 30 directement
1006 3213 8 13 ,
1039 3187 69 33 soit
1132 3187 281 41 indirectement)
1437 3189 18 30 à
1488 3187 61 33 des
1580 3196 84 22 sons
1688 3185 196 32 incorrects
1909 3186 260 32 sensiblement

168 3237 203 32 conformes
394 3237 19 32 à
427 3239 31 30 la
480 3237 121 33 vieille
626 3237 218 41 conception
867 3238 42 32 de
934 3240 222 40 Pythagore.

212 3287 47 42 (2)
284 3287 101 33 Cette
408 3287 154 41 réponse
579 3298 17 22 a
619 3288 55 33 été
689 3288 146 40 publiée
858 3288 89 32 dans
964 3290 31 30 la
1015 3288 116 32 Revue
1152 3287 167 31 musicale
1339 3288 46 31 du
1410 3296 36 34 15
1467 3287 148 32 octobre
1638 3297 102 32 19075
1756 3297 33 29 p.
1808 3297 85 31 477.
1917 3286 77 32 Elle
2010 3286 162 34 contient

169 3348 47 20 un
241 3339 161 38 exemple
421 3337 44 32 de
482 3337 166 42 musique
671 3337 87 33 dont
778 3340 31 30 la
835 3337 115 41 partie
970 3338 104 32 basse
1095 3345 51 25 est
1170 3338 143 32 donnée
1335 3347 84 23 sous
1435 3337 92 32 deux
1549 3336 131 32 formes
1700 3335 220 40 différentes,
1942 3347 69 22 une
2027 3336 144 33 version

166 3396 43 23 en
233 3389 162 38 croches,
432 3387 126 33 l'autre
600 3397 43 22 en
667 3387 144 33 rondes.
841 3387 25 32 Il
887 3394 51 26 est
974 3390 18 29 à
1015 3387 106 41 peine
1140 3387 126 33 besoin
1290 3388 43 31 de
1355 3387 88 33 faire
1479 3387 169 32 observer
1674 3396 70 31 que
1767 3389 31 30 la
1822 3386 177 41 première
2028 3387 143 32 version

167 3436 174 43 (croches)
369 3445 85 33 peut
477 3437 217 43 s'employer
719 3440 200 30 seulement
941 3448 84 22 avec
1049 3440 50 29 les
1121 3438 239 32 instruments
1384 3437 137 43 (piano,
1546 3440 170 37 harpe,...
1744 3436 67 42 etc)
1841 3447 43 21 ne
1911 3444 124 26 tenant
2052 3448 63 30 pas
2142 3440 30 29 la

168 3494 84 26 note
270 3499 7 26 ;
302 3497 43 23 au
369 3488 194 38 contraire,
593 3497 84 24 avec
700 3490 49 30 les
785 3487 237 34 instruments
1046 3490 65 30 tels
1147 3499 70 30 que
1240 3487 141 43 l'orgue
1413 3499 43 21 ou
1479 3497 85 23 avec
1590 3489 51 31 les
1664 3486 97 39 voix,
1803 3488 82 32 c'est
1910 3490 201 30 seulement
2131 3487 41 32 de

169 3537 128 32 l'autre
312 3537 141 33 version
475 3537 88 42 qu'il
587 3537 154 34 faudrait
764 3537 87 33 faire
872 3548 111 33 usage
1004 3538 150 41 (rondes
1171 3541 100 29 telles
1289 3541 138 38 quelles
1453 3549 43 21 ou
1522 3537 134 41 parfois
1680 3538 184 32 ramenées
1888 3537 89 33 dans
2000 3540 32 30 la
2058 3541 114 29 même

169 3587 152 40 octave).
