2319 3858
580 249 20 25 ((
635 250 51 26 LE
721 249 193 29 SORCIER
948 249 39 36 )),
1025 242 142 37 OPÉRA
1202 251 202 34 COMIQUE
1437 253 56 27 DE
1527 252 217 29 PHILIDOR

155 249 78 36 540

155 357 54 27 ne
230 357 46 28 se
309 346 86 40 soit
433 343 370 43 invinciblement
837 346 175 52 imposé
1035 349 23 37 à
1082 345 168 54 l'esprit
1273 346 54 41 de
1353 346 174 41 Berlioz
1567 347 117 41 alors
1722 347 105 53 qu'il
1865 347 226 42 cherchait
2126 346 37 42 le

154 413 147 43 thème
322 414 59 41 du
406 412 215 55 larghetto
642 413 58 42 du
724 418 48 38 n°
790 428 19 26 2
833 414 54 42 de
909 413 164 42 Roméo
1098 421 37 34 et
1150 414 171 42 Juliette
1343 414 194 52 (Roméo
1556 416 114 50 seul)

151 738 59 41 du
234 739 147 39 moins
397 736 39 41 le
459 739 303 51 compositeur
780 735 193 52 français
999 737 118 41 a-t-il
1136 738 94 46 tiré,
1250 735 107 42 d'un
1380 737 148 41 thème
1548 737 286 54 simplement
1853 738 184 52 indiqué
2060 738 103 40 chez

151 806 275 48 Beethoven,
454 814 119 33 toute
594 819 87 28 une
704 805 164 54 phrase
891 807 254 52 expressive
1167 814 42 33 et
1243 806 297 53 personnelle.
1576 805 387 43 Semblablement
1987 820 175 29 encore,

151 877 35 39 si
204 875 205 51 Wagner
428 884 235 45 emprunte
684 880 22 37 à
727 889 85 28 une
836 884 236 33 ouverture
1090 875 55 40 de
1162 874 324 43 Mendelssohn
1528 875 40 42 la
1599 874 145 53 figure
1765 875 204 42 suivante
1990 876 110 41 dont
2135 876 28 39 il

152 959 22 26 a
193 943 77 43 fait
287 959 60 27 un
369 944 79 42 des
469 944 171 42 thèmes
663 945 78 41 des
765 943 114 43 filles
903 943 59 43 du
997 943 120 43 Rhin
1152 953 42 32 et
1230 957 76 28 sur
1336 946 106 51 quoi
1466 954 65 32 est
1562 945 120 41 bâtie
1715 953 122 33 toute
1870 945 40 41 la
1948 946 217 52 première

152 1018 129 38 scène
300 1014 58 42 du
383 1012 248 55 Rheingold

150 1376 29 40 il
197 1389 55 28 en
275 1375 78 43 fait
374 1378 132 40 sortir
522 1377 54 41 de
597 1378 35 39 si
656 1376 287 42 merveilleux
976 1377 398 53 développements
1399 1391 86 40 que
1517 1376 263 43 l'invention
1812 1378 59 40 du
1906 1377 147 41 thème
2081 1378 64 52 pri-

150 1444 120 42 mitif
291 1455 41 33 et
350 1446 39 40 le
415 1448 114 51 parti
553 1460 86 40 que
661 1446 325 42 Mendelssohn
1011 1460 54 28 en
1088 1448 81 40 tire
1192 1448 251 52 paraissent
1463 1460 84 40 peu
1571 1446 54 41 de
1649 1446 150 42 chose.

205 1513 277 43 L'imitation
504 1517 223 51 comprise
750 1517 53 40 de
826 1524 110 33 cette
972 1524 119 33 sorte
1127 1515 171 42 semble
1322 1516 217 50 légitime.
1572 1515 350 41 Probablement
1941 1518 161 48 même,
2126 1515 38 40 la

150 1585 209 52 musique
400 1597 55 28 ne
494 1585 275 41 saurait-elle
809 1585 214 54 procéder
1068 1594 249 32 autrement
1340 1585 112 40 dans
1475 1585 40 40 la
1539 1587 195 38 création
1759 1585 52 40 de
1846 1584 171 41 thèmes
2056 1597 84 29 nou-

150 1667 156 38 veaux,
333 1658 219 48 peut-être
576 1655 201 52 toujours
794 1655 173 40 dérivés
988 1655 101 52 plus
1111 1669 56 27 ou
1186 1656 147 39 moins
1354 1655 54 40 de
1427 1655 170 40 thèmes
1615 1656 191 39 existant
1821 1654 96 53 déjà
1943 1667 105 28 sans
2079 1655 61 40 les-

151 1723 127 53 quels
299 1723 54 40 ils
375 1721 251 43 n'auraient
644 1736 51 28 su
718 1725 99 39 voir
839 1724 39 40 le
901 1724 110 52 jour.
1036 1724 116 40 Mais
1173 1724 29 40 il
1226 1723 94 41 faut
1345 1737 165 28 avouer
1535 1737 85 39 que
1644 1723 40 41 le
1705 1737 74 27 cas
1799 1723 53 40 de
1873 1723 206 41 Philidor
2102 1731 66 32 est

151 1801 96 32 tout
269 1801 138 33 autre.
431 1792 89 41 Car
543 1793 29 39 il
596 1794 69 40 n'a
696 1794 94 40 rien
830 1793 148 53 ajouté
1000 1793 53 41 de
1076 1794 365 52 caractéristique
1462 1797 22 36 à
1509 1793 39 40 la
1574 1793 164 53 phrase
1783 1792 54 41 de
1861 1790 161 44 Gluck.
2050 1790 118 43 Sans

151 1862 134 40 doute
306 1862 28 40 il
359 1876 54 26 ne
433 1862 40 40 la
496 1863 87 40 suit
605 1876 80 39 pas
717 1870 276 33 exactement
1009 1870 195 46 partout,
1230 1876 90 27 non
1353 1876 81 39 pas
1456 1871 94 32 tant
1569 1876 85 40 que
1672 1862 40 40 la
1736 1862 211 52 prosodie
1988 1862 54 41 de
2086 1876 82 27 son

151 1938 114 33 texte
297 1928 63 55 s'y
381 1934 191 50 opposât
591 1930 74 55 (en
698 1931 168 46 réalité,
894 1931 104 42 sauf
1016 1932 87 40 àla
1131 1933 217 52 première
1373 1945 175 28 mesure
1647 1940 40 32 et
1708 1944 159 28 encore
1890 1931 38 40 là
1964 1931 205 41 Philidor

151 1999 130 41 eût-il
302 2014 59 39 pu
395 2000 185 53 adapter
602 2001 64 40 les
710 2001 177 52 paroles
908 2001 84 40 àla
1014 2002 134 51 petite
1168 2001 162 53 phrase
1354 2001 54 40 de
1427 2001 257 41 l'orchestre
1783 2002 95 39 rien
1898 1998 151 44 n'était
2068 2001 100 54 plus

153 2070 91 40 aisé
280 2083 86 40 que
398 2069 54 41 de
475 2069 181 54 calquer
676 2068 258 42 fidèlement
957 2070 243 53 l'original)
1221 2083 86 40 que
1327 2085 80 38 par
1430 2084 87 27 une
1541 2069 209 42 fantaisie
1773 2070 108 40 dont
1898 2070 63 40 les
1992 2072 176 39 raisons

152 2152 114 27 nous
289 2138 250 54 échappent
580 2138 117 41 xWais
721 2139 62 40 les
804 2139 325 51 changements
1152 2140 54 40 de
1225 2154 83 26 son
1331 2154 75 26 cru
1427 2138 130 54 (mes.
1579 2155 42 36 4,
1648 2152 15 40 5
1689 2148 41 32 et
1754 2140 245 47 suivantes,
2027 2153 68 31 20,
2118 2154 42 25 21

151 2222 80 38 par
253 2207 216 54 exemple)
494 2217 101 32 sont
618 2216 95 33 tout
738 2212 20 36 à
784 2207 79 43 fait
885 2208 277 42 indifférents
1200 2213 20 36 à
1247 2208 39 41 la
1312 2208 162 42 beauté
1510 2222 57 28 ou
1592 2213 22 35 à
1638 2209 40 40 la
1704 2206 302 53 signification
2031 2208 53 41 de
2127 2209 37 39 la

151 2277 209 41 mélodie.
396 2276 57 41 Ils
488 2290 55 28 ne
576 2276 243 42 suffiraient
855 2291 80 39 pas
974 2277 256 51 davantage
1270 2282 21 36 à
1324 2278 260 41 dissimuler
1610 2278 39 40 le
1685 2277 154 41 larcin.
1862 2276 55 42 Et
1940 2276 228 43 d'ailleurs

152 2344 229 55 j'imagine
404 2359 85 39 que
512 2345 144 42 c'était
676 2345 40 41 là
742 2346 134 41 chose
899 2347 108 40 dont
1022 2346 206 41 Philidor
1251 2360 46 27 se
1321 2348 189 40 souciait
1530 2359 123 28 assez
1668 2359 101 40 peu.

207 2414 50 55 Je
279 2416 114 39 crois
417 2413 107 54 qu'il
549 2416 133 39 serait
698 2413 129 42 facile
844 2415 53 40 de
914 2417 106 39 citer
1041 2415 54 40 de
1119 2429 81 27 son
1218 2424 144 44 temps
1386 2415 232 53 beaucoup
1639 2415 54 41 de
1716 2417 257 46 musiciens,
1997 2416 168 49 grands

153 2497 57 27 ou
234 2485 145 52 petits,
406 2492 133 44 ayant
564 2485 73 48 agi
670 2497 105 27 sans
798 2484 101 52 plus
931 2484 54 41 de
1009 2485 247 52 scrupules.
1294 2483 56 42 Et
1376 2488 19 36 à
1419 2497 87 28 une
1538 2488 176 48 époque
1750 2490 56 34 où
1844 2497 221 39 personne
2111 2497 54 27 ne

155 2551 144 43 s'était
322 2553 199 50 imaginé
538 2565 86 40 que
647 2551 183 42 l'œuvre
854 2552 113 42 d'art
987 2554 241 40 constituât
1251 2566 87 27 une
1369 2554 224 51 propriété
1617 2552 146 44 réelle,
1808 2551 53 41 de
1898 2552 125 40 telles
2066 2566 74 39 pra-

154 2624 145 50 tiques
322 2635 54 27 ne
398 2623 245 52 pouvaient
672 2622 275 41 scandaliser
989 2621 232 53 beaucoup
1254 2635 238 39 personne.
1529 2620 118 42 Sans
1686 2620 177 42 vouloir
1903 2634 181 28 excuser
2123 2622 39 40 le

153 2693 148 39 moins
318 2691 59 41 du
402 2691 165 41 monde
588 2691 38 41 le
643 2692 219 40 musicien
889 2690 209 52 français,
1124 2691 28 41 il
1177 2692 206 40 convient
1404 2690 248 54 cependant
1684 2690 53 41 de
1780 2704 55 27 ne
1874 2704 80 39 pas
1992 2689 173 43 oublier

158 2774 87 39 que
268 2773 82 28 son
383 2768 143 45 temps
556 2761 111 41 n'est
689 2773 81 40 pas
794 2761 39 40 le
856 2764 143 39 nôtre.

209 2829 70 41 Au
300 2831 197 52 surplus,
520 2830 38 41 le
583 2836 153 36 succès
758 2830 53 41 de
835 2839 110 33 cette
967 2844 225 37 romance,
1218 2845 55 27 en
1312 2844 173 28 somme
1524 2829 324 54 d'importance
1889 2830 277 45 secondaire,

154 2912 55 27 ne
233 2900 182 52 pouvait
438 2900 160 40 influer
619 2899 236 54 beaucoup
891 2914 77 28 sur
987 2900 39 41 la
1051 2902 189 40 réussite
1263 2900 52 41 de
1350 2914 82 28 son
1456 2914 167 27 œuvre.
1652 2898 63 42 Ce
1738 2898 112 42 n'est
1889 2912 79 40 pas
2006 2898 162 54 qu'elle

156 2967 105 41 n'ait
279 2973 67 36 été
372 2973 278 49 remarquée,
676 2972 114 38 mais
826 2983 46 27 ce
892 2968 65 42 fut
979 2970 145 53 plutôt
1149 2984 115 39 pour
1296 2970 62 41 les
1392 2970 177 53 paroles
1606 2982 85 40 que
1714 2982 113 39 pour
1858 2968 40 40 la
1942 2970 222 50 musique.

211 3036 300 43 Coïncidence
532 3039 261 51 singulière,
813 3053 70 27 ces
905 3041 132 51 petits
1053 3053 99 27 vers
1173 3041 163 40 étaient
1353 3041 120 40 aussi
1494 3039 39 41 la
1560 3038 251 42 traduction
1824 3038 99 53 plus
1948 3051 56 28 ou
2020 3039 146 39 moins

157 3106 109 41 libre
290 3107 54 40 de
362 3104 179 44 l'œuvre
565 3106 104 42 d'un
690 3117 125 32 autre
835 3114 144 47 poète.

214 3174 61 43 Le
290 3174 196 42 Mercure
508 3176 154 54 galant
692 3177 40 40 le
755 3178 174 50 signale
962 3193 54 26 au
1054 3190 193 41 passage
1273 3189 8 28 :
1307 3191 20 26 «
1353 3177 127 42 Cette
1513 3178 103 53 jolie
1657 3189 225 35 romance,
1925 3189 86 40 que
2053 3189 114 28 nous

158 3259 140 28 avons
323 3258 194 29 reconnu
542 3249 91 38 être
652 3247 151 40 imitée
824 3247 105 41 d'un
947 3255 159 33 sonnet
1121 3248 153 40 italien
1299 3248 58 40 du
1375 3247 222 41 chevalier
1619 3246 142 54 Zappi
1789 3276 62 10 ....
1874 3259 114 28 nous
2011 3260 21 26 a
2058 3260 111 39 paru

157 3313 201 43 d'autant
379 3315 101 53 plus
522 3314 318 54 remarquable
879 3314 161 55 qu'elle
1068 3331 21 26 a
1110 3331 174 27 comme
1308 3332 59 26 un
1406 3320 160 50 poème
1599 3316 99 53 plus
1735 3314 311 42 considérable
2084 3328 86 28 une

155 3386 269 51 exposition,
449 3400 61 26 un
530 3384 135 41 nœud
684 3393 40 33 et
742 3398 85 28 une
851 3386 276 47 conclusion,
1152 3387 125 40 telles
1300 3400 87 40 que
1407 3387 228 40 devroient
1657 3389 91 38 être
1768 3394 146 33 toutes
1935 3399 69 27 ces
2029 3394 141 32 sortes

157 3454 53 41 de
230 3454 245 41 chansons.
505 3467 19 25 »
546 3453 117 42 Tout
687 3454 91 41 cela
811 3468 113 39 pour
944 3468 70 27 ces
1049 3457 108 39 trois
1177 3457 132 52 petits
1343 3457 199 52 couplets
1570 3455 6 39 !

212 3521 69 43 Au
305 3523 196 53 surplus,
520 3523 63 41 les
607 3525 179 40 mérites
807 3538 85 39 que
917 3524 87 42 l'on
1021 3539 45 27 se
1091 3526 95 53 plut
1212 3530 21 37 à
1258 3531 279 36 reconnaître
1562 3530 21 36 à
1608 3525 39 41 la
1672 3527 137 51 pièce,
1829 3525 86 40 due
1938 3528 21 37 à
1997 3524 149 41 Poinsi-

161 3601 86 40 net,
274 3592 145 43 furent
438 3592 232 55 beaucoup
694 3594 114 42 dans
832 3595 38 43 le
903 3601 151 36 succès
1089 3596 58 40 du
1179 3594 190 50 Sorcier,
1392 3598 75 57 qui
1497 3595 65 42 fut
1595 3594 324 43 considérable.
1959 3593 63 43 Ce
2060 3592 110 45 n'est
