3617 4391
1842 197 0 0 53

265 291 95 38 sen,
391 272 89 48 und
508 290 132 34 wann
665 273 108 49 eher
797 275 79 49 der
900 279 297 49 Tannhäuser
1225 299 79 30 zur
1328 284 297 66 Aufführung
1649 286 95 50 kom-

265 367 102 31 men
398 348 131 58 wird,
572 350 160 48 wissen
764 370 85 29 nur
877 352 71 50 die
978 355 362 64 Eingeweihten,
1375 360 109 47 oder
1514 362 113 46 auch
1658 362 117 49 diese

264 427 222 48 vielleicht
515 427 115 47 noch
663 428 133 49 nicht.
846 431 209 47 Indessen
1088 432 187 50 brachte
1304 435 70 48 die

263 499 196 74 poraine
480 502 137 47 schon
647 520 78 30 vor
753 505 171 64 einiger
952 507 98 47 Zeit
1078 508 129 49 einen
1238 511 199 55 Aufsatz,
1478 513 42 46 in
1559 515 215 49 welchem

266 580 124 48 recht
432 581 283 63 vernünftige
754 582 250 48 Gedanken
1051 585 115 48 über
1206 587 145 64 einige
1393 590 199 63 politisch
1620 592 132 48 social-

266 656 308 49 musicalische
617 658 242 49 Ansichten
914 660 244 63 Wagner's
1204 681 50 29 zu
1298 665 119 48 lesen
1461 684 168 31 waren.
1682 670 94 47 Der

266 733 232 48 Verfasser
520 732 160 65 knüpft
702 751 56 29 an
785 734 166 47 Kiehl's
990 738 334 52 „musicalische

263 828 75 40 an,
373 808 86 52 den
491 826 48 30 er
569 811 110 45 aber
701 811 237 63 jedenlalls
966 813 43 46 in
1040 816 216 49 mancher
1287 818 254 65 Beziehung
1573 821 176 48 missver-

261 887 135 54 steht,
440 886 89 48 und
575 884 119 49 dann
726 888 112 46 nach
871 887 321 52 französischer
1219 893 159 48 Weise
1408 897 121 46 Alles
1558 897 41 47 in
1632 898 142 47 Einen

273 966 19 47 l
306 964 73 64 opl
409 962 235 49 schmeisst
674 963 89 47 und
793 981 79 30 aus
903 966 166 48 diesem
1094 968 98 48 eine
1214 971 301 64 Schilderung
1538 973 78 47 der
1639 976 108 47 musi-

260 1042 222 47 calischen
515 1041 146 47 Kritik
692 1041 43 47 in
768 1043 306 50 Deutschland
1107 1047 97 47 aufs
1233 1049 164 64 Papier
1426 1051 132 47 wirft.

388 1118 135 53 „Also
567 1115 70 50 die
1063 1122 133 49 heisst
1224 1141 46 30 es
1299 1124 55 49 da
1385 1134 131 39 unter
1547 1126 228 48 Anderem

350 1193 268 56 „bekommt
642 1197 99 47 eine
766 1197 171 48 höhere
961 1199 236 64 Aufgabe:
1227 1202 60 47 sie
1308 1202 470 58 wirdPiiesterthum,

261 1272 167 54 Lehre,
463 1273 306 65 Philosophie,
807 1275 89 47 und
927 1274 79 50 das
1035 1277 108 47 alles
1171 1278 40 47 in
1244 1279 151 64 Bezug
1425 1281 80 47 auf
1529 1281 70 47 die
1627 1282 126 46 Erzie-

260 1349 125 62 hung
414 1348 80 47 der
525 1350 331 49 menschlichen
881 1353 310 56 Gesellschaft,
1221 1354 78 47 auf
1324 1357 234 45 staatliche
1588 1357 91 47 und
1710 1373 46 31 re-

260 1424 155 64 ligiöse
445 1427 242 63 Ordnung.
746 1429 154 47 Daher
943 1429 118 50 denn
1106 1430 115 49 auch
1262 1432 99 47 ihre
1402 1448 153 47 grosse
1587 1433 162 48 Verant-

265 1504 304 47 wortlichkeit
598 1504 89 47 und
717 1504 97 50 ihre
844 1505 311 59 Verbrechen,
1186 1507 71 49 die
1287 1508 67 48 bis
1381 1526 54 30 zu
1464 1509 315 50 Hochverrath

263 1579 148 63 gehen
444 1580 195 50 können.

390 1659 124 55 „Der
556 1658 201 48 Musiker
797 1659 106 50 darf
937 1660 123 49 nicht
1103 1660 130 47 mehr
1272 1659 122 50 seine
1439 1662 341 64 selbstständige

261 1735 207 65 Stellung
499 1735 76 48 für
603 1736 93 49 sich
726 1736 168 58 haben,
933 1756 51 31 er
1012 1738 104 49 darf
1140 1738 92 48 sich
1261 1738 123 48 nicht
1412 1739 152 48 seinen
1592 1740 187 64 eigenen

261 1811 200 49 Himmel
499 1813 174 57 bauen;
715 1830 48 32 er
806 1830 121 32 muss
969 1815 71 48 ein
1077 1814 442 49 Public-Charakter
1558 1816 110 56 sein,
1710 1815 69 48 ein

263 1889 180 47 Banner
473 1889 168 58 haben,
688 1890 103 48 dem
820 1909 50 31 er
900 1893 127 63 folgt,
1069 1893 99 47 eine
1197 1893 168 54 Partei,
1407 1910 52 30 zu
1500 1893 81 48 der
1616 1910 50 31 er
1702 1910 52 49 ge-

261 1964 262 58 schworen;
560 1966 120 49 seine
710 1969 147 47 Musik
887 1985 122 31 muss
1040 1968 297 57 Grundsätze,
1366 1969 230 65 politische
1627 1969 152 58 Ideen,

261 2043 380 66 Offenbarungen
673 2062 56 31 an
758 2045 71 48 die
858 2046 283 49 Menschheit
1169 2045 300 50 ausdrücken.

390 2121 426 57 „Harmonielehre,
859 2123 333 66 Contrapunkt,
1233 2130 123 41 sonst
1384 2124 71 47 die
1483 2124 295 65 Grundlagen

261 2195 80 47 der
382 2196 340 50 musicalischen
753 2197 212 67 Bildung,
1007 2199 99 48 sind
1134 2197 330 50 Nebensachen
1506 2200 270 64 geworden;

259 2272 62 47 sie
353 2271 178 50 können
555 2275 143 47 nichts
721 2280 163 43 nützen
908 2294 78 29 zur
1004 2277 184 63 Lösung
1202 2276 79 47 der
1296 2276 204 48 höheren
1515 2276 263 65 Aufgaben,

260 2350 172 48 welche
461 2350 71 48 die
561 2352 149 47 Musik
739 2352 93 49 sich
861 2355 155 46 stellen
1046 2369 136 32 muss.
1230 2355 101 46 Den
1361 2354 202 47 Musiker
1592 2370 187 31 unserer

256 2426 99 48 Zeit
385 2444 120 30 muss
533 2427 93 49 sein
651 2429 210 49 Studium
885 2448 52 30 zu
962 2430 80 48 der
1065 2430 428 65 Universalbildung
1521 2430 78 48 des
1627 2431 128 47 Philo-

258 2502 191 66 sophen,
478 2504 78 48 des
585 2506 343 51 Staatsmannes
957 2506 216 50 erheben.

385 2581 115 56 „Die
522 2584 160 47 Poesie
711 2584 55 47 ist
792 2585 81 47 auf
895 2585 145 48 ihrem
1065 2584 258 64 bisherigen
1346 2582 317 66 Standpunkte
1691 2600 88 32 nur

259 2658 260 49 Hemmniss
550 2661 76 47 für
654 2661 71 48 die
759 2662 319 64 Entwicklung
1113 2662 77 47 des
1220 2661 188 57 Geistes,
1450 2661 64 47 sie
1541 2662 166 64 gehört
1732 2662 44 47 in

256 2735 73 48 die
355 2737 155 47 Zeiten
555 2737 80 48 der
675 2744 159 43 naiven
866 2739 442 66 Leichtgläubigkeit
1336 2739 92 48 und
1458 2737 77 48 des
1566 2739 179 64 gemüth-

256 2811 146 49 lichen
430 2813 267 50 Träumens.
753 2816 86 47 Die
875 2817 160 47 Poesie
1077 2817 54 47 ist
1168 2815 79 49 das
1289 2815 369 49 Prokrustesbett
1695 2815 81 48 der

255 2888 268 58 Gedanken,
565 2891 62 48 sie
655 2893 196 47 entstellt
881 2893 92 49 und
999 2893 214 47 verkehrt
1240 2892 72 48 die
1341 2892 212 65 Begriffe.
1600 2893 62 47 Es
1693 2892 80 48 soll

252 2966 164 49 anders
454 2968 80 49 mit
569 2970 71 47 ihr
674 2971 211 48 werden:
927 2972 63 47 sie
1031 2972 80 47 soll
1153 2971 81 47 der
1265 2971 128 48 Welt
1434 2970 71 47 die
1545 2970 229 64 logischen

254 3046 188 47 Gesetze
471 3045 76 48 des
572 3047 215 48 Denkens
816 3048 224 56 erklären,
1069 3048 61 47 sie
1154 3064 121 31 muss
1296 3047 310 56 Abstraction,
1637 3048 102 47 Com-

252 3121 202 48 bination
498 3139 85 33 von
626 3125 247 64 Begriffen,
929 3127 82 47 mit
1055 3125 163 49 Einem
1262 3126 168 48 Worte
1482 3125 292 66 Philosophie

252 3197 185 50 werden
448 3198 55 66 *).

381 3274 157 58 „Eben
567 3293 50 32 so
646 3277 71 50 die
746 3280 164 49 Musik.
942 3281 159 48 Hören
1131 3278 83 49 wir
1242 3278 120 49 nicht
1390 3277 139 50 schon
1559 3278 85 49 alle
1675 3278 64 49 Au-

251 3352 239 65 genblicke
527 3356 236 48 verzückte
796 3358 295 56 Dilettanten,
1127 3357 291 48 Aesthetiker
1448 3356 90 48 und
1568 3356 205 48 Musiker

250 3429 166 58 selber,
447 3429 71 50 die
547 3448 83 32 uns
659 3433 225 56 erzählen,
915 3434 173 49 welche
1112 3434 310 47 Geheimnisse
1446 3433 80 48 der
1550 3433 130 50 Welt
1702 3432 71 49 die

252 3507 149 47 Musik
449 3507 136 49 ihnen
633 3511 303 53 entschleiert,
992 3512 171 47 welche
1209 3509 382 65 Offenbarungen
1634 3511 135 47 ihnen

250 3584 145 49 durch
418 3584 62 49 sie
503 3587 279 63 geworden?
813 3587 173 49 Elende
1008 3587 168 57 Kritik,
1205 3587 71 48 die
1305 3586 61 49 du
1395 3588 115 47 nach
1540 3587 81 48 der
1647 3587 95 48 Wis-

252 3663 228 48 senschaft
514 3663 81 48 der
623 3664 164 57 Kunst,
830 3666 113 48 nach
988 3664 86 50 den
1111 3663 312 50 Grundsätzen
1461 3664 80 49 der
1572 3664 201 56 Meister,

252 3739 116 49 nach
409 3741 283 49 Geschmack
736 3742 90 48 und
865 3743 170 48 Gefühl
1079 3742 250 58 urtheilest,
1373 3758 92 32 was
1508 3742 133 48 willst
1681 3742 90 48 du?

255 3833 93 32 was
378 3817 163 51 kannst
569 3819 61 49 du
661 3819 243 59 beweisen,
943 3819 216 51 während
1196 3821 84 48 wir
1315 3821 45 48 in
1397 3819 202 57 Bildern,
1627 3821 116 48 Meta-

254 3894 162 65 phern,
462 3898 328 50 Wortschwall
828 3898 90 50 und
955 3898 358 66 phantastischer
1340 3897 304 66 Entrückung
1676 3898 98 48 klar

323 4012 35 50 *)
386 4015 129 46 Yergl.
555 4016 245 46 Wagner's
846 4017 128 43 „Brief
1004 4029 47 23 an
1089 4017 106 35 einen
1453 4015 38 38 S.
1520 4014 60 46 28,
1622 4027 57 23 wo
1707 4015 65 35 das

382 4074 123 49 Obige
534 4077 172 35 wörtlich
736 4089 46 24 zu
811 4076 103 37 lesen
943 4078 59 35 ist.
1039 4077 99 46 (Vgl.
1166 4077 61 36 Nr.
1260 4074 33 47 1,
1325 4076 37 36 S.
1392 4074 22 37 2
1445 4076 157 35 dieses
1631 4076 81 45 Bl)

1848 288 232 65 darlegen,
2121 290 99 48 dass
2255 292 69 49 die
2354 295 146 48 Musik
2540 295 386 67 weltbewegende
2952 301 253 65 Principien
3236 303 113 49 über

1848 365 68 48 die
1947 366 280 48 Menschheit

1962 444 60 47 So
2052 444 226 62 ungefähr
2307 446 149 48 lauten
2485 449 197 47 einzelne
2712 449 300 64 Aphorismen
3041 453 77 48 des
3147 455 202 55 Mannes,

1847 519 96 54 der,
1972 520 85 47 wie
2086 536 46 31 es
2160 521 187 57 scheint,
2376 524 118 48 seine
2521 526 143 47 Leute
2695 526 127 48 recht
2850 535 78 56 gut
2959 529 147 49 kennt.

3192 532 51 47 B.
3267 532 48 47 P.

2382 767 95 55 Aus
2516 770 299 56 Wiesbaden.

1963 902 103 48 Ihre
2099 903 140 47 Leser
2268 902 79 48 mit
2376 903 123 47 einer
2521 906 155 47 Revue
2705 905 76 49 des
2809 908 155 49 letzten
2994 910 233 48 Sommers
3257 911 73 50 hin-

1848 976 198 49 sichtlich
2088 995 184 32 unserer
2301 980 128 63 Oper
2472 981 91 47 und
2604 981 80 47 der
2726 982 211 48 endlosen
2968 986 361 49 Virtuosen-Con-

1848 1061 120 40 certe
1992 1053 262 65 belästigen,
2278 1056 142 48 hiesse
2444 1056 243 49 denselben
2716 1075 54 30 zu
2800 1058 79 47 viel
2902 1060 172 49 Geduld
3097 1063 258 50 zumuthen.

1853 1131 139 47 Unter
2022 1131 83 47 den
2136 1132 140 47 vielen
2303 1133 162 47 Nieten
2508 1133 80 47 der
2616 1133 383 65 Opern-Lotterie
3027 1137 54 47 ist
3107 1156 80 46 gar
3214 1141 141 48 selten

1850 1206 70 48 ein
1964 1207 313 49 ansehnlicher
2606 1211 75 47 für
2721 1212 122 46 Frau
2888 1212 171 49 Musica
3100 1231 51 30 zu
3190 1215 164 49 finden.

1851 1282 87 48 Die
1977 1284 191 64 Zwerge
2208 1287 115 46 Jean
2362 1286 192 57 Piccolo,
2594 1288 115 47 Jean
2747 1288 131 57 Petit,
2921 1289 100 46 Kiss
3046 1291 117 45 Joszi
3205 1307 153 33 waren

1851 1359 116 49 auch
1992 1361 112 57 hier,
2118 1362 146 63 gaben
2287 1363 95 47 ihre
2410 1363 207 56 „Skizzen
2636 1381 79 32 aus
2733 1364 100 49 dem
2848 1364 157 50 Leben
3024 1366 78 48 der

1853 1437 96 47 ihre
1990 1437 255 63 „gesunden
2532 1457 42 31 u.
2611 1457 32 31 s.
2684 1458 73 40 w.,
2800 1442 132 48 allein
2974 1442 69 48 ich
3081 1443 117 48 habe
3239 1444 117 49 mich

1853 1529 85 32 von
1985 1514 129 47 ihren
2155 1514 306 64 zwerghaften
2500 1517 292 65 Leistungen,
2839 1518 72 48 die
2959 1536 103 32 man
3110 1521 63 47 als
3226 1521 130 57 „echt

2218 1590 134 65 pries,
2391 1590 122 49 nicht
2547 1608 258 48 angezogen
2847 1594 194 64 gefühlt,
3082 1594 57 50 da
3176 1597 69 48 ich
3275 1613 80 33 aus

1853 1667 265 64 Erfahrung
2147 1674 164 41 wusste
2340 1667 90 48 und
2460 1668 158 63 gewiss
2648 1686 113 39 war,
2801 1669 115 48 auch
2958 1670 113 49 nach
3109 1672 101 48 dem
3237 1674 88 49 Ver-

1851 1743 259 48 schwinden
2141 1743 146 48 dieser
2314 1745 191 63 Zwerge
2545 1745 113 47 noch
2687 1747 192 63 Zwerge
2907 1747 81 48 auf
3011 1747 77 47 der
3118 1749 158 48 Bühne
3304 1768 54 29 zu

1851 1820 151 49 sehen.
2051 1820 85 49 Die
2168 1822 250 48 Wallfahrt
2444 1822 115 48 nach
2588 1823 223 47 Ploermel
2851 1823 79 48 hat
2961 1824 57 47 im
3049 1824 210 48 Sommer
3297 1827 63 47 oft

1854 1896 237 49 herhalten
2114 1900 202 54 müssen;
2345 1898 82 47 auf
2444 1898 155 48 Befehl
2631 1898 102 48 kam
2762 1899 63 48 sie
2852 1899 114 48 auch
2997 1899 115 48 noch
3143 1902 215 49 während

1853 1974 77 47 des
1972 1974 221 56 Winters,
2236 1974 79 49 das
2356 1974 238 49 Publicum
2636 1975 150 48 schien
2823 1977 164 63 jedoch
3026 1977 145 64 längst
3209 1996 152 48 genug

1851 2049 144 49 daran
2023 2068 52 30 zu
2105 2050 164 48 haben.
2298 2051 131 47 Auch
2706 2068 84 32 von
2818 2053 212 64 Wagner
3057 2054 205 48 schreckt
3289 2055 70 49 die

1850 2128 145 48 Leute
2024 2128 224 64 geradezu
2278 2128 75 58 ab,
2391 2128 117 48 denn
2538 2129 126 48 Viele
2701 2129 272 58 bekannten,
3008 2130 101 48 dass
3137 2131 62 49 sie
3233 2133 116 47 nach

1849 2204 258 65 Anhörung
2128 2204 141 48 dieses
2293 2206 403 47 unmusicalischen
2711 2208 160 45 Lärms
2895 2205 104 50 3
3011 2209 33 46 4
3067 2209 124 62 Tage
3215 2209 115 47 förm-

1850 2280 84 47 lich
1966 2280 142 48 krank
2137 2298 210 46 gewesen
2375 2281 135 49 seien.

1967 2358 77 45 Als
2079 2358 144 46 kleine
2258 2358 145 63 artige
2747 2358 80 48 der
2850 2359 381 65 Opern-Lotterie
3270 2360 63 48 las-

1849 2450 77 31 sen
1964 2434 91 47 sich
2093 2434 205 64 dagegen
2340 2434 309 48 Dittersdorfs
2690 2435 200 56 „Doctor
2919 2435 89 48 und

1850 2511 226 48 Isouard's
2116 2511 335 65 Zauber-Oper
2949 2514 250 63 Lortzing's
3237 2515 91 55 „Un-

2016 2605 194 38 nennen,
2240 2589 169 48 welche
2432 2587 71 50 die
2524 2589 143 64 Regie
2696 2605 82 32 uns
2806 2587 152 50 diesen
2980 2590 187 48 Winter
3195 2590 166 49 wieder

1850 2666 271 64 vorgeführt
2142 2666 90 48 hat.
2263 2666 208 65 Halevy's
2724 2665 91 49 und
2837 2666 301 48 Marschner's
3166 2669 160 63 „Temp-

1849 2742 66 47 ler
1943 2741 90 50 und
2295 2742 109 49 zwei
2442 2742 107 49 sehr
2575 2742 168 49 schöne
2771 2742 273 59 Tonwerke,
3086 2742 159 50 hörten
3275 2745 84 47 wir

1849 2820 132 56 auch,
2023 2819 208 66 dagegen
2272 2819 245 49 auffallend
2559 2821 139 47 selten
2742 2820 97 48 eine
2880 2820 292 48 Mozart'sche
3213 2821 141 65 Oper.

2265 2896 93 48 und
2768 2895 113 58 sind,
2925 2896 83 48 wie
3048 2897 84 47 seit
3170 2897 190 57 Jahren,

1849 2973 98 49 hier
1982 2973 147 49 stabil.
2178 2975 153 48 Herrn
2362 2973 339 65 Capellmeister
2729 2975 161 63 Hagen
2932 2973 99 47 sind
3067 2972 123 50 selbe
3231 2975 109 48 theil-

1848 3051 134 47 weise
2371 3050 345 48 überkommen.
2745 3050 77 48 Ob
2852 3050 116 48 nach
2996 3050 263 48 Decennien
3289 3051 70 48 ein

1845 3128 277 64 Nachfolger
2143 3128 201 64 Hagen's
2364 3128 119 47 diese
2505 3127 233 48 Tradition
2763 3127 116 48 noch
2903 3127 161 48 achten
3087 3127 131 57 wird,
3247 3127 109 50 oder

1846 3222 46 31 es
1920 3205 235 48 vorziehen
2183 3206 145 57 sollte,
2363 3205 130 48 einen
2523 3205 192 63 eigenen
2745 3205 127 63 Weg
2903 3205 378 64 einzuschlagen?

1846 3283 96 46 Der
1963 3282 108 64 jetzt
2100 3282 192 47 hierorts
2319 3281 388 48 vorherrschende
2739 3280 145 49 Wind
2923 3280 149 48 dürfte
3109 3280 105 49 bald
3243 3282 113 48 auch

1856 3360 206 55 „Tristan
2098 3358 89 49 und
2451 3376 52 29 zu
2555 3358 124 49 einer
2721 3358 134 49 Reise
2903 3358 43 47 in
2989 3358 71 49 die
3111 3358 93 49 Cur
3242 3360 114 47 nach

1848 3434 281 51 Wiesbaden
2157 3436 304 56 veranlassen,
2503 3451 71 32 wo
2617 3434 154 58 ihnen,
2810 3451 130 30 wenn
2972 3434 113 49 auch
3115 3433 98 50 kein
3245 3436 82 47 Hei-

1846 3513 258 57 matsrecht,
2116 3512 241 65 jedenfalls
2373 3513 70 47 ein
2466 3517 283 61 temporärer
2764 3512 265 51 Aufenthalt
3049 3512 220 63 gesichert
3288 3513 67 47 ist.

1959 3589 84 47 Die
2072 3589 174 58 zweite,
2276 3589 149 56 dritte,
2455 3589 138 47 vierte
2632 3588 92 48 und
2756 3589 144 47 fünfte
2928 3589 153 47 Soiree
3111 3588 75 47 für
3215 3589 106 47 Kam-

1848 3667 243 48 mermusik
2141 3667 189 48 brachte
2378 3683 83 32 uns
2510 3666 209 66 folgende
2767 3666 142 48 Trio's
2956 3664 89 49 und
3092 3666 266 57 Quartette:

1846 3743 162 66 Haydn
2041 3743 236 64 (Quartett
2298 3744 42 47 in
2367 3743 76 65 0),
2472 3744 174 47 Mozart
2668 3742 230 66 (Quartett
2918 3742 42 47 in
2977 3741 221 66 D-mott),
3227 3743 105 48 Beet-

1845 3822 144 48 hoven
2019 3821 145 64 (Trio,
2193 3822 90 65 Op.
2309 3821 88 58 97,
2427 3821 166 48 B-dur
2596 3821 30 63 ),
2655 3822 172 47 Mozart
2855 3818 232 64 (Quartett
3107 3819 45 47 in
3177 3819 181 65 C-dur),

1845 3898 258 50 Beethoven
2145 3897 251 66 (Quartett,
2427 3899 86 64 Op.
2546 3898 86 57 59,
2921 3895 165 67 Haydn
3125 3894 234 62 (Quartett

1845 3977 42 48 in
1916 3975 203 67 B-dur),
2175 3977 258 48 Beethoven
2476 3975 142 65 (Trio,
2657 3974 87 65 Op.
2781 3974 44 56 1,
2866 3973 220 66 Es-dur),
3134 3974 226 48 Schubert

1846 4054 235 65 (Quartett
2103 4055 42 47 in
2415 4053 134 66 D-moll),
2550 4054 103 48 Mozart
2654 4050 188 66 (Quartett
2865 4052 42 47 in
3134 4050 222 50 Mendels-
