3477 4447
1717 176 96 53 218

159 316 156 51 Faden
346 316 237 68 erklingen
612 316 121 59 liess,
779 334 57 33 an
882 316 104 50 dem
1029 316 201 53 anderen
1277 318 142 51 durch
1452 318 162 51 Blasen
1651 319 80 48 auf

158 400 125 50 einer
322 400 224 57 Muschel,
590 400 147 50 einem
783 400 172 51 Stücke
998 402 254 52 Schilfrohr
1298 402 112 50 oder
1454 403 79 48 auf
1575 403 147 49 einem

158 485 170 51 bohlen
356 485 255 50 Thierhorn
643 484 112 51 oder
786 487 229 49 Knochen
1048 488 130 49 einen
1209 489 101 50 Ton
1343 488 246 57 entlockte,
1631 506 98 31 wer

158 569 185 51 möchte
374 568 78 49 das
478 567 115 66 jetzt
625 569 297 51 entscheiden
940 572 22 48 ?
996 572 267 66 Begreiflich
1296 570 109 51 aber
1438 573 56 48 ist
1525 588 65 40 es,
1623 570 102 50 dass

158 653 71 50 die
259 652 292 67 gellenderen
581 653 132 50 Töne
743 654 84 52 der
861 656 441 50 Blas-Instrumente
1345 656 70 50 bei
1448 657 104 48 dem
1584 673 115 50 unge-

156 737 186 49 sitteten
372 736 253 50 Menschen
671 738 131 50 mehr
832 739 419 51 Aufmerksamkeit
1296 741 92 49 und
1421 739 202 51 Gefallen
1656 757 48 32 er-

155 819 191 51 wecken
376 828 226 51 mussten,
633 822 63 49 als
729 823 70 50 die
832 832 94 41 zart
959 824 241 66 klingende
1232 826 136 48 Saite.
1415 826 185 48 Hörner
1633 824 91 50 und

158 902 191 58 Pfeifen,
382 906 242 51 entweder
643 907 206 66 eintönig
870 907 111 51 oder
1006 908 142 50 durch
1183 910 69 48 ein
1285 926 107 50 paar
1411 908 318 51 Seitenlöcher

156 1005 91 33 nur
278 1007 55 31 zu
366 988 166 51 höchst
563 991 388 49 unästhetischem
976 992 299 51 Tonwechsel
1305 992 227 67 geeignet,
1565 993 165 50 treffen

159 1072 84 51 wir
275 1073 161 51 darum
469 1073 70 50 bei
572 1075 85 49 den
685 1076 200 49 Völkern
904 1092 72 42 an,
1010 1077 171 48 welche
1213 1076 116 51 eben
1355 1076 113 51 über
1501 1077 69 50 die
1604 1077 98 50 blos-

160 1174 83 33 sen
273 1158 159 49 Lärm-
466 1158 90 49 und
588 1158 498 51 Rassel-Instrumente
1128 1161 438 66 hinausgekommen
1616 1161 114 58 sind,

162 1259 134 33 wenn
341 1241 115 50 auch
502 1242 68 49 die
615 1242 222 51 letzteren
882 1245 118 48 noch
1045 1244 187 53 vielfach
1282 1246 86 50 den
1402 1247 216 66 Vorrang
1650 1245 52 51 be-

164 1325 213 67 haupten.

283 1447 234 51 Nachdem
550 1448 116 50 über
697 1449 73 50 die
800 1451 146 50 rohen
971 1452 311 48 Instrumente
1308 1452 82 49 der
1409 1452 322 49 Urbewohner

162 1532 82 49 der
273 1550 153 31 neuen
460 1532 135 52 Welt
628 1533 182 67 Einiges
842 1533 225 60 bemerkt,
1100 1536 141 49 heisst
1273 1553 48 32 es
1353 1537 183 49 weiter:

297 1659 84 58 „In
413 1659 80 49 der
525 1659 120 49 alten
680 1660 132 50 Welt
837 1659 56 49 ist
922 1677 50 31 es
1002 1658 116 50 auch
1150 1658 69 50 bei
1254 1659 85 49 den
1365 1659 219 56 Völkern,
1617 1659 81 48 wel-

162 1743 85 49 che
287 1743 123 49 nicht
455 1762 53 30 zu
554 1743 197 49 höherer
797 1743 513 64 Cultur-Entwicklung
1354 1743 370 64 fortgeschritten

164 1828 117 58 sind,
313 1830 205 46 äusserst
549 1828 254 66 schwierig,
849 1828 77 48 das
973 1828 144 48 ihrem
1160 1826 379 69 ursprünglichen
1574 1828 125 48 Erfin-

163 1912 297 67 dungsgeiste
479 1912 296 66 Angehörige
807 1912 90 49 und
929 1929 81 32 aus
1042 1912 102 49 dem
1172 1912 191 67 eigenen
1383 1912 341 49 musicalischen

159 1995 298 51 Bedürfnisse
490 1997 454 66 Hervorgegangene
986 2014 85 32 von
1117 1997 101 50 dem
1266 2014 52 31 zu
1353 1995 371 59 unterscheiden,

163 2097 95 32 was
290 2079 142 50 durch
466 2079 87 48 den
584 2080 102 67 Zug
734 2080 82 49 der
857 2080 265 68 politischen
1155 2079 274 66 Ereignisse,
1476 2089 133 40 unter
1645 2080 80 49 der

163 2163 151 50 Gunst
344 2180 87 31 von
464 2163 595 67 Handels-Verbindungen
1109 2164 113 50 oder
1252 2163 115 50 auch
1410 2163 142 50 durch
1586 2164 115 49 zufäl-

159 2247 86 66 lige
275 2246 279 66 Berührung
598 2265 87 31 von
732 2248 297 65 gesitteteren
1068 2248 226 48 Nationen
1341 2247 82 49 der
1466 2247 119 49 alten
1633 2248 89 48 und

159 2347 149 33 neuen
327 2329 99 50 Zeit
457 2329 91 50 sich
583 2329 278 69 übertragen
887 2332 90 49 hat.
1014 2332 143 49 Keine
1184 2333 152 47 Kunst
1357 2332 205 48 wandert
1592 2332 111 48 leich-

160 2423 87 49 ter,
277 2414 64 50 als
371 2414 71 50 die
473 2414 165 50 Musik.
672 2417 133 48 Steht
838 2416 68 49 bei
940 2417 85 48 den
1059 2418 211 49 Künsten
1305 2417 78 48 des
1415 2417 199 48 Raumes
1656 2417 70 48 die

158 2500 148 49 Natur
336 2498 80 50 der
432 2500 476 66 Kunstgegenstände
931 2500 141 50 selbst
1103 2502 55 47 im
1183 2502 166 64 Wege,
1376 2519 49 30 so
1453 2500 274 50 beschränkt

160 2583 71 50 die
264 2582 406 51 Verschiedenheit
714 2585 83 49 der
828 2585 234 67 Sprachen
1110 2585 89 49 und
1247 2583 209 50 Dialekte
1501 2585 69 49 die
1614 2586 84 47 Ver-

158 2666 224 66 breitung
402 2666 81 49 der
502 2667 173 55 Poesie,
705 2667 92 50 und
831 2685 132 32 wenn
998 2685 102 32 man
1132 2668 114 50 auch
1280 2668 276 65 zugestehen
1588 2685 139 41 muss,

162 2751 105 48 dass
299 2750 197 66 gewisse
527 2750 219 51 Bereiche
789 2752 467 65 verschiedenartiger
1289 2752 325 66 Entwicklung
1646 2752 81 49 der

160 2834 245 50 Tonkunst
450 2834 94 49 sich
590 2835 276 66 abgränzen,
912 2836 177 50 ähnlich
1139 2836 86 50 wie
1254 2836 374 67 Sprachgebiete,
1674 2854 51 33 so

159 2917 96 68 gibt
286 2934 50 33 es
366 2919 81 47 der
479 2917 343 51 musicalischen
841 2920 234 67 Sprachen
1108 2920 114 49 doch
1249 2921 105 48 weit
1385 2921 215 64 weniger,
1633 2922 91 47 und

158 3004 97 49 ihre
286 3001 367 68 Abschliessung
697 3004 58 48 ist
800 3004 131 49 keine
977 3022 49 33 so
1075 3004 293 67 unbedingte,
1416 3005 84 48 wie
1543 3004 69 49 bei
1646 3005 80 50 der

162 3085 354 69 Wortsprache,
548 3085 141 51 deren
720 3089 146 47 Laute
898 3088 292 49 bestimmten
1221 3090 175 65 Dingen
1432 3090 88 48 und
1556 3090 145 65 Begrif-

160 3173 71 48 fen
263 3188 80 32 zur
376 3170 325 66 Bezeichnung
733 3171 174 50 dienen.
953 3174 62 47 So
1051 3171 148 51 haben
1233 3174 91 49 sich
1358 3174 117 48 denn
1508 3174 113 48 auch
1655 3174 70 48 die

159 3254 342 51 musicalischen
522 3255 314 50 Instrumente
868 3256 72 47 auf
972 3256 77 49 das
1082 3256 381 68 mannigfaltigste
1487 3258 237 65 gemischt,

158 3356 72 33 am
263 3338 188 51 meisten
480 3338 70 49 bei
583 3339 87 48 den
706 3340 218 56 Völkern,
953 3340 137 49 deren
1117 3342 275 48 Wohnsitze
1424 3359 68 31 am
1520 3345 174 63 zugäng-

159 3423 188 48 lichsten
380 3423 112 54 sind,
525 3422 68 49 bei
628 3424 148 48 denen
805 3423 79 48 des
916 3425 352 50 südwestlichen
1301 3427 202 64 Europa,
1536 3424 70 50 bei
1639 3425 83 49 den

163 3504 312 52 Umwohnern
508 3507 78 48 des
617 3507 414 49 mittelländischen
1063 3508 179 49 Meeres
1277 3509 90 50 und
1400 3510 57 47 im
1490 3508 232 49 südlichen

162 3589 152 48 Asien.
366 3592 51 47 In
450 3590 316 56 Hoch-Asien,
812 3590 57 50 im
903 3594 264 46 äussersten
1199 3593 184 48 Norden
1416 3611 85 30 von
1538 3593 184 66 Europa

162 3673 92 50 und
286 3674 57 47 im
376 3674 186 49 inneren
606 3676 89 47 und
739 3674 233 50 südlichen
1005 3676 151 48 Al'rica
1202 3676 77 48 hat
1325 3676 70 49 die
1426 3676 166 49 Cultur
1631 3677 91 48 und

160 3758 80 48 mit
285 3757 68 48 ihr
399 3758 97 48 eine
541 3758 313 65 ausgebildete
898 3761 151 49 Musik
1098 3768 165 41 sammt
1308 3761 143 49 ihrem
1489 3762 235 66 Apparate

158 3839 119 51 noch
324 3841 85 48 fast
455 3841 159 49 keinen
659 3841 211 67 Eingang
916 3843 245 66 gefunden,
1218 3844 92 49 und
1358 3844 81 49 der
1481 3843 241 59 Reisende,

158 3925 202 49 welcher
390 3925 43 48 in
466 3925 121 49 diese
621 3926 348 49 unwirthlichen
1002 3927 184 50 Länder
1218 3927 250 66 vordringt,
1496 3927 79 50 hat
1604 3928 117 50 noch

156 4007 319 69 Gelegenheit,
525 4008 68 49 die
626 4010 233 48 Producte
904 4010 80 49 der
1023 4011 403 67 Erfindungsgabe
1471 4012 119 50 ihrer
1635 4012 58 50 Be-

155 4093 196 51 wohner
382 4092 309 51 unverfälscht
722 4111 54 31 zu
809 4093 220 58 studiren,
1061 4098 156 47 womit
1247 4097 66 48 sie
1343 4097 146 50 ihrem
1519 4096 173 67 angebo-

155 4195 144 33 renen
330 4176 346 52 musicalischen
709 4179 140 48 Sinne
877 4195 54 32 zu
965 4182 209 63 genügen
1205 4180 201 51 streben.

1959 357 17 19 „
2082 319 155 50 —Bei
2270 319 114 50 allen
2418 319 85 50 dtm
2539 318 217 57 Völkern,
2804 316 115 51 über
2958 319 141 51 deren
3133 324 221 53 Tonwerk-

1821 421 144 49 zeuge
1998 403 98 49 hier
2124 403 184 67 Einiges
2342 405 111 49 kurz
2486 404 222 50 berichtet
2742 404 174 57 wurde,
2952 403 190 53 bestand
3178 412 90 48 und
3302 412 52 49 be-

1820 488 125 48 steht
1976 487 129 48 keine
2138 488 149 49 Musik
2332 489 58 48 im
2423 489 202 48 höheren
2660 488 364 51 künstlerischen
3058 490 154 51 Sinne.
3276 496 109 49 Eine

1820 570 155 50 solche
2007 570 206 68 verlangt
2243 573 64 48 als
2340 572 323 66 nothwendige
2685 572 431 67 Grundbedingung
3147 577 101 48 eine
3281 577 84 51 fest-

1820 656 220 49 stehende
2072 656 246 58 Tonleiter,
2364 657 111 48 nach
2524 657 197 49 welcher
2768 657 69 49 die
2868 657 262 67 Stimmung
3179 659 80 50 der
3290 662 72 48 Sai-

1821 747 116 49 ten-,
1969 739 84 50 wie
2087 739 81 50 der
2199 741 96 48 Bau
2328 741 81 48 der
2439 741 443 50 Blas-Instrumente
2914 739 241 52 bemessen
3187 743 70 57 ist,
3290 747 91 49 und

1820 823 42 50 in
1895 824 198 49 welcher
2134 824 71 50 die
2234 824 255 50 Melodieen
2531 826 92 49 sich
2667 824 236 69 bewegen.
2959 827 101 48 Von
3093 827 170 51 diesem
3297 831 59 49 Ge-

1821 907 315 69 sichtspunkte
2168 926 81 31 aus
2285 912 133 61 möge
2451 908 80 49 der
2561 910 142 49 Leser
2735 911 121 48 seine
2888 910 153 49 Blicke
3080 912 80 47 auf
3187 912 68 48 die
3290 915 69 49 ein-

1821 992 157 50 zelnen
2009 992 193 51 Gebiete
2234 993 188 57 richten,
2456 993 45 49 in
2534 993 203 50 welchen
2770 995 386 66 eigentümliche
3190 997 165 51 musica-

1821 1077 139 48 lische
2007 1077 373 66 Bildungskreise
2426 1077 91 50 sich
2564 1077 352 64 abgeschlossen
2961 1078 162 59 haben,
3183 1081 81 48 auf
3302 1082 80 51 das

1824 1158 164 51 Gebiet
2012 1161 80 48 der
2122 1161 423 50 chinesischen
2573 1161 168 57 Musik,
2760 1162 79 49 auf
2863 1162 230 66 dasjenige
3123 1164 261 60 Indiens,

1824 1245 77 48 des
1950 1245 118 48 alten
2117 1246 333 66 Aegypten,
2492 1263 85 33 von
2622 1246 435 50 Griechenland
3103 1247 91 50 und
3226 1250 156 60 Rom,

1823 1329 81 48 auf
1928 1327 79 50 das
2040 1327 79 50 der
2152 1330 605 49 muhamedanischen
2787 1331 170 48 Reiche
2987 1331 79 48 des
3094 1331 288 52 Mittelalters

1824 1411 90 50 und
1974 1412 174 50 endlich
2194 1412 81 49 auf
2314 1412 69 50 die
2427 1414 283 51 moderne
2759 1415 410 67 europäische
3213 1419 168 56 Musik,

1824 1495 171 50 welche
2041 1496 159 50 darum
2248 1498 262 49 wesentlich
2558 1498 291 50 verschieden
2891 1517 86 33 von
3023 1500 117 50 allen
3188 1500 190 69 übrigen

1823 1580 91 51 und
1945 1580 359 51 vollkommener
2334 1581 64 50 als
2432 1583 122 49 diese
2586 1583 70 58 ist,
2702 1583 99 49 weil
2848 1584 63 48 sie
2953 1585 80 48 auf
3069 1584 69 51 die
3184 1585 197 52 Gesetze

1821 1664 82 49 der
1931 1664 251 51 Harmonie
2234 1665 90 50 und
2369 1665 85 50 den
2497 1668 163 48 daraus
2703 1666 327 53 erwachsenen
3060 1668 322 71 Contrapunkt

1819 1748 93 49 sich

1943 1833 97 49 Der
2059 1834 236 48 Verfasser
2322 1834 245 50 verbreitet
2597 1835 92 50 sich
2722 1854 91 31 nun
2848 1835 114 51 über
2992 1837 87 49 den
3105 1838 277 52 Musikkreis

1820 1915 92 51 und
1946 1915 70 51 die
2046 1918 310 49 Instrumente
2389 1919 79 48 der
2500 1919 242 57 Chinesen,
2769 1920 197 58 Hindus,
2995 1922 251 68 Aegypter,
3284 1924 63 49 He-

1820 1999 150 59 bräer,
2000 2000 238 59 Griechen,
2280 2003 187 56 Römer,
2511 2003 258 50 Germanen
2818 2004 289 68 (Abbildung
3137 2007 126 49 einer
3292 2008 64 48 sie-

1818 2083 280 66 bensaitigen
2145 2086 264 49 Handharfe
2453 2103 80 32 aus
2576 2087 81 49 der
2688 2087 125 49 Bibel
2863 2089 147 50 Karl's
3061 2091 77 49 des
3168 2091 212 67 Kahlen),

1819 2169 93 49 und
1942 2169 118 50 lährt
2092 2169 117 51 dann
2238 2188 49 32 so
2321 2172 111 49 fort:

1953 2253 130 57 „Ehe
2127 2253 82 50 wir
2251 2254 70 50 die
2365 2254 321 68 Entwicklung
2732 2256 80 49 der
2851 2256 414 52 abendländischen
3307 2261 49 48 In-

1820 2337 443 51 strumental-Musik
2307 2341 54 48 im
2395 2340 265 49 Mittelalter
2700 2341 159 48 weiter
2901 2342 248 66 verfolgen,
3194 2348 186 46 müssen

1820 2420 81 48 wir
1932 2437 165 33 unsere
2130 2422 150 50 Blicke
2314 2423 80 49 auf
2418 2426 78 47 das
2516 2425 287 50 Kunstleben
2826 2425 133 64 jener
2986 2427 171 50 Völker
3189 2428 191 58 richten,

1821 2503 171 50 welche
2025 2514 134 40 unter
2190 2506 80 49 der
2299 2507 269 50 Herrschaft
2600 2508 77 49 des
2709 2510 80 48 mit
2815 2510 274 48 unerhörter
3108 2511 243 50 Kraft-Ent-

1821 2588 229 68 wicklung
2079 2591 316 51 auftretenden
2423 2592 132 49 Islam
2591 2594 216 66 vereinigt
2841 2595 90 48 und
2966 2611 52 31 zu
3053 2594 144 49 hoher
3227 2597 132 64 geisti-

1821 2689 84 48 ger
1936 2672 165 50 Blüthe
2127 2676 201 50 erweckt
2361 2676 205 50 wurden.
2629 2679 244 48 Persien
2921 2676 343 60 insbesondere,
3305 2698 72 33 wo

1821 2756 291 50 altmedische
2143 2759 197 67 Bildung
2371 2761 80 48 mit
2483 2761 304 65 griechischer
2832 2761 93 51 sich
2972 2762 222 65 gemischt
3239 2764 141 57 hatte,

1823 2839 277 67 behauptete
2130 2842 90 49 sich
2256 2844 141 49 durch
2431 2844 97 48 eine
2561 2844 130 66 lange
2722 2845 141 50 Reihe
2895 2863 85 32 von
3004 2846 374 51 Jahrhunderten

1821 2922 64 50 als
1931 2924 68 48 ein
2047 2928 408 49 unverwüstlicher
2498 2929 92 48 Sitz
2638 2928 196 49 höherer
2872 2929 179 57 Cultur,
3096 2930 173 51 welche
3310 2931 71 50 die

1821 3008 163 48 wilden
2006 3009 185 58 Völker,
2223 3028 51 33 so
2305 3013 64 48 oft
2401 3011 120 51 diese
2547 3011 113 50 auch
2690 3030 85 32 von
2806 3014 85 48 den
2920 3015 179 64 Bergen
3128 3014 225 51 herabstie-

1820 3108 89 49 gen
1957 3093 89 47 und
2094 3093 63 49 als
2199 3095 257 50 Herrscher
2501 3095 65 50 ins
2608 3096 127 50 Land
2783 3116 161 47 zogen,
2995 3098 90 49 sich
3133 3100 245 49 unterthan

1820 3175 193 50 machte.
2069 3176 80 50 Als
2191 3179 80 48 der
2314 3180 351 66 hochpoetische
2694 3182 126 49 Geist
2850 3182 79 49 des
2961 3182 265 52 arabischen
3260 3185 80 49 Wü-

1819 3259 259 50 stenvolkes
2111 3262 91 48 sich
2237 3263 78 49 mit
2347 3264 253 66 persischer
2624 3264 197 67 Bildung
2846 3264 256 52 bereichert
3132 3268 125 47 hatte
3288 3267 93 49 und

1820 3350 135 41 unter
2000 3343 102 49 dem
2134 3345 167 68 Zepter
2350 3347 81 50 der
2473 3348 264 49 Abbasiden
2784 3349 69 50 die
2898 3368 144 47 ganze
3088 3350 293 49 zauberhafte

1820 3425 127 50 Fülle
1980 3427 89 48 und
2096 3430 167 49 Pracht
2294 3430 344 51 orientalischen
2662 3433 299 50 Reichlhums
2992 3434 87 49 den
3100 3434 251 50 Herrscher-

1819 3510 82 49 sitz
1934 3510 80 50 des
2047 3512 174 51 Kalifen
2267 3532 52 31 zu
2351 3516 187 66 Bagdad
2586 3517 182 66 umgab,
2815 3518 53 48 da
2905 3518 158 48 wurde
3095 3518 59 48 im
3185 3518 195 50 Vereine

1820 3594 80 49 der
1931 3594 200 51 schönen
2164 3598 178 50 Künste
2375 3599 112 50 auch
2521 3599 69 50 die
2620 3601 149 49 Musik
2803 3601 213 66 gepflegt.
3053 3602 126 48 Doch
3215 3602 165 49 behielt

1820 3678 62 48 sie
1917 3679 114 49 auch
2064 3679 95 50 hier
2192 3682 84 49 den
2310 3684 414 50 ausschliesslichen
2760 3686 244 48 Ausdruck
3048 3686 78 48 des
3157 3686 193 48 Melodiö-

1819 3778 96 40 sen,
1947 3762 42 48 in
2022 3764 117 47 noch
2172 3770 237 59 grösserer
2440 3768 333 64 Verfeinerung
2803 3768 64 49 als
2898 3768 41 49 in
2964 3770 80 48 der
3070 3767 308 67 griechischen

1818 3846 166 56 Musik,
2016 3847 138 50 deren
2173 3850 305 50 theoretische
2495 3850 373 68 Bearbeitungen
2895 3852 85 50 den
3000 3855 194 45 Persern
3226 3852 154 65 längst

1820 3930 267 66 zugänglich
2120 3935 249 62 geworden
2402 3951 170 32 waren.
2627 3935 83 48 Die
2740 3935 503 49 Instrumental-Musik
3283 3951 95 33 war

1819 4030 87 32 nur
1938 4013 212 51 Dienerin
2181 4018 90 49 und
2305 4018 272 65 Begleiterin
2623 4018 80 49 der
2731 4018 279 50 Dichtkunst
3052 4018 93 50 und
3178 4017 79 51 des
3288 4017 60 51 Ge-

1820 4114 179 48 sanges,
2046 4100 89 49 und
2180 4100 160 51 darum
2381 4102 167 65 gingen
2588 4101 115 50 auch
2736 4101 335 67 vorzugsweise
3102 4101 69 50 die
3201 4102 176 50 Saiten-

1819 4181 310 52 Instrumente
2168 4185 42 48 in
2252 4186 122 48 einer
2406 4201 190 50 grossen
2629 4185 127 49 Fülle
2798 4186 83 51 der
2910 4186 199 51 Formen
3141 4204 81 33 aus
3246 4186 132 66 jener
