3477 4447
1676 138 93 53 221

105 278 177 51 sanften
313 279 178 69 Klange
523 281 79 49 der
641 281 137 49 Harfe
811 296 247 49 vergessen
1103 278 204 58 machen,
1351 279 171 50 welche
1556 278 113 51 einst

108 364 104 50 dort
242 366 165 66 gehört
439 366 205 50 wurden.

244 449 260 59 „Nachdem
546 449 79 50 der
664 449 330 64 Minnegesang
1027 463 54 32 an
1115 447 85 48 den
1233 447 250 51 deutschen
1519 447 150 49 Höfen

106 532 42 50 in
180 533 451 66 Vernachlässigung
675 532 92 50 und
797 532 169 50 Verfall
1014 531 234 66 gerathen,
1298 532 67 48 die
1398 532 145 50 Edlen
1577 532 92 50 und

108 617 150 51 Kitter
299 620 41 48 in
382 618 161 49 immer
586 622 215 62 grössere
833 616 198 49 Rohheit
1061 616 92 49 und
1187 616 352 67 Verwilderung
1569 634 75 31 ver-

108 703 176 47 sunken
317 720 170 39 waren,
533 719 85 48 zog
649 701 91 48 sich
776 700 68 49 die
876 700 147 49 Musik
1058 701 39 48 in
1130 700 70 49 die
1229 700 330 67 Umgränzung
1590 701 79 48 der

106 786 163 48 Städte
299 786 186 55 zurück,
517 785 80 48 der
616 783 311 66 Bürgerstand
954 783 247 50 übernahm
1228 785 86 48 den
1342 786 327 63 Minnegesang

108 870 80 49 mit
217 870 124 49 einer
373 869 227 66 Theilung
631 869 80 48 der
741 867 177 51 Arbeit.
947 869 278 50 Dichtkunst
1255 869 92 49 und
1379 870 185 63 Gesang
1596 869 70 48 fiel

108 954 87 49 den
216 952 387 65 Meistersängern
632 951 192 57 anheim,
857 951 170 51 welche
1054 954 86 48 den
1164 952 306 50 vorörtlichen
1489 952 148 65 Haupt-

108 1039 81 48 sitz
219 1037 122 49 ihrer
368 1054 56 32 an
456 1044 185 58 strenge
672 1036 174 66 Regeln
879 1036 304 66 gebundenen
1220 1035 446 51 Genossenschaften

109 1139 56 31 zu
194 1120 166 58 Mainz,
392 1120 169 48 andere
595 1120 508 67 Vereinigungspunkte
1135 1139 53 31 zu
1220 1119 261 67 Nürnberg,
1512 1120 124 65 Augs-

109 1204 136 66 burg,
278 1203 98 49 Ulm
410 1203 90 49 und
533 1203 276 67 Strassburg
834 1204 169 49 halten.
1035 1205 85 48 Die
1148 1243 18 19 „
1191 1244 15 18 „
1223 1205 225 50 varenden
1639 1211 17 19 *

106 1288 126 58 aber,
265 1286 172 51 welche
471 1286 69 50 die
571 1288 131 49 edlen
734 1289 324 66 Minnesänger
1089 1289 96 48 hier
1216 1288 91 50 und
1336 1289 53 49 da
1421 1286 220 69 aufgegrif-

110 1371 71 51 fen
217 1371 91 50 und
350 1371 43 50 in
424 1371 143 50 ihrem
600 1373 191 66 Gefolge
833 1373 357 66 mitgenommen
1232 1374 171 56 hatten,
1448 1382 219 49 mussten,

110 1473 135 33 wenn
277 1455 80 51 der
388 1457 211 49 ehrsame
628 1458 343 66 Bürgersmann
1012 1458 93 49 sich
1136 1458 79 48 mit
1246 1458 132 49 ihnen
1411 1455 255 51 benehmen

1030 1528 4 10 I

108 1540 148 59 sollte,
287 1558 92 32 nun
411 1540 141 50 selbst
578 1542 171 66 zünftig
781 1542 90 48 und
904 1542 166 49 ehrlich
1098 1542 201 57 werden,
1328 1543 93 48 und
1451 1542 42 48 in
1520 1542 149 48 dieser

112 1641 149 33 neuen
294 1624 294 66 Eigenschaft
617 1625 194 49 nahmen
843 1624 62 50 sie
940 1625 83 49 den
1058 1625 174 50 Namen
1265 1625 80 49 der
1376 1624 291 67 Stadlpfeifer

113 1708 113 51 oder
256 1708 418 52 Stadtmusicanten
705 1726 69 33 an.
827 1708 82 51 Als
942 1709 154 50 solche
1128 1708 146 51 haben
1307 1708 61 51 sie
1399 1708 92 50 sich
1528 1708 66 50 bis
1624 1708 42 48 in

113 1793 87 50 den
232 1793 183 66 Anfang
459 1793 81 50 des
584 1793 321 50 neunzehnten
946 1793 335 51 Jahrhunderts
1326 1793 203 50 erhalten
1576 1792 91 51 und

113 1877 222 49 bestehen
366 1893 55 33 an
453 1877 221 49 manchen
705 1877 228 51 kleineren
966 1878 149 48 Orten
1159 1877 131 49 noch.
1348 1878 106 48 Ihre
1491 1877 150 49 Instru-

113 1968 155 42 mente
299 1979 155 30 waren
485 1961 44 49 in
553 1959 131 68 jener
715 1961 98 49 Zeit
844 1962 281 56 Trommeln,
1155 1961 186 58 Pfeifen,
1370 1962 297 66 Trompeten,

114 2045 188 57 Zinken,
344 2046 260 56 Posaunen,
646 2046 69 47 die
755 2045 148 58 Leier,
947 2046 71 48 die
1058 2047 161 56 Laute,
1262 2046 70 48 die
1365 2045 169 67 Cyther
1576 2045 89 49 und

117 2128 156 66 Geige.
329 2126 141 49 Unter
501 2128 84 49 den
620 2127 273 51 mancherlei
926 2128 320 59 Gebräuchen,
1286 2128 189 56 welche,
1507 2127 84 50 wie
1625 2127 40 50 in

112 2211 115 49 allen
254 2211 212 58 Zünften,
510 2229 51 30 so
604 2212 115 48 auch
762 2211 40 48 in
847 2211 258 67 derjenigen
1139 2212 80 48 der
1249 2212 416 50 Stadtmusicanten

113 2295 241 49 aufkamen
404 2295 87 48 und
538 2295 80 48 mit
660 2295 108 48 aller
810 2295 249 51 deutschen
1089 2296 235 66 Zähigkeit
1369 2295 296 67 festgehalten

117 2379 207 58 wurden,
355 2379 59 48 ist
444 2396 84 32 von
556 2379 356 49 musicalischem
937 2381 244 56 Interesse,
1214 2380 101 49 dass
1342 2380 81 48 fast
1449 2380 103 66 jede
1571 2379 64 49 Ab-

114 2462 222 66 theilung,
383 2461 70 51 die
482 2464 298 49 Lautenisten
814 2464 175 48 sowohl
1034 2465 82 47 wie
1149 2464 69 48 die
1251 2462 301 69 Cytherislen,
1597 2464 69 48 die

113 2545 291 51 Zinkenislen
437 2546 91 50 und
564 2546 316 59 Posaunisten,
912 2547 95 49 ihre
1041 2546 253 52 besondere
1308 2549 214 48 Notation
1556 2547 110 49 oder

124 2669 18 18 „
567 2631 143 56 hatte,
752 2630 67 50 ein
853 2630 259 58 Gebrauch,
1143 2631 195 50 welcher
1370 2631 121 50 seine
1521 2631 116 49 Nach-

114 2714 268 65 wirkungen
428 2714 117 49 noch
588 2715 39 48 in
674 2732 196 31 unseren
912 2715 214 66 heutigen
1159 2715 282 50 Orchestern
1473 2719 196 52 äussert,

114 2798 53 48 da
202 2798 67 48 lür
301 2796 68 50 die
401 2798 189 49 meisten
620 2799 440 49 Blas-Instrumente
1103 2800 70 48 die
1202 2800 148 48 Noten
1393 2798 165 50 anders
1587 2815 52 49 ge-

113 2880 239 51 schrieben
396 2881 201 59 werden,
640 2881 63 49 als
747 2881 62 49 sie
851 2881 39 50 in
918 2881 265 68 Beziehung
1225 2902 52 30 zu
1312 2883 85 49 den
1430 2883 210 65 Singsiim-

115 2983 118 38 men,
275 2983 55 31 zu
366 2965 78 49 der
477 2965 159 68 Orgel,
683 2965 100 49 dem
813 2965 174 50 Ciavier
1030 2968 110 48 oder
1172 2968 84 48 den
1290 2967 351 49 Streich-Instru-

114 3057 184 42 menten
330 3048 194 67 klingen.

536 3121 4 11 I

250 3133 117 57 „Die
414 3134 184 48 vordem
649 3151 86 31 nur
778 3134 102 48 wild
927 3133 355 51 vorkommende
1323 3132 344 50 Instrumental-

113 3215 150 51 Musik
310 3217 157 48 wurde
506 3236 122 30 zwar
669 3218 41 48 in
750 3218 85 48 den
867 3219 191 47 Mauern
1091 3218 78 48 der
1201 3217 160 49 Städte
1394 3217 165 49 bereits
1592 3235 50 47 ge-

115 3302 169 57 zähmt,
324 3299 110 50 aber
467 3302 200 48 veredelt
708 3302 92 49 und
842 3321 54 30 zu
928 3302 145 49 einem
1106 3302 202 49 höheren
1342 3302 325 65 Kunstganzen

115 3384 217 66 vereinigt
364 3384 123 50 ward
520 3384 61 50 sie
612 3392 95 42 erst
748 3386 142 48 durch
933 3386 69 49 die
1034 3387 142 65 Oper,
1221 3386 171 48 welche
1439 3386 81 48 seit
1566 3384 100 49 dem

115 3469 204 65 Beginne
350 3468 79 50 des
459 3468 354 50 siebenzehnten
844 3469 338 50 Jahrhunderts
1214 3469 90 49 sich
1348 3469 42 49 in
1425 3468 155 50 Italien
1613 3486 54 32 zu

115 3552 268 51 entwickeln
410 3552 192 66 begann.
633 3552 234 48 Zunächst
898 3553 87 64 gab
1018 3553 69 49 die
1111 3553 237 49 elassische
1368 3553 190 50 Periode
1590 3551 79 49 des

114 3638 150 49 Baues
296 3636 81 48 der
407 3636 514 48 Streich-Instrumente
964 3636 103 48 dem
1101 3636 251 49 Orchester
1380 3636 127 49 einen
1540 3635 129 49 edeln

115 3722 143 56 Kern,
289 3718 90 50 und
413 3730 92 38 erst
538 3718 253 50 allmählich
823 3720 158 47 wurde
1013 3720 68 47 ein
1116 3720 410 49 Blas-Instrument
1557 3717 112 51 nach

117 3806 101 50 dem
245 3803 198 51 anderen
476 3803 178 67 würdig
686 3802 242 56 befunden,
969 3802 42 48 in
1054 3802 85 50 den
1182 3802 80 50 der
1302 3803 184 49 wahren
1516 3803 153 49 Kunst

117 3889 255 54 eeweilnen
404 3887 148 50 Raum
585 3887 79 50 des
697 3886 274 50 Orchesters
1004 3886 298 50 einzutreten.
1336 3887 94 47 Der
1462 3887 95 49 Bau
1589 3886 80 48 der

113 3975 222 49 letzteren
366 3972 311 50 Instrumente
719 3972 170 49 konnte
927 3977 94 42 erst
1049 3970 115 49 dann
1197 3970 91 48 sich
1322 3970 317 49 vervollkomm-

114 4074 105 42 nen,
260 4056 65 51 als
371 4055 69 49 die
472 4055 314 49 Verhältnisse
827 4071 190 32 unseres
1049 4054 330 66 Ton-Syslems
1422 4052 144 50 durch
1599 4052 70 50 die

117 4140 335 52 unbestriltene
472 4140 243 51 Annahme
747 4140 80 50 der
858 4136 482 68 gleichschwebenden
1364 4138 305 66 Temperatur

1766 277 207 68 geregelt
2015 294 169 34 waren.
2245 277 83 49 Ein
2361 294 184 49 grosser
2577 275 127 50 Theil
2737 275 147 50 dieser
2914 275 305 51 Fortschritte
3251 296 52 48 ge-

1765 362 137 49 schah
1947 371 94 40 erst
2080 363 57 48 im
2170 361 320 49 neunzehnten
2521 361 329 57 Jahrhundert,
2897 359 90 49 und
3021 361 114 48 noch
3170 361 56 49 ist
3259 363 68 48 die

1765 447 475 63 Vervollkommnung
2265 444 284 66 keineswegs
2574 443 368 67 abgeschlossen,
2975 444 220 49 während
3214 446 86 48 Ver-

1764 529 313 59 besserunsen
2126 531 57 47 im
2229 529 94 49 Bau
2372 528 80 48 der
2485 528 509 50 Streich-Instrumente
3043 528 156 50 weder
3243 531 85 48 seit

1851 588 13 23 v
1928 577 92 45 />°
2491 577 2 48 .
2585 577 2 48 .
3094 577 4 48 ,
3116 577 22 42 §
3153 580 78 45 ypj,
3318 577 10 34 I

1765 616 80 48 der
1876 615 130 49 Mitte
2038 615 80 48 des
2151 612 353 51 siebenzehnten
2536 611 335 51 Jahrhunderts
2903 613 274 65 geschehen,
3208 615 118 48 noch

1765 705 178 44 vorerst
1975 697 259 50 abzusehen
2267 696 113 49 sind.

1901 782 189 56 „Wenn
2138 797 102 32 man
2281 778 175 50 absieht
2498 796 85 31 von
2627 777 177 66 einigen
2837 795 145 32 neuen
3017 780 195 49 Formen
3242 780 81 50 der

1764 866 442 50 Blas-Instrumente
2237 881 81 32 aus
2343 863 170 58 Metall,
2545 862 80 50 der
2653 861 286 68 Ophikleide,
2970 862 101 50 dem
3097 863 190 51 Bombar-

1764 950 90 49 don
1887 950 89 49 und
2011 951 80 48 der
2110 947 284 59 Bass-Tuba,
2427 946 171 51 welche
2622 945 215 67 übrigens
2867 947 69 47 lür
2968 946 77 48 das
3071 947 250 51 Orchester

1761 1051 89 32 nur
1892 1034 99 49 eine
2023 1032 390 68 untergeordnete
2445 1031 275 66 Bedeutung
2761 1048 259 49 gewonnen
3064 1029 160 58 haben,
3270 1050 48 32 so

1763 1117 54 50 ist
1850 1119 69 48 die
1950 1117 58 50 im
2038 1117 139 50 Jahre
2215 1116 152 50 1696
2403 1134 88 32 von
2522 1116 159 48 Denn
2697 1131 57 32 er
2786 1114 252 49 erfundene
3071 1114 249 52 Clarinette

1763 1200 77 50 das
1872 1201 137 50 letzte
2038 1203 299 55 Instrument,
2368 1199 197 49 welches
2598 1199 41 49 in
2672 1199 85 48 den
2782 1197 125 51 Chor
2937 1199 80 49 des
3044 1196 277 52 Orchesters

1760 1286 185 50 Eintritt
1970 1286 204 49 erhalten
2202 1285 89 50 hat.
2324 1285 61 48 Es
2411 1284 96 49 sind
2533 1300 121 33 zwar
2679 1284 101 49 eine
2803 1300 158 50 grosse
2984 1284 169 65 Menge
3179 1299 143 33 neuer

1760 1370 199 51 Formen
1983 1369 336 51 musicalischer
2337 1369 308 48 Instrumente
2679 1368 221 49 erfunden
2928 1366 92 51 und
3052 1368 269 66 ausgelührt

1763 1454 189 50 worden
2094 1451 340 50 Schneider
2479 1451 119 49 zählt
2641 1451 139 49 deren
2826 1450 40 50 in
2911 1451 147 49 seiner
3088 1451 56 49 im
3177 1451 140 49 Jahre

1770 1537 153 50 1834
1985 1537 326 49 erschienenen
2367 1534 558 51 historisch-technischen
2980 1534 342 69 Beschreibung

1764 1622 335 49 musicalischer
2128 1622 311 47 Instrumente
2472 1618 73 51 86
2582 1619 171 53 auf—,
2785 1618 129 49 allein
2947 1619 66 48 ihr
3045 1619 277 51 Erscheinen

1763 1707 91 49 und
1886 1705 68 49 ihr
1982 1704 140 51 Glanz
2155 1721 96 31 war
2282 1703 324 49 meteorischer
2635 1703 99 49 Art.
2771 1703 107 48 Dies
2912 1703 114 48 kann
3060 1703 263 66 gegenüber

1763 1791 86 49 den
1896 1788 457 51 wissenschaftlichen
2398 1787 332 51 Fortschrillen
2776 1787 79 48 der
2895 1785 215 58 Akustik,
3154 1785 169 53 welche

1761 1874 116 50 doch
1907 1873 339 65 vorzugsweise
2276 1872 43 49 in
2351 1872 87 48 den
2469 1871 166 49 letzten
2668 1869 269 51 anderthalb
2954 1871 372 49 Jahrhunderten

1761 1954 529 70 geschahen,auffallend
2310 1954 289 58 erscheinen;
2634 1953 145 50 haben
2812 1953 114 50 doch
2960 1953 144 50 selbst
3134 1953 70 50 die
3237 1971 86 33 von

1763 2041 252 51 Chladni
2051 2041 81 48 mit
2163 2056 49 33 so
2245 2038 81 50 viel
2358 2038 202 50 Einsicht
2591 2038 91 48 und
2715 2038 79 48 mit
2827 2037 286 69 unsäglicher
3144 2037 179 51 Geduld

1761 2144 80 31 aus
1877 2125 269 63 klingenden
2183 2123 173 49 Släben
2387 2122 223 50 erbauten
2643 2123 326 57 Instrumente,
3015 2122 78 48 der
3137 2121 155 49 Clavi-

1763 2210 274 67 cylinder
2067 2207 89 50 und
2192 2207 77 48 das
2305 2207 260 67 Euphon,
2598 2206 159 49 keinen
2790 2206 198 48 Bestand
3021 2205 194 67 gehabt;

1761 2295 129 48 allein
1923 2293 69 49 die
2027 2291 185 49 Gründe
2245 2292 142 64 liegen
2420 2291 121 48 nicht
2573 2291 109 48 fern.
2730 2290 250 49 Entweder
3010 2290 207 49 leisteten
3251 2291 70 48 die

1761 2396 87 30 neu
1877 2376 279 48 erfundenen
2178 2373 308 50 Kunstwerke
2514 2375 121 48 nicht
2662 2373 141 58 mehr,
2836 2373 63 50 als
2928 2373 165 50 bereits
3126 2373 168 50 vorhan-

1763 2461 129 55 dene,
1924 2460 151 65 längst
2107 2457 235 50 bewährte
2371 2459 326 54 Instrumente,
2729 2459 112 47 oder
2872 2459 61 48 sie
2966 2457 210 66 eigneten
3212 2457 110 57 sich,

1763 2546 85 46 wie
1890 2564 35 29 z.
1959 2546 49 48 B.
2052 2542 299 50 Chladni's
2394 2544 325 48 Instrumente,
2767 2559 85 30 nur
2898 2560 81 29 zur
3020 2541 303 67 Ausführung

1761 2629 202 65 langsam
1997 2625 417 57 fortschreitender,
2446 2635 274 56 getragener
2737 2624 282 58 Tonstücke,
3041 2625 158 49 womit
3220 2643 101 31 man

1765 2714 67 47 bei
1867 2713 78 48 der
1973 2711 148 55 Stufe,
2165 2729 52 31 zu
2264 2710 194 50 welcher
2489 2710 70 48 die
2591 2710 242 48 Tonkunst
2865 2709 91 49 sich
2989 2709 204 49 erhoben
3227 2710 89 58 hat,

1765 2796 67 49 bei
1867 2798 100 47 dem
1986 2794 276 51 Reichlhum
2295 2793 605 67 rhythmisch-melodischer
2918 2794 211 57 Formen,
3149 2794 171 48 welche

1764 2880 68 50 die
1867 2878 310 50 musicalische
2207 2876 241 51 Phantasie
2480 2876 220 68 verlangt,
2742 2876 259 66 unmöglich
3049 2876 127 49 mehr
3217 2893 76 33 aus-

1763 2964 181 50 reichen
1978 2964 132 55 kann,
2156 2961 109 50 oder
2307 2961 70 50 die
2422 2960 297 66 Behandlung
2763 2961 79 47 der
2880 2961 311 49 Instrumente
3224 2977 96 33 war

1765 3067 52 29 zu
1863 3048 239 61 schwierig
2149 3045 88 50 und
2281 3045 268 55 erforderte,
2594 3045 84 47 wie
2725 3054 117 40 etwa
2890 3062 102 30 zum
3025 3044 168 48 Treten
3238 3044 80 50 der

1764 3130 139 66 Bälge
1935 3130 112 49 oder
2079 3147 103 30 zum
2216 3129 182 47 Drehen
2434 3146 84 30 von
2555 3127 211 57 Walzen,
2799 3128 68 47 die
2897 3127 204 48 Mithülfe
3132 3127 188 49 zweiter

1766 3217 247 52 Personen,
2058 3213 111 48 oder
2224 3210 175 51 endlich
2446 3212 79 48 das
2560 3210 147 50 Werk
2752 3210 124 50 hatte
2921 3212 127 48 einen
3082 3228 53 31 zu
3170 3210 151 66 wenig

1763 3297 293 51 dauerhaften
2086 3297 111 48 Bau.
2232 3295 80 49 Die
2344 3294 219 50 letzteren
2596 3294 181 69 Mängel
2806 3309 150 35 waren
2988 3294 158 66 häufig
3176 3294 144 50 durch

1764 3382 79 49 das
1897 3381 254 49 Bestreben
2197 3387 207 57 erzeugt,
2450 3378 69 50 die
2564 3377 306 51 musicalische
2903 3377 237 67 Wirkung
3185 3378 137 50 vieler

1764 3482 190 32 unserer
1986 3463 589 51 Orchester-Instrumente
2627 3462 42 48 in
2716 3462 143 48 einem
2904 3461 206 66 einzigen
3144 3463 179 50 Werke

1764 3567 53 31 zu
1851 3548 275 66 vereinigen,
2160 3547 61 48 Es
2253 3547 113 49 lässt
2396 3546 93 49 sich
2521 3544 120 50 nicht
2672 3544 213 66 läugnen,
2917 3542 71 53 ein
3024 3547 298 57 Instrument,

1764 3633 197 50 welches
2003 3632 78 50 mit
2122 3632 104 50 dem
2272 3630 218 66 Umfange
2536 3630 89 48 und
2672 3628 80 48 der
2798 3628 194 51 leichten
3021 3630 306 67 Behandlung

1765 3734 193 31 unserer
1989 3716 520 53 Tasten-Instrumente,
2552 3712 77 48 des
2672 3712 199 50 Claviers
2903 3731 38 33 z.
2977 3715 68 58 8.,
3093 3715 72 49 die
3195 3716 99 65 Mög-

1764 3800 180 49 lichkeit
1976 3800 77 49 des
2086 3807 280 57 getragenen
2399 3796 145 67 Spiels
2591 3796 92 49 und
2726 3796 82 49 des
2841 3796 278 51 wunderbar
3151 3798 147 66 ergrei-

1765 3884 163 48 fenden
1949 3882 261 50 Crescendo
2231 3881 79 49 der
2330 3880 516 49 Streich-Inslrumente
2865 3881 261 66 vereinigte,
3157 3886 170 44 müsste

1765 3985 85 32 uns
1882 3969 63 47 als
1977 3967 79 49 das
2088 3966 122 50 Ideal
2254 3965 123 48 eines
2422 3964 345 50 musicalischen
2795 3965 306 51 Hülfsmittels
3132 3965 169 49 erschei-

1764 4068 103 33 nen.
1902 4052 73 49 An
2005 4049 354 66 Bestrebungen
2392 4047 44 50 in
2469 4047 148 50 dieser
2645 4047 236 69 Richtung
2908 4050 76 49 hat
3015 4066 47 32 es
3092 4047 123 52 nicht
3245 4064 52 49 ge-

1765 4134 125 61 fehlt,
1924 4132 90 51 und
2051 4132 140 51 schon
2229 4132 81 51 das
2343 4150 86 33 von
2457 4132 160 51 Hans
2649 4132 83 51 Ha
2745 4150 27 51 y
2789 4132 122 60 den,
2942 4131 273 67 Organisten
3246 4130 80 51 der
