3515 4422
1774 150 92 54 312

362 283 135 50 Diese
525 282 289 71 Aufführung
852 285 124 52 hatte
1012 287 119 52 noch
1174 289 68 49 ein
1283 286 274 53 besonderes
1585 289 159 52 histori-

242 366 127 52 sches
398 367 240 51 Interesse.
680 369 178 50 Gerade
884 388 81 33 vor
993 371 112 50 zehn
1134 371 183 58 Jahren,
1357 390 69 32 am
1461 372 92 50 26.
1583 372 185 68 August

247 447 171 61 1846,
460 450 126 51 hatte
615 450 80 51 der
723 451 303 52 unsterbliche
1056 455 184 49 Meister
1280 473 55 30 zu
1367 455 400 67 Birmingham

240 530 73 52 die
356 540 165 42 erste
559 532 291 69 Aufführung
879 536 145 50 seines
1053 536 117 51 Elias
1213 535 140 52 selbst
1383 537 197 66 geleitet.
1639 537 96 53 Wie-

239 612 161 52 derum
426 614 115 49 zehn
560 614 140 50 Jahre
725 616 155 51 früher
907 619 105 67 (den
1039 619 90 51 22.
1155 619 87 51 Mai
1273 617 171 70 1836)
1475 619 86 68 gab
1593 638 49 33 er
1665 638 103 33 zum

243 703 150 43 ersten
419 695 118 51 Male
578 696 150 52 seinen
1040 701 42 50 in
1113 701 278 51 Düsseldorf.
1433 704 115 48 Jene
1575 701 167 51 Auffüh-

239 795 119 50 rung
400 795 56 33 zu
496 779 302 68 Birmingham
844 800 94 32 war
979 800 86 33 von
1101 784 150 51 1858
1287 786 232 50 Personen
1560 784 208 60 besucht,

238 859 95 51 und
374 859 71 51 die
487 861 249 51 Einnahme
778 863 166 68 betrug
991 864 151 52 1714
1185 866 66 50 Pf.
1292 868 67 48 St.
1402 868 93 49 und
1541 866 65 52 11
1644 868 125 50 Shill.

238 941 133 70 (über
393 943 211 61 11,000
628 945 156 70 Thlr.).
814 949 99 49 Den
936 949 118 49 Elias
1084 967 110 49 sang
1223 949 295 68 Staudigl;
1548 951 72 50 die
1647 950 96 51 übri-

238 1040 90 51 gen
365 1024 195 52 Solisten
602 1043 154 37 waren
799 1029 71 51 die
907 1031 177 50 Damen
1115 1030 229 60 Caradori,
1378 1033 148 59 Allan,
1555 1034 216 58 Bassano,

239 1106 58 51 A.
330 1108 239 61 Williams,
610 1110 195 62 Hawes;
849 1113 68 51 die
946 1115 179 50 Herren
1153 1114 179 60 Hobbs,
1369 1117 196 67 Lockey,
1604 1115 167 69 Philips

238 1189 95 51 und
361 1190 192 51 Machin.
682 1194 89 50 Am
807 1194 104 60 16.,
943 1194 105 60 23.,
1081 1195 91 51 28.
1204 1197 89 49 und
1326 1194 92 55 30.
1448 1198 128 67 April
1613 1195 151 52 1847

240 1271 162 51 wurde
430 1271 80 51 der
535 1274 119 50 Elias
684 1277 78 48 mit
790 1275 335 70 Aenderungen
1157 1279 90 50 und
1273 1280 240 60 Zusätzen,
1543 1280 70 50 die
1641 1282 96 49 Men-

244 1353 211 52 delssohn
497 1355 43 50 in
583 1355 80 51 der
697 1359 323 51 Zwischenzeit
1063 1362 209 66 gemacht
1312 1360 140 60 hatte,
1495 1381 53 31 zu
1578 1363 193 51 London

240 1454 87 33 von
356 1437 80 49 der
456 1439 164 51 Sacred
639 1442 249 52 Harmonie
903 1444 168 66 Society
1100 1444 42 50 in
1171 1445 174 49 Exeter
1371 1445 105 50 Hall
1500 1447 271 66 aufgeführt.

238 1519 103 50 Alle
384 1519 120 51 diese
546 1522 351 70 Aufführungen
953 1525 198 68 dirigirte
1193 1528 319 51 Mendelssohn
1555 1528 214 52 ebenfalls

240 1602 155 50 selbst.
452 1603 164 51 Leider
657 1604 175 54 blieben
868 1608 68 50 die
965 1609 384 68 Anstrengungen
1378 1611 217 50 während
1623 1611 148 50 dieser

239 1684 146 50 seiner
413 1686 169 50 letzten
602 1687 322 53 Anwesenheit
950 1691 45 50 in
1015 1692 207 66 England
1244 1692 120 51 nicht
1392 1693 118 50 ohne
1537 1694 232 66 traurigen

238 1767 197 49 Einfluss
475 1769 79 49 auf
582 1769 154 51 seinen
774 1773 208 67 Körper;
1024 1791 56 32 zu
1124 1778 102 64 spät
1268 1774 136 50 fasste
1446 1792 49 32 er
1537 1776 88 50 den
1655 1776 86 50 Ent-

239 1848 188 60 schluss,
456 1849 92 50 sich
577 1854 311 51 auszuruhen:
917 1856 89 49 ihm
1037 1857 158 48 wurde
1225 1857 71 49 die
1326 1857 145 66 ewige
1498 1858 147 51 Ruhe.

357 1932 203 51 Seitdem
604 1933 118 52 blieb
765 1938 217 51 während
1035 1938 82 51 der
1170 1957 94 32 nun
1306 1940 302 52 verflossenen
1653 1942 114 51 zehn

235 2013 137 50 Jahre
402 2014 69 50 die
499 2014 212 53 Vorliebe
737 2018 81 51 der
838 2021 261 66 Engländer
1125 2021 72 49 für
1225 2021 143 51 dieses
1390 2023 264 51 Oratorium
1683 2023 54 51 im-

235 2112 98 35 mer
361 2097 60 51 im
450 2097 247 61 Wachsen,
727 2101 94 51 und
849 2120 48 33 es
926 2103 155 51 theilte
1113 2105 85 48 fast
1226 2105 82 48 auf
1324 2103 116 51 allen
1467 2106 297 51 Musikfesten

231 2180 45 49 in
320 2180 82 49 der
428 2181 189 51 Provinz
662 2191 112 43 stets
816 2186 80 49 mit
935 2187 216 50 Händel's
1188 2187 188 50 Messias
1419 2188 70 50 die
1517 2188 124 51 Ehre
1684 2190 82 51 der

231 2260 306 71 Aufführung.
596 2265 49 49 In
675 2266 190 52 London
910 2268 76 50 hat
1029 2268 70 50 die

234 2343 128 50 allein
405 2345 78 49 das
524 2346 149 52 Werk
715 2350 226 67 vierzig
978 2351 111 51 Mal
1132 2351 268 67 aufgeführt.
1458 2354 170 49 Nimmt
1659 2373 103 31 man

233 2426 115 49 dazu
390 2428 117 50 noch
550 2428 71 51 die
663 2432 266 68 unzähligen
953 2434 349 66 Aufführungen
1341 2436 44 48 in
1420 2436 197 50 anderen
1647 2439 87 49 Ver-

234 2508 131 51 einen
395 2510 92 51 und
517 2511 42 50 in
590 2512 204 60 Städten,
822 2515 137 51 deren
985 2515 222 51 Concerte
1236 2516 122 51 nicht
1385 2519 78 48 auf
1486 2519 87 49 den
1590 2520 172 49 Namen

229 2609 87 33 von
346 2592 293 51 Musikfesten
668 2595 242 67 Anspruch
941 2599 201 57 machen,
1186 2615 53 33 so
1268 2599 120 49 steht
1418 2599 99 58 fest,
1556 2600 103 51 dass
1688 2601 70 50 die

229 2675 267 49 Geschichte
537 2675 82 51 der
647 2679 150 49 Musik
838 2680 44 49 in
921 2680 207 67 England
1167 2680 98 51 kein
1294 2682 191 68 Beispiel
1526 2684 234 59 aufweis't,

228 2757 102 50 dass
360 2757 68 50 ein
459 2759 150 50 Werk
638 2759 142 52 durch
809 2761 93 51 sich
943 2762 139 50 selbst
1112 2764 99 49 eine
1240 2782 51 33 so
1320 2766 435 51 ausserordentliche

228 2839 292 52 Theilnahme
549 2841 90 50 und
670 2841 306 70 Verbreitung
1000 2844 164 52 binnen
1188 2846 143 50 einem
1362 2864 51 33 so
1443 2848 168 50 kurzen
1636 2849 95 51 Zeit-

224 2936 159 35 räume
404 2921 163 68 jemals
595 2922 176 69 erlangt
798 2925 129 57 habe,
957 2926 62 50 als
1048 2926 354 51 Mendelssohn's
1429 2929 135 52 Elias.

346 3005 96 50 Der
461 3005 197 51 Himmel
689 3024 95 34 war
812 3009 85 49 den
920 3009 397 67 Vorbereitungen
1349 3029 53 32 zu
1434 3011 102 51 dem
1567 3011 165 68 diesjäh-

226 3086 125 66 rigen
372 3089 134 48 Feste
529 3089 120 51 nicht
666 3090 204 66 günstig;
901 3091 70 51 die
993 3093 367 66 Regenschauer,
1377 3094 69 49 die
1458 3094 296 52 Sonnabends

225 3169 94 49 und
341 3170 224 67 Sonntags
593 3171 372 69 vorübergehend
985 3175 288 57 herabfielen,
1303 3176 211 67 endigten
1543 3178 211 66 Montags

225 3251 81 49 mit
338 3251 146 50 einem
515 3253 293 52 anhaltenden
837 3255 347 68 Herabgiessen.
1214 3258 77 49 Sie
1319 3258 176 51 kennen
1518 3259 235 61 Bradford,

225 3334 304 51 werdenSich
557 3335 95 50 also
681 3337 95 50 eine
799 3339 293 67 Vorstellung
1114 3359 86 32 von
1231 3340 101 51 dem
1359 3342 276 67 dermaligen
1660 3344 60 48 Zu-

223 3418 157 49 stande
423 3418 144 49 dieses
596 3419 311 51 Rauchloches
950 3423 184 49 machen
1180 3423 196 52 können.
1433 3425 89 49 Am
1561 3424 192 69 Dinstag

224 3517 95 33 war
347 3517 48 33 es
421 3500 270 65 glücklicher
720 3502 163 50 Weise
911 3503 145 49 klares
1086 3505 200 59 Wetter,
1320 3507 93 49 und
1452 3508 58 48 im
1546 3508 177 49 Sonnen-

221 3583 153 49 schein
404 3583 116 65 stieg
546 3583 80 49 der
654 3584 309 67 mannigfache
991 3587 169 66 Dampf
1184 3604 80 34 aus
1296 3588 85 51 den
1406 3589 221 51 Kaminen
1658 3591 91 50 und

221 3665 102 50 dem
352 3663 246 52 Erdboden
638 3665 43 50 in
719 3667 70 48 die
817 3667 159 58 Höhe;
1019 3668 129 50 allein
1192 3668 81 52 der
1315 3671 218 67 spärliche
1571 3672 178 51 Besuch

220 3749 79 50 des
329 3749 159 50 Festes
518 3765 96 33 war
639 3748 116 50 doch
784 3751 117 49 wohl
934 3768 100 33 zum
1066 3752 124 49 Theil
1232 3753 114 52 auch
1376 3753 81 51 der
1485 3756 230 67 atmosphä-

216 3831 178 50 rischen
423 3831 212 67 Ungunst
663 3831 81 49 der
772 3833 179 65 vorigen
979 3836 125 64 Tage
1132 3834 367 61 zuzuschreiben,
1527 3837 193 52 anderen-

217 3914 131 50 teils
386 3912 110 51 aber
522 3912 315 52 zweifelsohne
875 3914 85 50 den
991 3916 279 68 übermässig
1298 3917 192 52 theuren
1517 3918 207 52 Eintritts-

217 3998 190 66 preisen.
464 3996 86 50 Die
587 3998 141 50 Stalls
772 3998 98 50 eine
910 3998 185 61 Guinee,
1137 3999 70 54 die
1237 4001 154 51 Plätze
1433 4001 42 52 in
1515 4002 80 51 der
1622 4005 122 49 Area

216 4079 121 69 (dem
367 4079 129 51 Saale
520 4097 53 33 zu
605 4078 165 52 ebener
800 4079 138 69 Erde)
986 4081 67 51 15
1099 4082 140 62 Shill.,
1282 4085 81 50 auf
1397 4085 83 50 der
1520 4086 221 54 vorderen

1862 287 178 52 Galerie
2073 289 71 52 10
2176 290 124 51 Shill.
2332 290 94 53 und
2454 292 79 50 auf
2558 291 80 51 der
2667 295 262 51 äussersten
2956 294 29 52 7
3017 296 124 53 Shill.
3168 296 87 66 (die
3279 297 120 56 beim

1861 371 223 52 Concerte
2112 372 127 51 Ihres
2282 374 159 50 kölner
2468 375 575 68 Männergesang-Vereins
3084 398 87 33 nur
3204 381 23 51 1
3268 382 126 54 Shill.

1862 454 177 50 kostete
2068 455 93 51 und
2191 455 168 51 damals
2399 457 82 50 mit
2520 459 129 48 mehr
2677 459 64 49 als
2778 455 152 56 1500
2962 463 246 50 Menschen
3239 465 155 66 gefüllt

1860 536 113 67 war)
1981 536 155 51 —das
2167 555 96 33 war
2293 539 115 49 doch
2437 540 87 50 den
2542 540 303 51 Bradfordern
2874 549 143 44 etwas
3048 562 55 33 zu
3133 546 140 60 stark,
3301 548 94 50 und

1860 635 50 33 so
1941 635 153 35 waren
2124 619 120 52 denn
2275 621 115 50 auch
2430 621 58 51 im
2517 623 121 49 Elias
2675 640 88 33 nur
2802 625 112 50 zwei
2942 625 167 52 Drittel
3152 628 83 50 der
3263 630 131 51 Halle

1858 701 96 52 und
1990 701 190 52 Abends
2223 704 136 51 kaum
2402 705 71 50 ein
2511 705 164 51 Drittel
2721 705 188 53 besetzt.
2964 709 221 53 Dennoch
3229 713 163 67 gingen

1858 783 117 50 beim
2001 785 118 48 Elias
2147 784 189 52 beinahe
2373 786 151 51 1000
2550 789 51 49 L.
2619 789 66 51 St.
2717 788 84 50 ein.
2831 789 111 51 Eine
2958 791 189 53 Häkelei
3170 794 228 52 zwischen

1860 865 81 52 der
1969 868 222 66 Sängerin
2218 869 110 49 Miss
2357 869 284 52 Sunderland
2677 871 79 50 auf
2782 870 80 51 der
2890 871 129 53 einen
3047 875 94 51 und
3168 875 103 52 dem
3302 877 60 52 Co-

1860 950 106 50 mite
1995 950 91 50 und
2117 950 102 51 dem
2244 951 263 66 Dirigenten
2536 953 136 49 Costa
2704 954 80 50 auf
2807 954 80 50 der
2914 955 196 52 anderen
3141 959 123 50 Seite
3293 977 74 34 ver-

1857 1033 194 49 anlasste
2079 1033 70 51 die
2176 1034 446 52 Nicht-Theilnahme
2661 1035 146 51 dieser
2834 1039 276 60 Künstlerin,
3150 1042 123 50 einer
3300 1044 60 50 Be-

1860 1115 246 50 rühmtheit
2144 1115 95 51 hier
2280 1136 56 30 zu
2365 1118 170 58 Lande,
2577 1136 94 33 was
2713 1119 118 51 denn
2872 1122 114 49 auch
3020 1123 188 51 manche
3236 1125 160 51 Local-

1860 1197 233 50 Patrioten
2120 1214 85 33 von
2234 1198 103 51 dem
2359 1199 207 51 Besuche
2595 1199 180 62 abhielt,
2803 1203 102 49 weil

1874 1297 151 51 prano
2035 1280 347 68 zurückgesetzt
2416 1283 202 51 worden.

1984 1362 85 50 Die
2106 1363 300 67 Ausführung
2448 1364 78 51 des
2568 1365 121 51 Elias
2732 1383 95 33 war
2868 1367 128 52 recht
3039 1377 105 58 gut;
3187 1371 78 52 das
3305 1374 60 50 Or-

1866 1443 194 62 chester,
2122 1444 113 52 100
2268 1448 230 50 Personen
2539 1448 140 58 stark,
2735 1449 148 51 zählte
2923 1451 69 49 die
3037 1451 161 53 besten
3236 1456 163 50 Kräfte

1861 1525 81 51 der
1970 1528 220 51 londoner
2208 1529 128 69 Oper
2365 1548 56 32 zu
2450 1531 302 67 Mitgliedern,
2780 1533 94 51 und
2902 1533 81 51 der
3004 1534 123 51 Chor
3155 1555 86 34 von
3274 1537 116 53 230

1860 1609 346 52 Mitwirkenden
2246 1612 233 51 bewährte
2519 1613 86 51 den
2634 1616 97 48 Ruf
2763 1623 134 59 guter
2928 1617 233 61 Stimmen,
3206 1621 43 49 in
3291 1621 103 53 dem

1860 1692 250 51 Yorkshire
2138 1694 132 51 steht.
2302 1694 195 51 Solisten
2528 1713 152 33 waren
2709 1696 70 50 die
2796 1698 175 51 Damen
2992 1699 205 63 Novello,
3222 1703 176 61 Weiss,

1860 1774 315 69 Sherrington,
2216 1778 226 59 Huddart,
2483 1779 191 50 Viardot
2713 1779 184 63 Garcia;
2940 1781 70 51 die
3051 1783 180 52 Herren
3274 1786 118 53 Sims

1858 1857 192 60 Reeves,
2078 1860 203 50 Montem
2312 1861 160 58 Smith,
2502 1862 155 51 Weiss
2686 1880 43 33 u.
2751 1880 34 33 s.
2806 1881 58 32 w.
2898 1865 371 54 Auszuzeichnen
3301 1887 64 35 wa-

1857 1956 80 33 ren
1969 1941 68 48 die
2068 1942 137 50 Arien
2246 1981 17 19 „
2277 1943 140 56 Höre,
2641 1945 142 50 durch
2810 1946 129 51 Clara
2961 1948 202 63 Novello,
3193 1951 71 51 die
3291 1952 100 51 Alt-

1856 2022 139 51 Arien
2027 2022 141 52 durch
2192 2025 118 50 Mad.
2328 2026 189 51 Viardot
2547 2026 91 51 und
2663 2027 79 50 das
2768 2028 185 51 Terzett
2976 2030 81 49 der
3076 2031 145 69 Engel
3249 2033 145 53 durch

1856 2103 131 51 beide
2026 2106 93 49 und
2149 2106 119 51 Mad.
2303 2107 167 52 Weiss.
2530 2110 122 48 Herr
2681 2110 155 50 Weiss
2873 2127 112 51 sang
3023 2112 87 51 den
3152 2115 117 52 Elias
3310 2117 82 51 mit

1856 2187 128 50 mehr
2009 2188 64 51 als
2103 2190 333 66 gewöhnlicher
2453 2192 130 50 Kraft
2614 2192 91 51 und
2736 2192 297 55 Correctheit.
3065 2196 138 52 Costa
3231 2200 163 51 wurde

1854 2270 163 52 höchst
2032 2271 226 51 ehrenvoll
2276 2275 281 66 empfangen.
2586 2275 113 51 Hier
2727 2276 93 50 und
2849 2276 57 51 da
2935 2277 134 51 fielen
3090 2279 43 52 in
3155 2280 88 52 den
3269 2282 90 52 Chö-

1852 2369 81 34 ren
1954 2352 167 68 jedoch
2154 2355 142 67 einige
2326 2356 417 69 Ungenauigkeiten
2774 2376 93 33 vor.

1976 2436 93 50 Das
2098 2435 386 53 Abend-Concert
2515 2439 184 50 brachte
2728 2441 272 51 Mozart's
3370 2478 17 8 -

1852 2516 85 59 nie,
1981 2517 97 50 eine
2116 2519 149 49 reiche
2289 2520 218 51 Auswahl
2552 2539 85 33 von
2665 2522 357 69 Sologesängen,
3067 2535 134 43 unter
3241 2529 148 52 denen

1853 2600 69 49 die
1951 2601 229 66 Vorträge
2210 2602 79 50 der
2317 2602 165 51 Alboni
2509 2605 91 50 und
2629 2623 85 33 von
2741 2606 108 50 Karl
2877 2609 190 51 Formes
3097 2628 69 33 am
3196 2614 190 51 meisten

1851 2681 223 68 glänzten,
2105 2684 68 48 die
2200 2684 289 52 Ouvertüren
2521 2705 80 32 zur
2980 2690 48 69 (!)
3057 2693 92 49 und
3180 2712 55 33 zu
3262 2694 92 52 Ana-

1848 2764 141 51 kreon
2020 2766 91 50 und
2144 2766 98 50 eine
2271 2784 117 33 neue
2418 2768 205 59 Cantate,
3005 2790 84 35 von
3119 2776 231 53 J.L.Hat-

1847 2854 60 43 to
1919 2865 43 32 n.
2004 2849 211 49 Letztere
2255 2867 95 33 war
2390 2850 247 52 besonders
2669 2853 68 48 für
2764 2854 79 49 das
2872 2855 109 48 Fest
3009 2859 254 66 componirt
3290 2862 92 49 und

1848 2930 159 50 wurde
2028 2948 102 33 vom
2149 2930 234 51 Publicum
2402 2933 105 49 sehr
2531 2934 317 52 wohlwollend
2874 2938 363 66 aufgenommen.
3269 2944 85 50 Hat-

1847 3020 80 42 ton
1956 3013 57 49 ist
2041 3013 71 49 ein
2143 3014 225 67 tüchtiger
2389 3016 215 59 Musiker,
2633 3018 127 49 allein
2792 3036 47 33 es
2869 3019 108 51 fehlt
3006 3022 91 49 ihm
3126 3023 256 71 Erfindung

1847 3095 91 51 und
1969 3095 330 69 schöpferische
2313 3098 145 58 Kraft,
2486 3100 207 51 wiewohl
2722 3102 143 67 einige
2879 3103 267 63 Nummern,
3175 3117 176 43 nament-

1844 3178 85 51 lich
1957 3178 99 49 eine
2088 3179 179 50 Ballade
2296 3179 70 50 für
2395 3182 166 57 Tenor,
2590 3184 129 50 recht
2747 3184 173 52 hübsch
2950 3187 111 52 sind.

1971 3259 219 52 Costa's
2220 3263 263 52 Oratorium
2689 3267 87 67 (am
2793 3267 235 52 Mittwoch
3046 3270 226 70 Morgen),
3300 3273 54 51 ob-

1844 3343 121 51 wohl
1984 3361 86 31 neu
2089 3344 69 48 für
2176 3344 233 60 Bradford,
2436 3345 108 51 übte
2568 3348 115 51 doch
2709 3349 122 50 nicht
2854 3350 196 53 dieselbe
3066 3353 286 71 Anziehungs-

1844 3424 131 60 kraft,
2018 3425 87 50 wie
2145 3425 80 50 der
2263 3427 135 59 Elias,
2440 3430 80 49 auf
2553 3429 79 51 das
2661 3430 250 53 Publicum.
2968 3433 188 53 Freilich
3202 3439 180 50 mochte

1844 3508 115 49 auch
1992 3507 81 49 der
2100 3509 156 65 Regen
2288 3511 166 50 wieder
2474 3512 127 51 Viele
2630 3513 337 53 zurückhalten.
2995 3517 86 49 Die
3107 3518 151 51 Chöre
3286 3538 62 35 wa-

1842 3608 81 32 ren
1956 3589 197 69 präciser
2180 3591 63 49 als
2272 3610 71 33 am
2374 3602 151 43 ersten
2554 3596 149 67 Tage;
2747 3597 70 49 die
2844 3597 183 52 Proben
3067 3617 153 36 waren
3249 3621 103 52 sorg-

1843 3674 175 66 fältiger
2044 3691 223 48 gewesen.
2289 3676 85 50 Die
2401 3678 149 50 Partie
2578 3678 80 51 des
2675 3679 67 50 Eli
2773 3681 57 49 ist
2858 3681 273 70 schleppend
3160 3687 91 50 und
3282 3705 66 34 mo-

1840 3763 158 52 noton,
2028 3773 93 32 was
2150 3757 115 49 auch
2294 3758 141 51 durch
2465 3759 87 51 den
2583 3759 158 52 besten
2764 3762 202 69 Vortrag
2992 3765 122 52 nicht
3142 3785 113 49 ganz
3279 3787 77 32 ver-

1840 3838 161 51 wischt
2022 3838 183 51 werden
2227 3839 146 61 kann;
2403 3841 206 51 dennoch
2639 3843 178 51 machte
2844 3845 190 53 Formes
3057 3866 191 48 grossen
3272 3851 81 53 Ein-

1840 3921 143 51 druck
2013 3922 153 60 damit,
2210 3923 81 51 der
2331 3925 336 67 hauptsächlich
2709 3926 81 51 der
2818 3927 244 53 Ausdauer
3089 3932 94 52 und
3210 3935 170 50 Pracht

1842 4005 81 50 der
1951 4005 192 50 Stimme
2172 4006 352 52 zuzuschreiben
2553 4007 72 52 ist.
2666 4008 84 52 Ein
2782 4010 242 53 schöneres
3055 4013 233 65 Quartett,
3315 4019 66 49 als

1839 4087 205 62 Novello,
2072 4087 205 64 Viardot,
2307 4090 116 52 Sims
2449 4091 174 53 Reeves
2653 4092 92 51 und
2775 4095 108 49 Karl
2915 4095 192 53 Formes
3146 4099 109 52 lässt
3286 4100 91 51 sich
