2984 4283
1474 4006 87 62 52

958 322 360 81 EDITH
1379 310 742 101 SÖDERGRAN

1355 455 149 43 Kritisk
1531 456 197 51 hyllning.

324 555 16 46 I
368 560 61 45 ett
452 559 95 44 litet
574 558 121 57 kyffe
720 556 75 46 vid
819 570 53 33 en
900 559 102 56 rysk
1032 558 207 57 träkyrka
1266 556 127 47 iden
1417 558 49 44 ka-

261 636 145 45 relska
441 636 330 58 gränsmarken
804 636 117 45 lever
954 649 54 32 en
1040 649 95 45 ung
1167 636 177 45 kvinna.
1382 634 108 46 Med

261 727 53 30 en
340 714 108 44 liten
474 711 251 47 rödkindad
752 715 97 43 tant
874 727 100 31 som
999 716 52 42 är
1078 713 169 45 hennes
1270 727 110 44 mor,
1410 713 80 45 och

260 804 54 32 en
339 794 129 43 svart
491 790 127 46 hund
641 805 101 32 som
764 795 54 41 är
844 791 168 46 hennes
1037 794 102 42 vän.
1168 790 140 57 Ingen
1335 791 155 58 kropp,

259 883 102 32 inen
399 871 189 45 ansiktet
625 868 101 47 med
763 883 55 32 en
852 883 109 32 mun
997 883 98 32 som
1131 870 65 43 ler
1230 868 260 47 underbart.

261 948 268 57 Egentligen
555 949 113 44 blott
696 949 183 44 ansikte.
908 949 268 57 Egentligen
1204 949 114 44 blott
1344 946 146 46 denna

259 1025 152 46 leende
437 1039 122 32 mun.
603 1025 100 46 Och
734 1029 187 54 ögonen.

316 1181 107 47 Fem
458 1185 140 43 tunna
632 1183 172 58 böcker,
838 1183 88 44 fem
960 1181 321 59 anspräkslösa
1317 1180 170 58 häften,

258 1260 99 57 fyra
382 1259 102 47 med
507 1259 152 59 dikter,
684 1273 55 31 en
762 1259 101 45 med
888 1260 247 57 aforismer,
1166 1261 115 43 1916
1284 1260 118 43 —20

255 1337 53 46 de
340 1339 99 57 fyra
471 1341 140 43 tunna
645 1339 323 57 anspräkslösa
999 1336 278 47 dikthäftena
1308 1335 178 60 betyder

254 1416 281 57 genombrott
562 1415 317 58 omvärdering
907 1417 16 44 i
951 1414 222 47 Finlands
1199 1416 189 45 svenska
1418 1415 51 43 lit-

255 1498 182 54 teratur,
474 1496 16 43 i
524 1495 163 46 svensk
724 1496 235 56 litteratur,
994 1492 197 59 nordisk,
1321 1491 163 59 bidrag

253 1572 67 46 tili
350 1571 85 46 den
463 1575 126 43 stora
622 1570 290 47 omkastande
957 1571 527 46 litteraturrevolutionen

251 1664 99 33 som
375 1651 232 57 försiggär
630 1652 15 44 i
672 1650 73 46 det
768 1649 610 58 världskriggenomgängna
1398 1650 57 43 Eu-

253 1741 123 47 ropa.

311 1884 163 47 Första
529 1885 268 57 samlingen,
1124 1882 261 59 framgäng,
1429 1895 53 32 en

250 1965 239 44 misstänkt
556 1964 260 57 framgäng,
858 1976 54 32 en
952 1962 319 46 misstänksam
1340 1961 139 45 kritik.

253 2041 115 46 Nätt
391 2041 460 57 flickgymnasiepoesi
872 2039 187 47 bredvid
1081 2040 232 58 litaipeska
1336 2037 122 46 drörn-

249 2119 156 59 bilder,
427 2119 326 47 slätkammade
776 2119 439 58 vattusotsjungfrur
1237 2117 84 46 och
1346 2117 108 45 fram-

250 2196 312 60 tidsmegäror,
598 2197 104 45 äkta
739 2195 224 59 landskap
999 2196 84 44 och
1120 2195 334 45 mänskenskväl-

251 2277 84 57 lar,
355 2275 397 58 buschmanslogik
773 2275 84 45 och
879 2276 330 57 spekulationer
1230 2276 14 43 i
1267 2272 74 47 det
1361 2275 96 43 tran-

248 2352 240 47 scendenta
576 2366 56 32 en
648 2352 207 46 havande
877 2353 190 45 kvinnas
1091 2352 178 45 bisarra
1295 2351 163 44 fantasi-

246 2432 173 57 nycker.
465 2431 106 46 Hon
602 2430 134 45 födde
763 2432 225 56 giganter.

307 2588 55 60 Ej
392 2588 93 46 helt
512 2592 125 42 ännu
660 2590 16 45 i
1177 2588 81 46 och
1286 2587 168 56 „Rosen-

574 2667 230 57 „Brokiga
829 2666 290 58 iakttagelser
1177 2671 55 42 är
1260 2680 52 32 en
1342 2666 116 46 dikta-

248 2759 74 31 res:
363 2746 408 58 arkitekturförsök,
815 2748 109 42 utan
969 2746 124 44 reala
1139 2746 218 44 takstolar
1397 2743 82 47 och

248 2821 349 60 grunderingar,
639 2825 111 43 utan
790 2823 165 58 betong
994 2822 84 47 och
1121 2825 167 43 cement
1328 2835 151 32 —en

246 2902 395 57 genomgängares
674 2902 235 56 tillfälliga
945 2902 287 45 betraktelser
1270 2905 103 42 över
1407 2898 74 46 det

248 2980 133 44 fasta.
415 2978 99 46 Och
546 2980 211 57 skuggan
789 2992 58 32 av
879 2977 84 47 den
992 2981 124 43 stora
1152 2978 205 59 jägaren,
1389 2976 67 47 dik-

246 3057 353 57 tareinpiskaren
637 3056 251 58 Nietzsche,
923 3061 56 41 är
1012 3060 104 42 över
1150 3056 74 47 det
1256 3056 117 58 hela,
1408 3056 47 44 be-

248 3133 238 49 fruktande
509 3133 189 47 ledande
722 3132 430 61 framätskuffande;
1176 3149 161 44 genom
1361 3135 117 45 hans

246 3212 258 47 ödemarker
547 3215 127 45 söker
716 3213 90 46 hon
844 3215 116 57 sina,
1001 3227 162 43 genom
1203 3213 165 45 honom
1404 3215 74 54 sig

242 3292 136 57 själv.
413 3291 111 45 Men
555 3291 156 47 tidtals
742 3292 83 44 när
857 3291 90 45 hon
980 3289 141 47 redan
1150 3289 54 46 de
1236 3305 116 43 egna
1384 3292 70 56 top-

242 3382 162 46 parna,
442 3369 169 45 känner
648 3367 350 61 jag-blivandets
1037 3367 218 60 fröjdyra,
1289 3369 189 56 sjunger

244 3446 101 48 dess
376 3446 282 47 väldsamma
687 3448 180 57 sänger.
902 3446 99 47 Och
1032 3447 87 56 gär
1149 3444 167 47 vidare.
1354 3446 99 53 (Kri-

246 3526 112 45 hken
388 3538 121 33 reser
537 3526 160 56 borst.)

300 3683 88 46 Tili
419 3682 315 56 „Framtidens
1017 3682 88 46 Tili
1138 3681 86 47 den
1252 3681 222 47 starkaste

242 3775 59 30 av
324 3761 164 44 kvinna
513 3759 138 46 födda
678 3758 347 59 diktsamlingen
1050 3758 87 46 den
1161 3758 219 47 modärna
1407 3759 51 44 lit-

241 3841 225 44 teraturen
498 3839 184 59 känner,
711 3839 69 46 tili
810 3837 88 47 den
926 3841 113 44 mest
1067 3838 252 59 helgjutna,
1350 3850 93 44 mog-

1570 562 130 44 naste
1737 561 82 44 och
1855 562 214 57 skarpast
2104 562 276 58 utpräglade
2413 564 388 45 manifestationen

1572 650 57 32 av
1656 636 405 59 morgondagsdikt
2085 640 14 43 i
2128 638 183 59 norden,
2339 640 238 46 befrielsen
2605 642 103 45 frän
2739 643 42 43 fö-

1571 715 315 57 regängarnas
1923 730 94 44 arv,
2052 718 487 57 besittningstagandet
2574 733 56 32 av
2664 722 137 55 jaget,

1571 795 101 42 över
1707 794 146 57 jagets
1882 791 185 60 dödliga
2095 794 240 57 svagheter
2367 796 65 44 tili
2465 794 85 47 den
2579 796 221 45 kosmiska

1572 870 407 60 evighetskänslan,
2009 873 183 57 upplöst
2217 875 16 43 i
2259 871 104 47 dikt.
2399 873 222 54 (Kritiken
2649 875 149 56 tiger.)

1631 1024 257 59 Södergran
1918 1030 135 53 säger
2076 1029 124 57 själv
2225 1026 128 49 iden
2377 1028 262 58 begabbade
2664 1028 115 47 inled-

1568 1105 167 56 ningen
1764 1106 66 45 tili
1860 1108 60 44 ett
1946 1119 58 32 av
2028 1105 166 47 hennes
2222 1108 106 44 verk
2353 1110 66 42 att
2443 1108 91 44 hon
2564 1109 140 56 „läter
2730 1109 70 43 sin

1567 1183 185 44 instinkt
1777 1183 152 58 bygga
1956 1198 92 43 upp
2074 1183 90 47 vad
2187 1184 166 47 hennes
2377 1185 197 45 intellekt
2598 1186 16 45 i
2640 1186 133 44 avvak-

1567 1257 136 47 tande
1727 1260 210 58 hällning
2128 1263 276 53 (snillrikare
2429 1263 88 44 kan
2544 1261 72 47 det
2641 1261 157 49 nutida

1566 1336 368 60 diktskapandets
1986 1340 244 46 mekanism
2269 1341 37 57 ej
2352 1340 248 46 aforistiskt
2635 1341 140 45 beskri-

1565 1416 120 54 vas).
1721 1415 242 47 Instinkten
1992 1416 84 45 och
2106 1417 251 58 intellektet,
2386 1416 56 46 de
2473 1417 190 46 främsta
2692 1417 78 45 kän-

1563 1494 236 44 netecknen
1838 1495 59 57 pä
1937 1494 171 59 djurets
2146 1494 84 47 och
2269 1496 249 46 mänskans
2556 1496 242 57 respektive

1563 1572 214 58 visitkort,
1812 1571 172 59 dagens
2019 1572 84 46 och
2137 1571 85 47 den
2254 1574 404 57 mängtusenäriga
2692 1575 78 56 gär-

1563 1646 173 60 dagens
1763 1652 114 44 mest
1900 1651 360 45 karakteristiska
2287 1651 393 57 själsegenskaper
2709 1651 67 45 för-

1563 1726 139 46 enade
1750 1729 66 44 tili
1854 1726 307 59 diktalstring!
2233 1727 563 59 Eftermiddagsborgaren

1562 1806 83 45 och
1678 1805 85 47 den
1796 1806 166 46 honom
1991 1806 245 59 likställda,
2272 1820 57 32 av
2361 1807 166 46 honom
2556 1805 240 48 besoldade

1563 1884 197 57 kritiken,
1792 1884 145 44 finner
1971 1885 84 43 182
2086 1885 249 46 tankstreck
2363 1885 84 44 och
2479 1886 53 43 81
2568 1885 186 57 punkter
2781 1885 15 44 i

1561 1959 147 48 sädan
1740 1960 104 47 dikt.
1888 1961 164 57 Högst.

1622 2116 81 47 Att
1751 2119 144 57 skapa
1932 2121 53 42 är
2022 2121 66 43 att
2125 2116 155 60 dänga
2330 2117 181 47 handen
2555 2116 106 57 (den
2697 2120 97 44 lilla

1561 2195 390 56 mänskohanden)
2001 2197 14 45 i
2061 2195 239 58 gudarnas
2358 2196 115 46 bord
2539 2195 256 59 (gudarnas

1562 2271 146 47 härda
1752 2272 253 56 stenbord).
2052 2273 88 46 Det
2182 2272 151 47 svider
2375 2287 105 32 man
2525 2275 169 44 skriker

1561 2352 113 45 blott
1709 2350 87 47 den
1830 2352 248 45 starkastes
2117 2352 179 57 fingrar
2330 2351 201 46 behäller
2568 2353 72 44 sin
2677 2366 89 32 sam-

1559 2428 324 60 manpressade
1911 2430 116 47 form
2057 2431 111 44 efter
2193 2428 87 47 den
2304 2433 217 44 smärtan.
2556 2431 239 47 Kvinnans

1558 2508 167 58 säilän,
1763 2506 284 58 Södergrans
2079 2508 37 58 ej
2151 2507 140 46 heller
2323 2507 143 46 allhd.
2514 2507 131 46 Men:

1622 2586 191 47 Kraften
1838 2590 52 42 är
1914 2585 73 47 det
2008 2600 99 32 som
2126 2587 181 57 brakar,
2329 2587 185 57 styrkan
2539 2590 52 42 är
2614 2585 72 47 det
2709 2585 84 47 där

1558 2665 116 43 inne.
1711 2665 88 44 Det
1836 2665 123 44 finns
1994 2662 139 46 dikter
2165 2677 99 32 som
2299 2665 121 44 isin
2455 2665 180 44 brutala
2673 2663 121 45 kraft

1561 2743 259 45 övervinner
1849 2741 283 58 Södergrans
2243 2745 15 43 i
2283 2743 211 58 styrkans
2521 2743 153 58 jämna
2704 2741 65 46 het-

1561 2822 45 43 ta
1633 2821 85 46 när
1745 2818 99 47 dem
1868 2822 149 55 ingen.
2048 2820 167 54 Jämn?
2328 2834 53 31 en
2409 2820 205 44 elektrisk
2638 2822 153 56 ström,

1559 2897 256 60 sprakande
1852 2912 58 33 av
1946 2897 167 60 lidelse,
2150 2898 326 59 blixtjämnhet,
2514 2896 279 47 behärskade

1561 2977 200 58 orkaner,
1787 2976 239 47 dresserad
2051 2978 128 56 rusig
2202 2976 180 46 vildhet.
2410 2975 234 47 Skenande
2667 2975 100 47 lödd-

1559 3057 101 56 riga
1689 3058 156 44 svarta
1877 3056 223 57 hingstar,
2131 3068 55 32 en
2212 3068 95 45 ung
2335 3055 101 45 blek
2465 3055 162 45 kvinna
2654 3056 15 43 i
2699 3057 71 55 tyg-

1559 3135 146 57 larna,
1735 3135 15 44 i
1783 3132 55 46 de
1867 3135 174 44 strama
2070 3133 223 57 tyglarna.

1619 3288 15 45 I
1671 3288 154 46 Dikter
1858 3289 122 46 finns
2010 3292 123 42 ännu
2164 3287 237 60 landskap,
2432 3289 14 45 i
2478 3287 287 58 Septemberly-

1557 3382 85 32 ran
1676 3367 250 58 Nietzsche,
1957 3369 15 44 i
2005 3367 313 47 Rosenaltaret
2348 3381 53 30 en
2431 3369 144 55 syster
2614 3364 177 60 (jorden

1639 3446 201 57 profeten
1951 3446 199 54 vännen)
2259 3447 18 43 i
2302 3443 284 47 Framtidens
2611 3444 179 56 skugga

1558 3526 120 44 talar
1711 3523 54 46 de
1801 3524 256 45 animaliskt
2092 3523 188 46 levande
2314 3524 151 45 orden.
2513 3523 132 57 „Den
2680 3521 111 47 röda

1558 3603 125 46 solen
1709 3603 87 56 gär
1820 3616 92 44 upp
1939 3604 111 44 utan
2079 3602 160 46 tankar
2264 3602 82 44 och
2372 3604 54 42 är
2450 3602 89 44 lika
2567 3603 92 45 mot
2683 3601 108 44 alla.

1643 3681 89 45 Det
1759 3681 193 45 kommer
1981 3693 56 32 en
2066 3678 92 60 dag
2189 3678 59 47 dä
2276 3681 101 44 värt
2401 3679 113 46 stoft
2539 3679 116 46 skall
2686 3682 78 42 sön-

1556 3757 209 60 derfalla,
1806 3758 73 46 det
1916 3762 52 42 är
2009 3757 248 47 detsamma
2310 3762 86 42 när
2451 3756 75 47 det

1556 3839 139 53 „utan
1722 3838 161 45 tankar
1987 3837 91 46 lika
2102 3838 92 45 mot
2219 3836 95 45 alla
2422 3836 73 45 det
2521 3839 54 42 är
2598 3836 164 44 detsam-
