1597 2540
1381 2226 34 29 27

654 267 73 29 Aus
750 268 61 29 der
834 267 189 31 Literatur

238 393 72 31 Karl
325 394 197 36 Liebknecht,
539 395 63 28 Das
620 396 261 31 Zuchthausurtdl
900 396 234 34 (Prozeßakten,
1152 398 115 30 Urteile
1287 400 58 28 und
1363 396 50 31 Ein-

279 432 122 39 gaben).
443 436 112 34 Verlag
576 436 55 30 Die
651 438 119 33 Aktion,
792 438 340 32 Berlin-Wilmersdorf,
1173 442 26 33 3,
1201 460 38 3 —
1258 441 42 29 M.

313 495 63 28 Das
404 495 89 28 Wort
519 497 39 28 ist
584 496 66 29 Tat.
696 496 39 30 Es
760 499 64 31 gibt
850 499 68 29 kein
946 500 88 29 Wort
1061 502 26 27 in
1117 502 115 28 diesem
1258 500 114 32 Buche,
1402 502 26 27 in

238 537 114 29 diesem
380 537 114 35 Leben,
523 539 54 28 das
605 539 82 29 nicht
714 539 71 30 Sinn
815 543 58 27 und
903 541 32 28 W
936 537 3 39 7
945 542 55 32 ille,
1028 544 27 26 in
1084 543 184 33 Aenderung
1294 543 133 33 geballte

238 578 86 29 Kraft
341 581 94 27 wäre.
472 579 109 30 Dieses
600 581 184 30 schneidend
804 584 120 28 scharfe
941 584 63 28 Beil
1025 585 243 29 revolutionärer
1287 585 125 29 Intellek-

237 621 128 35 tualität,
387 623 122 32 geführt
532 631 60 21 von
618 625 81 29 einer
724 625 123 29 aktiven
869 626 102 35 Liebe,
996 628 46 27 die
1066 628 80 28 nicht
1170 629 62 27 sich
1255 628 173 33 verteidigt,,

236 664 134 29 sondern
393 665 132 34 anklagt,
548 667 47 28 die
618 675 37 20 an
678 668 53 28 das
753 667 99 30 Kreuz
876 670 53 27 des
952 668 208 30 Zuchthauses
1183 671 142 32 genagelt
1348 671 80 28 nicht

236 707 202 34 verzweifelt,
455 709 133 28 sondern
608 710 56 27 den
680 710 102 28 Brand
802 711 52 28 der
870 710 150 34 Erlösung
1037 713 27 26 in
1082 713 47 27 die
1147 711 81 30 Welt
1246 712 182 29 schleudert.

235 747 74 30 Man
334 751 289 32 vergegenwärtige
657 752 75 28 sich:
769 760 61 21 von
867 753 77 28 allen
969 753 167 29 Menschen
1164 754 169 34 verlassen,
1367 762 61 21 von

236 791 105 29 seinen
365 791 197 35 „Freunden“
586 794 152 29 verhöhnt
763 795 57 28 und
845 796 54 27 mit
922 794 238 34 Beleidigungen
1185 797 157 34 bespritzt,
1367 805 60 20 von

235 836 68 25 vier
330 842 98 24 engen
454 834 130 30 Mauern
614 837 171 32 umdrängt,
814 837 47 27 die
891 837 57 27 ihm
979 838 150 28 stündlich
1158 840 58 27 und
1245 840 106 28 immer
1381 839 45 29 die

237 874 93 30 Härte
357 877 57 27 und
441 876 264 30 Unerbittlichkeit
732 878 53 29 der
810 878 226 30 herrschenden
1063 879 148 34 Ordnung
1237 881 188 33 empfindbar

234 918 138 33 machen,
395 919 81 30 führt
496 918 198 36 Liebknecht,
718 922 54 28 der
792 921 308 36 Armierungssoldat,
1124 924 53 27 der
1198 923 227 34 Zuchthäusler,

235 961 59 27 den
312 960 110 33 Kampf
438 969 100 25 gegen
557 962 66 29 eine
643 962 91 29 Welt.
772 963 98 28 Wenn
891 972 32 21 es
941 965 27 27 in
989 965 99 28 dieser
1107 965 64 28 Zeit
1190 966 168 33 überhaupt
1378 967 45 27 eiw

237 1002 182 29 Heldentum
439 1004 73 34 gibt,
532 1012 36 21 so
588 1005 38 28 ist
646 1012 33 22 es
701 1005 108 30 dieses.

309 1061 72 30 Hier
408 1063 71 28 sitzt
509 1063 46 28 die
584 1063 82 28 Welt
694 1072 61 20 von
783 1063 129 34 Morgen
942 1074 37 19 zu
1008 1065 123 33 Gejicht
1160 1067 73 27 über
1265 1068 45 27 die
1340 1066 82 28 Welt

235 1111 64 21 von
320 1103 108 29 Heute.

235 1195 69 30 Karl
324 1195 99 33 Marx,
461 1195 63 29 Der
551 1197 206 33 Bürgerkrieg
786 1198 28 28 in
853 1198 193 30 Frankreich.
1087 1200 110 32 Verlag
1228 1200 54 28 Die
1301 1200 120 30 Aktion,

271 1237 341 31 Berlin-Wilmersdorf.
652 1240 25 32 2,
679 1256 41 3 —
739 1239 42 29 M.

307 1303 109 29 Dieses
437 1304 97 30 Werk
553 1306 39 28 ist
613 1306 46 28 für
682 1307 46 29 die
751 1306 129 30 aktuelle
902 1306 110 30 Politik
1034 1310 58 27 wie
1115 1308 47 30 für
1183 1310 47 28 die
1251 1310 153 30 geschicht-

231 1345 77 29 liche
339 1346 197 35 Beurteilung
569 1348 53 28 des
654 1348 186 29 Marxismus
872 1351 28 27 in
932 1350 132 32 gleicher
1096 1350 102 31 Weise
1232 1352 177 27 bedeutsam

231 1387 124 34 Führer,
384 1389 46 28 die
458 1389 63 28 sich
549 1389 171 29 Marxisten
748 1399 127 24 nennen,
905 1392 45 28 die
981 1392 86 28 echte
1094 1392 239 32 Revolutionäre
1362 1394 58 27 und

231 1429 171 30 Marxisten
424 1439 110 24 wegen
554 1432 186 33 Aufreizung
761 1441 69 20 zum
849 1432 235 34 Klassenkampf
1106 1430 38 38 (!)
1167 1435 26 28 in
1215 1434 206 30 Zuchthäuser

230 1475 150 32 gesperrt,
398 1473 121 29 können
536 1482 55 20 nur
611 1475 77 28 dann
708 1475 132 28 entlarvt
858 1477 135 32 werden,
1011 1484 90 21 wenn
1120 1477 61 28 ihre
1201 1477 220 33 Verfälschung

233 1515 55 29 des
308 1515 246 30 revolutionären
575 1515 187 30 Marxismus
784 1517 134 29 bekannt
938 1519 86 28 wird.
1063 1518 54 29 Ein
1138 1520 162 28 deutscher
1319 1519 81 28 Mehr-

231 1556 218 30 heitssozialist
468 1559 145 27 verstehe
633 1559 83 29 diese
738 1559 113 29 Schrift
870 1561 59 28 und
950 1569 33 19 er
1002 1561 51 27 hat
1073 1561 160 32 aufgehört
1254 1562 45 28 ein
1320 1562 81 28 Mehr-

232 1597 217 31 heitssozialist
471 1608 36 20 zu
529 1602 73 27 sein.

308 1657 50 29 Ich
379 1660 85 26 setze
490 1656 90 36 (ganz
603 1656 142 36 wahllos)
768 1669 69 19 zum
860 1660 142 30 Beweise
1025 1663 52 27 des
1103 1661 151 33 Gesagten
1280 1663 44 27 ein
1348 1670 73 24 paar

233 1698 115 30 Stellen
366 1708 54 21 aus
441 1701 68 28 dem
527 1701 104 29 Buche
650 1702 131 29 hierher:

308 1760 68 32 „Die
395 1762 248 33 Mannigfaltigkeit
661 1764 49 26 der
732 1764 174 33 Deutungen,
935 1766 88 25 denen
1052 1764 41 26 die
1117 1765 153 26 Kommune
1293 1767 128 31 unterlag,

232 1794 55 25 und
306 1793 42 27 die
361 1795 247 33 Mannigfaltigkeit
624 1797 49 26 der
691 1797 165 30 Interessen,
875 1798 42 26 die
936 1798 58 26 sich
1014 1798 24 26 in
1058 1799 40 25 ihr
1115 1798 181 32 ausgedrückt
1313 1798 108 32 fanden,

231 1827 148 33 beweisen,
407 1828 53 26 daß
487 1829 39 26 sie
553 1829 63 26 eine
643 1831 85 25 durch
757 1832 55 24 und
839 1832 85 25 durch
949 1831 284 32 ausdehnungsfähige
1258 1831 78 27 Form
1360 1839 62 23 war,

231 1860 131 27 während
381 1861 49 26 alle
448 1861 128 27 früheren
591 1863 277 33 Regierungsformen
882 1865 157 26 wesentlich
1058 1865 218 25 unterdrückend
1294 1871 126 27 gewesen

231 1900 99 20 waren.
367 1894 42 26 Ihr
420 1896 108 25 wahres
543 1896 162 27 Geheimnis
718 1905 56 18 war
787 1898 69 26 dies:
875 1898 40 26 sie
928 1906 55 18 war
997 1898 154 26 wesentlich
1166 1898 59 26 eine
1239 1898 183 33 Regierung

231 1927 58 25 der
313 1927 296 33 Arbeiterklasse,
637 1931 49 25 das
714 1931 123 26 Resultat
862 1932 49 25 des
939 1931 128 33 Kampfes
1090 1932 47 25 der
1155 1931 265 33 hervorbringendea

230 1966 87 26 gegen
337 1960 44 27 die
400 1962 171 32 aneignende
591 1962 105 33 Klasse,
723 1964 42 26 die
785 1964 106 26 endlich
912 1965 146 26 entdeckte
1077 1964 140 33 politische
1237 1964 88 33 Form,
1344 1967 77 23 unter

230 1994 50 25 der
297 1994 42 26 die
359 1995 202 26 ökonomische
583 1996 147 34 Befreiung
748 1999 49 25 der
814 1998 94 26 Arbeit
925 1998 57 26 sich
1003 1997 149 26 vollziehen
1173 1999 129 25 konnte.“

306 2053 103 32 Oder:

304 2112 94 31 „Nach
418 2112 224 34 Pfingstsonntag
663 2114 59 26 1871
746 2115 73 25 kann
840 2121 30 19 es
889 2114 98 26 keinen
1007 2114 113 26 Frieden
1141 2115 54 25 und
1213 2114 80 26 keine
1305 2113 99 26 Waffen-

230 2145 67 26 ruhe
317 2146 78 25 mehr
412 2147 88 31 geben
520 2146 137 27 zwischen
678 2148 52 25 den
743 2147 143 26 Arbeitern
905 2148 54 25 und
979 2148 52 25 den
1047 2147 153 33 Aneignern
1220 2147 72 26 ihrer
1303 2146 102 27 Arbeits-

230 2178 203 32 erzeugnisse.“
