1605 2540
1446 2201 44 41 5

362 248 68 28 Und
459 249 77 27 doch
566 249 113 33 wessen
709 249 46 28 die
784 249 180 29 westlichen
992 249 179 33 Herrscher,
1202 250 56 27 daß
1288 251 46 27 die
1363 249 116 29 Stunde

289 290 52 31 der
361 290 122 30 Gewalt
501 291 134 29 vorüber
655 293 47 27 ist.
740 291 40 29 Es
801 293 37 27 ist
860 290 55 33 ein.
926 292 143 31 tätliches
1087 292 123 29 Grauen
1230 293 28 27 in
1277 292 63 28 ihre
1359 292 120 28 Herzen

287 333 159 33 gefahren:
491 333 65 29 Wir
576 334 98 29 haben
695 336 149 32 geerntet,
865 343 66 20 was
953 336 46 27 sie
1018 343 37 20 zu
1076 337 74 26 säen
1171 334 126 34 solange
1318 334 71 33 klug
1410 343 52 20 ver-

286 376 121 29 mieden
428 376 108 29 haben.
580 377 75 28 Was
678 377 73 29 aber
773 379 60 28 wie
858 376 136 35 Quicken
1018 377 158 29 wucherte
1201 379 27 27 in
1253 377 93 30 ihrem
1370 377 109 28 Acker.

287 417 63 30 Der
369 419 204 34 Unterstrom,
617 420 55 30 das
693 420 228 29 Grundwasser
944 420 79 28 ihrer
1045 419 112 30 Politik
1180 421 92 31 steigt
1296 428 105 24 empor
1425 428 54 19 aus

287 461 57 28 den
364 461 221 35 Katakomben,
607 462 135 30 Kloaken
764 463 59 28 und
843 461 120 31 Kellern
984 464 27 26 in
1033 463 63 27 ihre
1117 462 134 30 Paläste.

361 511 50 29 Sie
430 512 142 29 möchten
592 515 108 28 weiter
721 514 59 27 und
799 514 116 28 wieder
936 515 47 26 die
1004 513 122 28 Gewalt
1145 514 180 28 vermeiden
1345 513 59 28 und
1425 520 35 20 un-

285 554 172 32 geschehen
475 555 136 30 machen.
628 556 82 28 Aber
728 557 43 27 sie
788 556 99 28 haben
905 557 119 32 gesiegt
1043 556 59 28 und
1120 557 66 27 sind
1204 556 44 28 ihr
1267 554 209 34 ausgeliefert!

361 603 64 30 Das
451 606 38 28 ist
514 605 62 30 ihre
601 605 121 34 Schuld,
747 606 57 28 daß
829 607 44 28 sie
899 607 52 27 der
976 605 122 29 Gewalt
1123 606 64 29 sich
1212 605 138 30 dennoch
1375 606 85 27 unter-

284 647 127 30 warfen.
458 647 61 30 Das
549 650 38 27 ist
615 648 62 29 ihre
706 648 154 32 tragische
888 648 122 31 Schuld,
1065 649 57 28 daß
1150 649 44 27 sie
1222 650 79 26 trotz
1329 648 148 28 besseren

284 689 150 35 Wissens,
455 690 122 28 obwohl
599 691 76 28 auch
694 698 193 25 gezwungen
907 691 40 27 im
968 690 91 29 Sinne
1081 691 52 27 der
1155 690 163 33 Realisten,
1340 690 63 28 sich
1425 690 52 27 der

282 731 176 36 Kanonade,
478 732 165 34 Blockade,
663 734 68 27 dem
749 732 220 30 Militarismus,
989 733 53 27 der
1058 732 157 33 Pressung
1236 733 53 28 der
1309 732 167 28 Menschen

284 776 59 27 und
364 774 192 34 Erpressung
578 776 53 28 des
654 775 113 28 Geldes
788 774 216 30 überlieferten
1081 776 75 27 statt
1177 775 51 28 auf
1249 777 18 26 d
1271 774 3 34 :
1280 784 15 19 e
1317 774 79 30 Güte
1418 774 58 28 und

284 818 47 28 die
351 817 229 33 Gerechtigkeit
601 817 78 28 ihrer
700 817 99 28 Sache
820 826 36 19 zu
877 817 108 28 bauen.
1025 817 66 29 Daß
1111 819 45 28 sie
1175 814 82 31 nicht
1277 818 67 27 dem
1366 817 111 28 Feinde

283 861 26 27 in
335 860 120 32 ruhiger
479 859 154 29 Offenheit
656 859 166 29 erklärten;
867 859 64 28 Wir
954 860 111 28 wollen
1090 868 54 19 uns
1169 861 126 31 einigen,
1319 860 78 28 denn
1420 860 56 27 wir

282 903 67 27 sind
373 903 46 28 die
444 902 167 30 Stärkeren
633 901 44 35 —.
721 901 66 30 Daß
811 903 43 28 sie
878 910 32 20 es
935 903 50 28 auf
1009 903 46 28 die
1079 902 191 34 Ermordung
1293 902 182 30 ankommen

281 944 107 28 ließen.
430 944 66 28 Daß
519 946 44 27 sie
588 945 68 28 dem
680 944 119 28 Sünder
822 944 88 29 keine
933 944 64 28 Zeit
1020 944 96 30 ließen
1141 953 53 19 zur
1217 944 182 30 Erkenntnis
1424 944 52 28 der

281 986 175 29 Dummheit
482 987 59 28 und
569 986 238 29 Gefährlichkeit
834 988 100 28 seines
961 986 120 30 Lebens
1109 988 26 27 in
1163 988 53 28 der
1241 988 115 31 großen
1382 986 92 32 Welt,

281 1037 91 21 wenn
396 1038 32 19 er
450 1029 94 29 schon
566 1029 47 28 für
634 1029 84 32 Rene
740 1030 59 28 und
820 1029 184 33 Bekehrung
1027 1029 219 34 unzugänglich
1270 1037 72 21 war.

356 1080 82 28 Aber
458 1081 53 28 der
531 1080 158 28 westliche
707 1080 130 28 Mensch
856 1080 104 33 glaubt
979 1080 81 28 nicht
1078 1080 85 28 mehr
1185 1089 37 19 an
1244 1080 55 28 das
1317 1078 157 29 Absolute.

280 1122 68 28 Und
373 1124 74 30 Jetzt
473 1123 77 28 nach
577 1123 53 28 der
655 1123 77 28 auch
759 1122 59 28 ihm
843 1122 207 33 gefährlichen
1075 1122 162 33 Wendung
1263 1122 89 29 sucht
1378 1130 33 20 er
1437 1129 37 20 zu

279 1165 150 28 hemmen.
475 1164 50 29 Sie
550 1167 112 30 spüren
688 1164 95 30 schon
810 1165 46 28 die
879 1164 185 33 Zuckungen
1089 1165 79 28 ihrer
1192 1164 123 33 Völker,
1342 1165 46 27 die
1413 1164 58 28 viel

280 1208 138 32 weniger
438 1207 44 28 als
504 1208 46 28 die
571 1207 176 29 Deutschen
768 1209 121 31 geneigt
910 1208 75 33 sind,
1007 1207 58 28 der,
1082 1206 159 34 Obrigkeit
1262 1207 81 28 blind
1364 1215 36 19 zu
1422 1214 35 24 ge-

279 1249 135 29 horchen
495 1258 55 20 nur
572 1251 69 27 weil
665 1251 44 27 sie
733 1249 159 33 Obrigkeit
914 1251 59 27 und
998 1249 106 33 Sieger
1129 1251 46 27 ist.

355 1300 68 29 Und
444 1302 75 30 jetzt
541 1301 72 28 naht
637 1300 160 33 eigentlich
821 1301 54 28 das
897 1300 84 29 Ende
1006 1301 52 28 des
1083 1300 158 29 Westens!

360 1351 55 29 Die
451 1351 124 28 histoire
604 1359 193 24 europeenne
834 1352 37 27 ist
908 1359 68 20 zum
1004 1351 158 28 Stillstand
1196 1352 182 31 gekommen
1415 1350 57 28 und

279 1393 167 33 gleichsam
464 1393 107 29 zeitlos
589 1393 172 29 vollziehen
778 1393 65 29 sich
862 1394 47 28 die
927 1393 131 29 nackten
1078 1393 174 29 Gewalten!
1291 1393 66 28 Wir
1374 1392 97 29 haben

280 1437 47 28 die
346 1435 173 33 endgültige
538 1435 99 29 Cäsur
655 1436 157 30 zwischen
830 1435 178 30 Mittelalter
1027 1437 59 28 und
1105 1437 52 27 der
1176 1444 95 20 neuen
1291 1435 77 29 Zeit!
1408 1435 65 28 Wir

279 1479 132 28 rechnen
446 1479 82 27 nicht
561 1479 87 29 mehr
682 1479 77 27 nach
783 1478 130 33 Kriegen
948 1479 58 27 und
1030 1479 140 33 Fürsten,
1203 1479 78 27 nach
1313 1478 142 28 Friedens-

279 1521 168 31 schlüssen,
472 1520 111 33 Siegen
608 1522 59 27 und
691 1521 268 33 Unterjochungen
985 1522 54 27 der
1063 1521 174 32 Besiegten.
1281 1520 39 29 Es
1345 1520 51 29 hat
1418 1520 54 28 der

277 1563 131 29 Mensch
427 1564 58 28 und
503 1565 66 27 sein
587 1564 109 28 Gefühl
714 1564 64 28 sich
797 1564 53 28 der
869 1564 226 28 Geschehnisse
1113 1563 187 33 bemächtigt
1318 1564 59 27 und
1396 1571 76 24 ganz

279 1605 209 34 unpolitische,
510 1606 57 28 den
589 1605 194 33 Diplomaten
804 1614 78 25 ganz
905 1606 166 28 unfaßbare
1093 1605 129 34 Fragen,
1243 1604 151 34 gestalten
1417 1605 54 27 das

277 1647 103 30 Leben
409 1649 52 28 der
488 1648 121 29 Völker.
655 1649 62 28 Das
743 1649 104 28 Leben
875 1649 53 29 der
954 1649 122 33 Völker,
1100 1649 47 28 ihr
1173 1650 151 27 innerstes
1350 1647 119 29 Wollen

278 1691 125 32 beginnt
420 1691 59 29 den
495 1691 101 28 Schild
614 1700 37 19 zu
668 1691 126 31 treiben,
814 1692 54 28 der
882 1691 57 29 alle
957 1691 98 29 zumal
1072 1691 146 28 schützen
1237 1691 58 28 und
1314 1690 158 29 bedachen

278 1733 65 31 soll.
384 1733 41 28 Es
444 1733 125 33 beginnt
590 1734 46 28 die
656 1734 65 28 Zeit
742 1734 52 28 der
814 1733 204 33 Abrechnung
1039 1734 52 27 des
1114 1733 204 28 Individuums
1338 1733 55 27 mit
1414 1733 55 27 den

277 1775 176 32 Systemen.
500 1776 67 28 Und
594 1776 100 30 diesse
720 1776 64 29 Zeit
809 1777 39 27 ist
873 1776 37 27 im
940 1776 141 28 tradition
1104 1775 57 28 den
1189 1774 71 29 Sinn
1288 1775 123 29 ahistor
1424 1774 46 28 xh

277 1818 59 29 und
361 1817 99 29 erfüllt
484 1826 61 20 von
571 1818 68 28 dem
663 1818 117 28 Glücke
804 1818 54 29 des
881 1817 172 30 Einzelnen,
1079 1818 45 30 däv
1157 1817 104 29 Leben
1285 1813 118 33 wicWr
1425 1817 45 28 als

276 1860 48 29 ein
340 1859 122 34 Dasein,
480 1860 47 28 die
542 1860 180 32 Bewegung
738 1860 26 27 in
783 1860 54 29 der
849 1860 205 32 Vereinigung
1069 1860 54 27 mit
1134 1860 99 27 hirem
1251 1859 220 33 dynamischen

275 1900 124 32 Urquell
420 1901 170 32 empfinden
612 1909 37 20 zu
670 1901 115 28 dürfen.
825 1900 54 30 Ein
900 1900 106 31 Kessel
1027 1901 249 29 wildkochender
1296 1901 173 33 Probleme,

275 1943 168 30 kindlicher
467 1943 155 29 Wünsche
646 1944 59 28 und
727 1952 181 24 grausamer
932 1943 135 30 Gelüste.
1110 1944 102 29 Ueber
1237 1945 98 28 Nacht
1358 1945 97 33 gleich-

275 1994 67 20 sam
370 1986 65 28 sind
463 1986 17 28 d
486 1985 3 35 :
494 1995 15 19 e
538 1994 48 20 am
613 1985 182 30 festetesten
823 1987 183 32 geglaubten
1036 1986 154 34 Systeme,
1219 1987 165 29 Schaubild
1411 1988 60 27 und

276 2028 220 32 erquickendes
524 2027 128 33 Symbol
679 2029 54 28 der
759 2028 118 29 stolzen
904 2028 111 31 Größe,
1043 2030 47 27 die
1117 2029 123 29 Gewalt
1267 2030 54 28 des
1346 2030 125 28 Geistes

274 2070 215 34 Leugnenden,
509 2071 54 28 des
581 2070 158 30 Zweiflers
758 2079 55 22 aus
832 2070 236 36 Verzweiflung,
1088 2072 170 33 trügerisch
1278 2081 171 20 zusammen-

275 2115 148 31 gestürzt.
463 2113 46 28 An
529 2113 94 28 ihrem
644 2114 178 33 Untergang
843 2113 115 29 erlebte
978 2114 53 28 der
1050 2113 130 30 Mensch
1201 2115 46 28 die
1267 2114 204 33 Fraglichkeit

275 2154 79 30 allen
381 2153 180 32 staatlichen
592 2156 162 31 Aufbaues.
800 2156 68 29 Und
895 2158 54 27 mit
977 2157 53 28 der
1057 2156 129 34 Energie
1217 2158 52 29 des
1298 2157 172 33 spielendes
