1600 2540
152 2177 38 32 10

160 232 75 28 oder
255 231 46 29 für
323 232 252 29 verbrecherisch
595 233 109 33 gelten.
747 233 73 29 Wer
842 243 37 20 an
901 236 98 28 dieser
1021 235 110 29 Schule
1152 236 194 33 mßtarbeitet,

160 274 130 29 arbeitet
314 276 53 27 mit
389 284 35 19 an
450 275 67 28 dem
540 275 181 34 Monstrum,
746 277 65 35 das,
825 277 45 27 die
896 278 228 33 ursprüngliche
1146 278 93 29 Liebe
1261 279 84 31 jedes

159 315 169 31 Menschen
357 325 52 19 zur
439 317 227 29 Gemeinschaft
696 320 140 30 zerstört,
867 319 157 29 kleinliche
1055 320 58 29 und
1141 320 204 28 beschränkte

160 357 145 33 Egoisten
330 359 58 28 und
409 358 218 33 Eigenbrödler
651 362 133 31 erzeugt,
808 369 36 20 so
867 361 71 28 sehr
960 364 53 26 mit
1037 362 68 28 dem
1130 363 72 28 Sinn
1225 362 50 28 auf
1298 363 47 27 de

159 399 192 34 Talmiware,
378 400 57 29 daß
460 409 68 20 man
556 402 46 28 die
628 402 92 28 damit
745 402 187 33 Beglückten
959 404 111 33 füglich
1096 404 43 29 als
1166 405 45 29 die
1237 404 90 33 Einge-

160 443 134 28 borenen
313 451 59 20 von
394 442 121 34 Europa
536 444 76 31 wird
633 444 186 28 bezeichnen
840 445 129 28 können.

233 493 117 29 Unsere
367 493 177 29 Wirtschaft
560 495 37 27 ist
612 494 63 28 reif.
691 493 99 29 Wenn
806 496 57 27 wir
877 494 87 29 keine
981 494 235 31 Klassenschule
1231 496 113 33 hätten,

160 544 87 20 wenn
277 537 46 28 die
352 536 203 33 werktätigen
582 537 170 30 Menschen
779 539 81 28 nicht
888 541 53 26 mit
967 538 169 31 Menschen
1163 549 55 20 aus
1246 541 99 28 dieser

158 577 183 30 Schulzucht
365 586 178 22 zusammen
565 579 87 29 leben
675 581 132 32 müßten,
830 581 55 28 wir
908 581 104 29 hätten
1036 583 46 28 die
1105 582 165 34 Befreiung
1293 584 53 27 der

157 619 245 30 Arbeiterklasse
426 620 101 34 längst
553 622 216 32 durchgeführt
795 623 59 28 und
879 624 53 27 mit
959 623 43 28 ihr
1029 624 46 28 die
1100 624 165 34 Befreiung
1292 625 53 27 der

157 661 201 35 Menschheit,
383 664 45 27 die
452 663 164 34 Befreiung
640 672 54 21 u.cr
715 664 128 34 Jugend.

234 705 112 29 Darum
379 707 112 29 wollen
523 709 56 27 wir
611 708 82 29 nicht
724 709 68 28 dem
823 708 106 29 Staate
962 710 116 33 dienen,
1110 710 132 28 sondern
1274 710 69 28 dem

157 746 242 35 Klassenkampf,
423 750 54 28 der
499 750 48 27 ihn
571 751 140 28 zerstört.
755 750 31 28 In
810 751 100 28 dieser
932 754 148 27 ersten
1101 751 165 34 Etappe
1290 751 53 30 des

155 786 146 37 Kampfes
324 792 63 32 gibt
409 799 33 21 es
466 800 54 19 nur
543 793 46 27 ein
614 793 132 32 einziges
770 793 236 29 sozialistisches
1030 792 217 36 Bildungsziel:
1273 795 53 27 Auf-

156 832 128 34 klärung
306 834 59 27 und
386 833 154 33 Agitation
562 834 45 29 für
631 835 45 28 die
699 835 247 30 revolutionären
967 837 291 33 Arbeiterparteien!

231 883 100 30 Unser
351 883 204 34 Bildungsziel
578 893 59 20 von
660 885 91 29 heute
771 885 79 29 kann
874 894 55 20 nur
951 887 64 28 sein
1038 887 47 28 die
1105 887 157 33 Werbung
1286 887 57 28 und

157 925 46 28 die
230 925 153 32 praktisch
412 926 175 29 technische
613 927 225 35 Vorbereitung
863 929 48 28 für
937 929 46 28 die
1011 929 112 29 soziale
1151 929 191 32 Revolution.

157 965 65 30 Wir
247 969 124 27 müssen
399 976 36 19 zu
462 968 44 28 ihr
556 969 59 29 den
640 969 173 33 gelähmten
839 970 109 28 Willen
999 972 53 28 der
1077 972 114 32 großen
1216 971 125 29 Massen

155 1008 137 32 wecken,
316 1010 58 28 den
397 1010 231 29 verschütteten
652 1011 87 29 Geist
762 1012 53 28 des
838 1012 114 29 Volkes
976 1013 143 29 befreien.

230 1058 115 31 Keinen
375 1059 173 29 Schwindel
578 1068 61 21 von
670 1061 130 28 falscher
831 1061 114 33 Kultur,
975 1063 88 28 keine
1094 1063 158 31 Zahmheit
1281 1072 59 20 vom

155 1101 195 33 allgemeiner
369 1101 129 34 Bildung
518 1103 94 33 mehr,
633 1103 131 29 sondern
785 1103 276 34 Volksaufklärung
1082 1106 59 27 und
1161 1105 181 32 Einreihung

155 1145 27 26 in
209 1145 46 27 die
281 1144 214 29 Formationen
522 1145 52 28 der
602 1145 244 29 revolutionären
872 1146 314 35 Arbeiterbataillone,
1213 1148 128 28 Austritt

154 1194 55 20 aus
233 1187 56 27 den
315 1186 313 32 sozialpatriotischen
652 1189 59 27 und
736 1188 209 32 bürgerlichen
971 1188 263 33 Organisationen.
1277 1189 65 28 Wir

152 1228 123 29 können
303 1229 55 28 den
387 1228 290 30 kommunistischen
705 1229 87 30 Staat
820 1239 56 19 nur
903 1232 153 31 predigen,
1087 1232 57 27 den
1172 1231 169 29 Mensche«

153 1272 54 26 mit
236 1270 288 29 kommunistischer
553 1270 178 35 Gesinnung
759 1272 121 28 können
910 1274 56 27 wir
995 1274 74 31 jetzt
1099 1273 94 29 schon
1225 1274 115 32 zeigen.

155 1312 64 28 Wir
241 1312 125 28 Lehrer
379 1313 61 28 und
461 1312 141 29 Erzieher
625 1316 125 27 müssen
773 1322 57 21 vor
851 1315 89 28 allem
965 1315 81 28 diese
1070 1315 169 29 Menschen
1262 1316 77 28 sein!

228 1362 66 28 Und
325 1363 59 29 den
412 1362 134 30 Lehrern
577 1364 58 28 und
665 1363 172 34 Erziehern,
868 1366 48 27 die
945 1365 78 28 noch
1052 1366 81 29 nicht
1162 1373 54 20 uns
1247 1373 75 24 ange-

153 1403 160 30 schlossen
335 1404 74 31 sind,
433 1405 85 28 rufen
540 1407 56 27 wir
619 1414 49 20 zu:
694 1405 74 30 Seht
790 1406 85 33 doch,
899 1415 80 20 wem
1003 1407 44 28 ihr
1070 1407 89 33 dient,
1183 1407 75 33 seht,
1284 1408 56 27 wie

154 1446 53 27 der
228 1446 189 33 bürgerliche
437 1446 88 30 Staat
545 1447 124 35 erzieht,
689 1448 68 29 seht
777 1449 83 28 seine
880 1448 213 34 Luxuskultur,
1114 1450 86 29 seine,
1218 1448 122 29 ziellose

155 1487 230 34 Wissenschaft,
433 1491 83 27 seine
542 1489 244 34 Klassenschule,
836 1491 83 28 seine
945 1491 70 28 tiefe
1042 1491 298 33 Vernachlässigung

153 1529 73 30 aller
250 1530 178 34 Erziehung,
454 1533 82 27 seine
560 1532 186 34 Verfolgung
771 1533 72 28 aller
866 1533 127 28 wahren
1016 1533 151 29 Erzieher.
1206 1544 5 4 •
1225 1529 4 37 >

228 1580 80 29 Weit
331 1580 163 30 kostbarer
517 1583 37 28 ist
577 1581 59 29 ihm
658 1583 78 28 noch
759 1584 107 28 immer
887 1583 114 29 Militär
1025 1584 179 28 und'weiße
1228 1583 119 33 Garde,,

153 1623 47 27 die
231 1623 46 28 die
308 1622 180 33 Revolution
520 1624 216 33 niederhalten,
767 1625 44 28 als
842 1626 47 27 die
918 1625 254 33 Erzieherschaft,
1204 1626 45 28 die
1281 1625 57 28 den

152 1664 168 29 Menschen
348 1674 71 20 vom
445 1666 94 29 Elend
565 1667 136 28 befreien
726 1667 69 27 will.
840 1668 67 27 Von
934 1667 147 29 Sokrates
1108 1668 46 28 bis
1181 1667 51 29 auf
1256 1667 83 31 Rosa

152 1706 194 34 Luxemburg
364 1708 51 30 hat
433 1708 45 28 die
496 1708 193 29 reaktionäre
708 1708 204 30 Gesellschaft
929 1710 56 28 den
1004 1709 176 29 wirklichen
1196 1709 144 29 Erzieher

152 1751 77 27 stets
247 1750 141 32 verfolgt.
428 1750 59 33 Sie,
505 1752 48 28 die
571 1760 33 20 so
625 1751 87 29 rasch
731 1751 48 29 bei
799 1752 53 28 der
870 1751 88 29 Hand
977 1752 38 28 ist
1033 1752 53 28 mit
1106 1751 232 29 Wissenschaft,

155 1800 85 20 wenn
267 1799 32 21 es
325 1791 61 35 gilt,
410 1792 65 28 ihre
501 1792 216 33 Paragraphen
743 1802 38 19 zu
806 1794 198 32 verteidigen,
1032 1794 45 28 ihr
1101 1793 96 32 Recht
1223 1802 37 19 zu
1286 1794 35 27 be-

151 1835 125 30 weisen,
299 1835 47 28 die
369 1834 47 28 für
438 1835 58 28 den
520 1834 256 35 ausgefallensten
800 1835 114 29 Unsinn
936 1835 210 30 Lehrkanzeln
1168 1835 170 33 begründet

151 1875 51 28 hat
230 1877 47 28 die
308 1875 176 34 Pädagogik
513 1878 58 27 wie
602 1877 97 29 nichts
729 1881 85 26 sonst
844 1877 245 34 vernachlässigt
1118 1879 82 32 oder,
1230 1878 107 29 besser

150 1920 118 30 gesagt,
287 1918 224 34 vergewaltigt.
552 1919 31 28 In
603 1919 43 28 ihr
665 1919 139 29 herrscht
825 1921 46 27 die
891 1922 71 30 gute
981 1919 59 29 alte
1059 1920 278 33 Volkspädagogik,

152 1961 46 27 die
217 1959 179 34 Pädagogik
416 1961 54 28 der
487 1961 106 34 Knute,
615 1962 46 28 die
682 1962 57 28 den
757 1961 216 29 Lohnsklaven
993 1963 59 27 und
1072 1963 57 27 den
1148 1962 189 28 Untertanen

151 2002 159 35 ausbildet,
327 2004 53 32 sie,
400 2003 45 29 die
464 2012 34 20 so
515 2004 60 31 viel
593 2004 51 28 auf
661 2004 47 28 die
728 2006 125 26 neueste
872 2004 225 29 Wissenschaft
1113 2005 72 32 gibt,
1203 2004 135 33 begnügt

151 2045 64 29 sich
238 2047 53 27 mit
318 2046 56 28 den
399 2045 319 34 Erziehungskünsten
743 2055 62 19 von
830 2046 136 29 ehedem.
1009 2047 73 28 Man
1108 2046 86 29 stelle
1220 2046 64 28 sich
1308 2048 27 26 in

152 2093 125 23 unserer
304 2088 64 28 Zeit
395 2090 81 26 etwa
503 2088 47 30 die
577 2090 80 30 gute,
685 2089 61 27 alte
772 2088 226 29 Volksmedizin
1024 2097 66 24 vor,
1119 2090 27 27 in
1173 2089 52 28 der
1252 2088 84 32 jeder

153 2128 98 29 Bader
284 2129 75 29 nach
391 2128 115 31 seiihem
539 2129 116 33 Rezept
685 2130 124 33 kuriert,
840 2131 84 31 jeder
954 2130 206 33 Kurpfuscher
1191 2131 50 28 auf
1272 2131 63 27 sein
