3482 4391
1695 136 101 48 146

177 287 81 49 der
287 285 351 66 abspannenden
661 285 156 62 Länge
846 282 80 47 der
955 282 126 64 Oper
1093 280 186 47 —denn
1312 278 113 49 auch
1457 277 70 47 die
1556 276 133 49 dritte

176 364 290 62 Vorstellung
491 361 203 55 dauerte,
718 367 112 40 trotz
854 360 80 47 der
957 372 414 49 vorgenommenen
1396 356 293 62 Kürzungen,

177 440 203 48 dennoch
423 455 84 30 von
540 435 108 68 7'/4
680 437 98 48 Uhr
816 437 64 46 bis
926 435 62 48 12
1021 433 97 50 Uhr
1157 432 70 48 20
1260 433 203 47 Minuten
1585 446 103 32 man

176 517 149 47 solche
356 515 166 47 Stücke
553 513 120 47 nicht
701 512 102 48 dem
833 511 244 48 Rothstifte
1105 508 212 49 verfallen
1349 508 123 47 lässt!
1505 507 152 47 Entwe-

176 592 80 48 der
285 607 119 31 muss
433 591 70 47 die
534 590 127 63 Oper
699 590 166 47 halbirt
907 587 88 48 und
1037 604 54 31 an
1138 586 107 47 zwei
1288 586 146 47 hinter
1474 583 215 48 einander

176 668 237 64 folgenden
445 666 222 48 Abenden
698 666 207 63 gegeben
938 663 199 54 werden,
1169 663 84 46 wie
1279 662 247 62 Wagner's
1548 661 112 48 Nibe-

174 748 167 63 lungen
372 761 55 32 an
458 743 153 49 dreien
640 742 111 50 oder
781 743 165 52 vieren,
990 741 110 48 oder
1138 741 69 47 ein
1241 739 161 47 Drittel
1433 738 81 47 der
1542 738 121 48 Parti-

173 832 74 38 tur
277 837 121 33 muss
426 819 255 66 gestrichen
705 819 197 49 werden.
933 819 114 46 Dass
1076 818 203 46 letzteres
1303 814 195 65 möglich
1522 816 54 47 ist
1598 813 91 50 und

176 899 160 49 höchst
367 897 369 49 wahrscheinlich
775 897 100 47 dem
911 893 176 50 Werke
1118 893 203 47 Vortheil
1361 892 201 54 brächte,
1609 892 80 48 das

172 978 54 46 ist
257 977 166 47 freilich
454 974 169 64 gerade
652 974 101 47 kein
785 973 116 52 Lob,
941 972 113 47 aber
1084 987 101 32 man
1217 969 107 49 darf
1345 986 46 32 es
1420 969 116 49 auch
1568 969 121 49 nicht

174 1053 116 48 bloss
318 1053 63 47 als
411 1051 141 48 Tadel
582 1051 76 47 des
691 1049 198 49 Werkes
920 1048 241 55 auffassen,
1200 1047 117 48 denn
1350 1047 99 48 kein
1481 1047 178 48 mensch-

171 1129 134 47 liches
327 1128 170 48 Gehirn
522 1126 90 49 und
638 1127 198 48 Gemüth
869 1126 91 48 hält
988 1124 72 49 die
1082 1127 331 61 Anstrengung
1443 1139 98 41 aus,
1560 1123 128 48 sechs

172 1207 66 47 bis
266 1206 152 48 sieben
449 1204 207 50 Stunden
685 1206 105 62 lang
819 1203 148 48 Musik
996 1221 50 29 zu
1080 1203 142 48 hören
1267 1200 90 49 und
1390 1202 301 48 unverwandt

171 1286 66 45 ins
266 1283 200 48 Gaslicht
496 1282 89 48 und
616 1283 82 47 auf
720 1282 70 47 die
819 1280 168 49 Pracht
1016 1280 82 47 der
1122 1279 334 48 Decorationen
1488 1278 88 48 und
1609 1278 82 49 der

171 1360 215 47 Costume
422 1377 53 29 zu
512 1359 214 50 schauen.
781 1358 150 48 Selbst
962 1357 311 48 Bewunderer
1300 1372 83 32 von
1414 1355 151 55 allem,
1595 1372 94 32 was

174 1435 270 66 Meyerbeer
485 1435 150 56 heisst,
679 1435 85 47 wie
812 1453 34 29 z.
891 1435 48 47 B.
990 1434 245 65 Hippolyte
1283 1434 185 47 Prevost
1517 1433 40 47 in
1608 1432 80 49 der

181 1514 199 60 France,
417 1531 187 31 warnen
642 1513 71 48 die
750 1513 158 63 Regie,
955 1512 80 48 der
1066 1512 270 63 Ermüdung
1374 1510 124 49 nicht
1534 1510 155 49 Macht

169 1592 116 48 über
313 1592 71 48 die
412 1590 355 65 Bewunderung
809 1608 50 29 zu
902 1589 171 65 geben;
1115 1606 46 31 es
1190 1589 61 48 sei
1282 1588 273 65 gefährlich,
1594 1588 93 48 sich

167 1687 52 29 zu
248 1673 98 61 spät
374 1686 52 30 zu
456 1668 410 63 durchgreifenden
899 1667 360 64 Verkürzungen
1294 1683 55 31 zu
1378 1664 310 57 entscheiden,

169 1747 98 47 weil
299 1745 293 49 unterdessen
623 1745 69 49 die
732 1745 162 47 einmal
935 1743 338 66 empfundenen
1303 1743 262 48 Eindrücke
1593 1743 93 48 sich

168 1823 231 48 festsetzen
431 1821 90 49 und
550 1821 121 50 dann
699 1823 178 47 schwer
906 1820 170 50 wieder
1105 1838 52 30 zu
1189 1819 272 67 bekämpfen
1490 1819 113 49 sind.

282 1899 113 49 Eine
426 1900 260 48 Ouvertüre
729 1898 190 53 hat,die
955 1899 129 65 Oper
1126 1898 147 49 nicht:
1316 1898 71 48 die
1425 1898 263 64 Einleitung

168 1976 184 49 benutzt
380 1976 79 49 mit
489 1978 139 48 feiner
651 1976 414 65 Instrumentirung
1094 1993 84 32 von
1203 1976 486 56 Blas-Instrumenten,

169 2054 142 48 Harfe
347 2054 91 48 und
480 2055 83 48 auf
597 2055 83 47 den
719 2054 150 48 hohen
912 2055 159 47 Tönen
1109 2053 339 49 schwirrenden
1479 2053 209 49 Violinen

164 2133 108 45 zwei
303 2133 165 47 Motive
498 2133 80 47 der
606 2133 117 53 In&s,
764 2133 122 47 eines
915 2147 81 31 aus
1025 2131 123 47 ihrer
1178 2139 148 39 ersten
1357 2131 249 55 Romanze,
1642 2131 45 47 in

167 2209 197 48 welcher
390 2209 62 47 sie
480 2208 92 49 sich
602 2224 56 32 an
682 2208 85 48 den
793 2206 227 50 Abschied
1044 2208 184 48 Vasco's
1256 2224 85 32 von
1369 2208 73 48 ihr
1470 2209 218 57 erinnert,

167 2286 89 49 und
285 2286 80 49 das
391 2288 158 48 zweite
590 2303 80 32 aus
699 2286 103 49 dem
832 2286 177 65 Septett
1046 2288 59 47 im
1145 2286 188 49 zweiten
1363 2286 130 60 Acte,
1532 2286 159 50 womit

164 2365 62 47 sie
256 2365 92 47 ihm
379 2364 122 49 seine
531 2364 201 49 Freiheit
759 2364 267 65 ankündigt.
1058 2364 230 48 Hiernach
1317 2364 174 48 scheint
1519 2380 46 33 es
1588 2364 101 57 fast,

165 2443 64 47 als
261 2441 117 49 habe
405 2441 82 49 der
511 2441 263 66 Componist
803 2440 70 50 die
903 2443 101 47 In&s
1033 2443 63 47 als
1119 2441 334 65 Haupt-Partie
1476 2441 213 66 gedacht,

165 2535 93 31 was
286 2519 64 47 sie
378 2519 111 48 aber
518 2519 103 48 dem
653 2517 220 51 Gedichte
901 2519 115 48 nach
1047 2534 84 48 gar
1160 2519 120 48 nicht
1308 2519 66 48 ist.
1425 2519 129 49 Nach
1584 2517 103 50 dem

165 2597 209 63 Aufzuge
397 2595 76 49 des
499 2596 270 65 Vorhanges
789 2596 119 64 singt
931 2597 98 47 Inös
1052 2596 115 48 nach
1197 2596 146 48 einem
1376 2596 169 50 kurzen
1574 2596 92 50 reci-

164 2674 261 48 tativischen
449 2675 167 63 Dialog
645 2674 72 48 die
738 2675 248 56 Romanze,
1016 2674 171 48 welche
1214 2674 72 48 ihr
1315 2674 233 50 Geliebter
1576 2675 116 48 einst

164 2769 99 29 zum
308 2751 256 50 Abschiede
606 2768 142 48 sang:
790 2749 195 63 „Adieu,
1013 2749 97 53 rive
1136 2751 64 51 du
1237 2751 121 69 Tage
1466 2754 85 48 Die
1592 2752 64 49 Me-

165 2829 116 48 lodie
310 2830 54 47 ist
393 2830 139 48 weich
565 2829 92 49 und
686 2829 158 57 schön,
874 2829 112 49 aber
1015 2830 64 48 als
1107 2831 100 47 Ines
1236 2830 98 48 ihre
1364 2831 190 65 eigenen
1578 2831 74 47 Em-

167 2905 279 66 pfindungen
477 2907 139 49 daran
648 2906 175 65 knüpft,
868 2907 112 47 wird
1019 2907 62 49 sie
1112 2907 345 50 walzerähnlich
1486 2907 93 50 und
1609 2924 53 48 ge-

167 2984 224 48 wöhnlich
436 2985 90 48 und
569 2985 200 48 schliesst
811 3003 82 48 gar
938 2986 78 47 mit
1060 2987 125 47 einer
1226 3003 112 48 ganz
1372 2985 316 67 unpassenden

167 3061 231 48 Roulade!

282 3140 94 47 Der
404 3140 177 62 Einzug
610 3138 77 49 des
719 3140 147 48 hohen
891 3141 170 48 Rathes
1094 3141 89 48 und
1214 3141 80 50 der
1324 3142 137 50 zwölf
1480 3142 209 50 Bischöfe

164 3215 97 64 gibt
290 3217 298 64 Gelegenheit
616 3234 52 30 zu
708 3217 146 48 einem
897 3218 151 49 scharf
1087 3218 89 49 und
1222 3220 207 63 punktirt
1467 3220 193 66 rhythmi-

165 3293 135 49 sirten
333 3296 222 47 Marsche.
601 3296 84 47 Die
714 3296 144 48 Scene
889 3296 187 63 beginnt
1107 3298 78 47 mit
1213 3300 125 45 einer
1368 3300 86 47 Art
1481 3316 85 32 von
1598 3300 60 47 Ge-

169 3371 89 53 bet,
301 3372 124 48 einer
454 3373 245 64 Anrufung
743 3375 78 47 des
865 3375 192 63 heiligen
1098 3375 174 48 Geistes
1312 3376 142 49 durch
1500 3376 71 48 die
1615 3377 49 47 Bi-

164 3447 151 50 schöfe
436 3451 146 47 einem
633 3451 283 62 imposanten
967 3452 202 47 Unisono
1220 3469 83 31 von
1352 3455 336 48 Dassstimmen.

167 3526 137 54 Alles,
347 3544 91 31 was
483 3528 65 49 bis
588 3545 101 30 zum
722 3530 288 47 Actschlusse
1043 3530 124 64 folgt,
1213 3530 140 48 bildet
1395 3531 70 48 ein
1509 3547 179 47 grosses

171 3602 168 56 Finale,
378 3605 41 47 in
451 3606 217 48 welchem
706 3607 73 47 die
809 3607 278 64 Gegensätze
1127 3607 223 50 zwischen
1386 3608 88 49 den
1504 3610 158 48 Fanati-

167 3681 110 47 kern
308 3681 77 48 des
417 3682 131 48 Alten
590 3683 87 49 und
709 3685 86 48 den
827 3685 280 64 Anhängern
1143 3685 78 49 des
1251 3687 162 48 Neuen
1452 3705 51 29 zu
1534 3686 132 49 effect-

164 3758 144 48 vollen
341 3760 183 48 Chören
555 3761 181 49 benutzt
764 3762 113 56 sind,
907 3762 137 50 deren
1077 3763 226 66 mächtige
1330 3765 238 64 Wirkung
1595 3765 94 48 sich

164 3843 90 40 erst
281 3837 43 48 in
355 3836 82 49 der
470 3837 367 67 Wiederholung
866 3838 77 51 des
976 3841 197 48 Unisono
1204 3842 89 48 und
1325 3842 160 50 zuletzt
1512 3843 43 49 in
1585 3842 103 48 dem

168 3913 190 50 Fluche:
766 3917 168 66 gipfelt.
964 3918 85 49 Die
1073 3920 195 49 Melodie
1292 3921 202 57 Vasco's,
1518 3921 173 48 welche

167 3991 78 48 das
276 3993 296 64 Hauptmotiv
604 3994 78 50 des
712 3996 158 48 letzten
903 3997 266 48 Ensembles
1207 3997 155 56 bildet,
1401 3998 167 65 gehört
1597 3998 69 49 kei-

167 4085 204 50 neswegs
413 4090 52 29 zu
508 4073 85 48 den
634 4073 319 65 originelsten:
993 4074 64 50 sie
1100 4074 78 50 hat
1214 4085 140 42 etwas
1385 4077 304 48 Italiänisches

1788 294 83 31 von
1903 277 80 48 der
2012 278 345 64 gewöhnlichen
2389 278 150 56 Sorte,
2582 278 131 49 allein
2746 277 69 48 die
2849 277 338 65 Verarbeitung
3225 277 90 48 und

1787 353 325 66 Entwicklung
2148 356 53 47 ist
2230 355 281 48 meisterhaft
2549 355 90 47 und
2671 353 153 49 macht
2851 352 121 50 diese
3001 353 226 51 Nummer
3263 370 55 32 zu

1788 431 125 47 einer
1942 431 81 49 der
2053 432 353 65 imposantesten
2436 432 81 47 der
2545 447 173 49 ganzen
2750 431 142 63 Oper.
2934 431 107 46 Man
3071 430 248 63 vergleicht

1787 507 62 48 sie
1881 508 79 47 mit
1988 508 80 49 der
2097 525 187 48 grossen
2307 510 144 47 Scene
2481 510 58 45 im
2571 508 167 47 vierten
2764 508 114 47 Acte
2907 506 82 48 der
3019 507 297 64 Hugenotten

1874 585 62 48 sie
1968 586 77 48 hat
2074 595 141 40 etwas
2246 586 273 49 Aehnliches
2548 586 43 47 in
2622 585 81 48 der
2736 586 154 54 Form,
2921 583 248 48 besonders
3198 585 118 48 auch

1788 661 143 48 durch
1962 662 86 48 den
2078 663 116 49 eben
2218 678 48 34 so
2291 663 86 47 wie
2399 662 102 48 dort
2524 662 43 47 in
2591 661 381 63 abgebrochener
2998 659 180 49 Cadenz
3199 661 116 48 nach

1788 739 125 47 einer
1955 741 147 47 Pause
2145 739 411 66 herbeigeführten
2599 738 207 48 Schluss:
2849 737 132 48 allein
3024 737 80 48 das
3135 738 150 65 Haupt-

1790 816 134 48 motiv
1956 816 120 48 kann
2105 817 91 48 sich
2228 818 81 47 mit
2337 817 102 48 dem
2470 817 44 51 in
2544 816 87 48 den
2658 816 298 63 Hugenotten
2978 813 125 48 nicht
3127 831 189 32 messen.

1903 893 65 47 Im
1998 894 189 47 zweiten
2218 896 113 47 Acte
2361 894 192 49 erkennt
2591 910 103 31 man
2735 892 71 49 die
2836 891 135 49 Hand
3003 891 78 49 des
3111 892 207 49 Meisters

1788 971 130 49 mehr
1947 971 43 47 in
2021 971 80 48 der
2130 972 178 48 Manier
2337 971 81 49 der
2450 973 183 55 Factur,
2664 971 63 48 als
2756 972 59 47 im
2848 969 204 47 wirklich
3081 969 238 56 Schönen;

1787 1047 206 51 dasselbe
2023 1048 206 48 herrscht
2258 1048 124 48 nicht
2411 1048 131 48 mehr
2570 1063 95 41 vor,
2695 1047 122 48 seine
2846 1046 232 48 einzelnen
3109 1044 92 49 und
3231 1046 64 48 sel-

1786 1134 136 40 tenen
1951 1126 127 63 Züge
2116 1124 186 50 werden
2341 1124 143 50 durch
2515 1123 80 51 das
2627 1124 152 49 Ganze
2822 1123 131 47 mehr
3004 1122 315 57 unterdrückt,

1787 1204 64 47 als
1880 1202 227 66 gehoben.
2139 1204 97 47 Der
2266 1203 183 65 Gesang
2478 1202 81 49 der
2589 1200 209 60 Selika,
2831 1199 71 48 die
2933 1199 72 48 bei
3036 1200 103 49 dem
3169 1199 123 50 schla-

1788 1280 163 50 fenden
1982 1280 147 49 Vasco
2159 1282 131 48 allein
2321 1282 71 56 ist,
2421 1280 80 49 hat
2530 1280 99 50 eine
2660 1287 156 47 matte,
2851 1278 341 48 charakterlose
3221 1278 65 48 Me-

1787 1358 118 49 lodie
1933 1358 43 47 in
2007 1355 188 64 A-moll,
2227 1358 174 49 welche
2429 1358 143 48 durch
2605 1357 80 49 das
2712 1355 280 50 Violin-Solo
3023 1355 124 49 nicht
3175 1354 116 65 geho-

1788 1435 87 49 ben
1907 1434 130 56 wird,
2077 1435 114 49 noch
2224 1435 205 65 weniger
2457 1434 142 48 durch
2632 1433 87 49 den
2750 1451 84 30 von
2864 1432 217 49 Anderen
3113 1430 92 49 und
3234 1447 86 33 von

1787 1512 271 67 Meyerbeer
2084 1513 140 48 selbst
2251 1512 335 49 verbrauchten
2619 1509 299 65 Wettkampf
2945 1526 87 31 von
3062 1509 132 48 Flöte
3226 1508 94 48 und

1786 1590 295 65 Singstimme
2101 1590 44 49 in
2168 1589 320 66 gekünstelten
2514 1589 216 65 Figuren.
2760 1588 133 48 Mehr
2910 1587 234 48 Eindruck
3168 1585 155 49 macht

1787 1667 73 49 die
1879 1668 326 48 Bariton-Arie
2228 1667 77 49 des
2333 1667 280 57 Nelusko,
2642 1665 82 50 der
2746 1664 85 50 den
2855 1663 294 49 schlafenden
3172 1663 149 48 Vasco

1787 1745 245 50 ermorden
2064 1747 105 54 will,
2213 1747 86 48 wie
2328 1745 120 50 denn
2490 1744 265 65 überhaupt
2783 1744 72 47 die
2886 1743 131 48 Holle
3045 1741 144 50 dieses
3220 1741 68 49 Ma-

1788 1824 147 65 layen,
1965 1821 112 50 oder
2107 1839 93 33 was
2230 1841 49 30 er
2307 1830 125 41 sonst
2458 1823 95 48 sein
2584 1838 125 48 mag,
2737 1819 74 49 die
2840 1820 173 64 einzige
3041 1819 68 56 ist,
3149 1818 174 49 welche

1787 1900 83 48 der
1895 1900 186 48 Meister
2109 1899 589 51 dramatisch-musicalisch
2727 1915 55 32 zu
2811 1896 382 50 charakterisiren
3224 1912 75 33 ver-

1788 1978 133 49 sucht
1951 1978 95 57 hat,
2091 1979 211 48 wiewohl
2332 1978 83 49 der
2445 1978 267 64 Componist
2749 1976 43 47 in
2824 1975 86 48 den
2940 1974 272 48 Ensembles
3243 1971 80 50 der

1790 2055 303 66 begonnenen
2125 2055 362 50 Charakteristik
2526 2055 117 48 auch
2684 2053 123 49 nicht
2844 2062 100 39 treu
2981 2051 244 66 geblieben
3254 2051 67 47 ist.

1787 2135 88 46 Die
1904 2142 230 57 genannte
2163 2134 109 47 Arie
2312 2134 56 47 ist
2394 2134 61 47 im
2486 2133 214 63 Anfange
2727 2131 108 49 sehr
2862 2130 158 57 schön,
3061 2130 112 64 geht
3212 2128 113 49 aber

1788 2211 204 49 nachher
2029 2210 67 48 ins
2126 2210 229 50 Gesuchte
2393 2209 133 57 über,
2563 2227 50 31 so
2642 2209 103 48 dass
2774 2208 71 48 die
2877 2206 296 65 Bemerkung
3202 2206 122 47 eines

1787 2289 239 52 Journals:
2067 2286 87 59 „Ce
2605 2303 217 34 morceau
2860 2303 115 34 nous

1795 2380 86 51 que
2112 2402 45 20 ,
2158 2365 70 48 den
2258 2365 149 65 Nagel
2436 2365 83 48 auf
2542 2365 87 48 den
2657 2363 130 66 Kopf
2808 2361 125 50 trifft.
2987 2363 96 46 Das
3112 2360 212 66 folgende

1790 2446 143 47 Duett
1959 2443 223 50 zwischen
2213 2443 152 49 Selika
2397 2443 93 49 und
2520 2443 165 55 Vasco,
2714 2441 80 49 das
2826 2441 80 47 mit
2934 2439 83 49 der
3045 2437 251 68 geographi-

1788 2521 138 50 schen
1947 2521 188 50 Lection
2161 2521 210 64 anfängt,
2401 2521 56 49 ist
2478 2523 102 47 eine
2601 2520 83 50 der
2705 2517 312 51 schwächsten
3041 2519 283 47 Nummern:

1790 2600 118 48 Text
1951 2597 90 54 und
2072 2597 150 50 Musik
2263 2599 159 48 stehen
2465 2599 83 48 auf
2582 2597 146 65 gleich
2766 2595 232 65 niedriger
3027 2594 143 49 Stufe.
3227 2595 97 47 Das

1788 2677 195 67 Septett,
2026 2676 196 48 welches
2260 2675 71 49 bei
2371 2676 115 48 Inks'
2530 2675 92 49 und
2661 2676 105 47 Don
2798 2672 187 50 Pedro's
3013 2671 189 50 Eintritt
3245 2671 53 48 be-

1788 2756 130 65 ginnt
1962 2754 89 50 und
2095 2754 80 49 das
2205 2755 159 48 Finale
2406 2754 78 49 des
2525 2755 188 48 zweiten
2744 2754 135 48 Actes
2924 2750 157 57 bildet,
3122 2751 107 48 lässt
3266 2766 55 32 an

1790 2834 207 49 wahrem
2029 2831 342 51 musicalischen
2403 2832 167 49 Gehalt
2597 2830 93 51 und
2719 2829 277 50 namentlich
3027 2844 56 33 an
3114 2826 178 51 Charak-

1788 2911 176 51 teristik
2003 2910 81 49 der
2126 2909 391 49 verschiedensten
2548 2907 377 68 Empfindungen
2963 2905 84 49 der
3075 2905 224 65 Betheilig-

1790 2998 73 40 ten
1909 2987 156 66 (vergl.
2098 2986 85 51 den
2215 2987 150 50 Inhalt
2393 2987 80 50 der
2502 2989 146 48 Scene
2679 2987 40 49 in
2752 2985 82 49 der
2862 2984 185 64 vorigen
3078 2981 243 65 Nummer)

1788 3070 83 48 viel
1894 3086 53 31 zu
1973 3066 247 50 wünschen
2244 3066 150 65 übrig.
2426 3067 95 47 Der
2544 3066 186 64 Anfang
2758 3062 236 50 desselben
3018 3062 54 47 ist
3094 3061 231 56 schwach,

1790 3147 91 50 und
1905 3147 71 49 die
2001 3144 387 66 Verwunderung
2412 3145 189 48 Selika's
2631 3144 116 49 über
2769 3144 86 47 den
2882 3141 185 48 weissen
3086 3140 134 47 Teint
3243 3138 81 49 der

1788 3226 119 55 In&s,
1937 3224 70 48 bei
2039 3224 137 48 deren
2209 3221 195 50 Anblick
2434 3222 62 49 sie
2526 3221 198 50 ausruft:

1787 3300 151 53 veines
1962 3316 47 35 se
2030 3298 139 72 glisse
2265 3300 112 48 wird
2401 3298 143 50 durch
2570 3298 71 49 die
2664 3296 337 51 chromatische
3025 3293 298 66 absteigende

1790 3380 232 49 Tonleiter
2050 3379 83 48 der
2162 3379 129 46 Flöte
2318 3377 119 54 noch
2469 3377 272 48 komischer.
2789 3373 219 50 Nachher
3037 3371 165 49 erhebt
3230 3372 94 48 sich

1788 3460 72 48 die
1889 3459 148 48 Musik
2081 3465 142 39 etwas
2266 3456 147 56 mehr,
2459 3456 132 48 allein
2633 3455 79 48 das
2760 3452 272 66 eigentliche
3072 3451 157 48 Finale
3269 3451 55 47 ist

1788 3554 114 45 ganz
1931 3535 81 51 auf
2035 3533 279 50 italiänische
2342 3533 178 49 Manier
2557 3531 317 67 geschrieben,
2915 3530 43 48 d.
2991 3528 41 52 b.
3076 3527 82 48 der
3188 3528 102 49 Com-

1788 3615 148 64 ponist
1966 3615 234 48 kümmert
2234 3611 92 48 sich
2356 3612 125 48 nicht
2507 3612 60 47 im
2600 3611 274 63 Geringsten
2906 3625 75 30 um
3014 3607 71 48 die
3117 3606 179 48 Charak-

1787 3692 174 50 teristik
1985 3691 80 48 der
2087 3692 251 52 Personen,
2366 3690 197 48 sondern
2587 3706 89 32 nur
2699 3705 76 30 um
2801 3686 71 48 die
2896 3683 430 65 Geltendmachung

1788 3770 82 49 der
1904 3771 163 63 Haupt
2095 3766 213 58 Melodie,
2355 3785 51 32 zu
2458 3767 139 48 deren
2648 3767 148 64 Sang-
2848 3763 90 50 und
2990 3762 338 64 Klangbarkeit

1790 3848 85 49 alle
1921 3847 120 48 ohne
2083 3845 299 49 Unterschied
2420 3843 257 50 mitwirken
2721 3847 195 45 müssen.
2973 3842 74 47 Da
3075 3838 149 50 indess
3253 3838 72 49 die

1791 3927 277 64 Steigerung
2106 3923 43 49 in
2195 3923 184 50 solchen
2411 3923 155 49 Fällen
2610 3940 54 30 zu
2705 3920 279 50 verbraucht
3010 3918 73 57 ist,
3126 3935 49 32 so
3221 3918 105 49 lässt

1791 4003 269 66 Meyerbeer
2109 4001 187 49 diesmal
2346 4001 80 49 das
2463 4000 253 50 Orchester
2764 4000 162 48 zuletzt
2972 4014 113 48 ganz
3133 3996 164 48 schwei-

1790 4100 87 46 gen
1921 4081 90 48 und
2058 4078 72 50 die
2168 4078 225 51 Stimmen
2440 4080 178 48 allein
2667 4078 168 65 gehen,
2885 4083 133 41 unter
3061 4074 147 49 denen
3255 4073 70 50 die
