3530 4361
1721 168 87 52 162

1538 292 12 13 -5
1569 292 7 11 '

203 305 125 66 düng
360 306 87 48 und
478 303 245 51 natürliche
742 305 397 67 Verherrlichung.
1169 306 122 49 Ganz
1322 307 41 48 in
1395 306 77 49 der
1504 306 123 49 Stille
1658 306 52 49 be-

202 388 116 49 trieb
348 388 60 47 sie
438 387 96 48 ihre
564 404 146 33 neuen
742 388 188 49 Studien
960 406 101 31 zum
1092 390 247 66 Triumphe
1369 390 118 47 ihrer
1518 390 217 49 Lehrerin

205 470 89 48 und
337 470 117 48 ihres
484 470 188 57 Vaters;
715 470 141 48 durch
902 471 93 48 ihre
1040 471 403 66 Empfänglichkeit
1487 471 69 48 für
1599 480 140 56 guten

202 551 282 51 Geschmack
515 551 155 48 wurde
700 567 47 32 es
777 552 80 49 der
888 554 188 47 Stimme
1115 552 270 57 erleichtert,
1429 554 90 48 sich
1552 552 69 49 die
1653 571 55 47 gu-

203 641 78 40 ten
311 632 228 49 Manieren
569 632 167 49 schnell
771 635 292 65 anzueignen.
1133 635 133 56 „Man
1299 642 98 58 sagt
1429 635 182 48 immer:
1658 651 80 32 aus

203 715 80 49 der
313 715 186 47 Stimme
531 714 139 66 klingt
700 715 69 48 die
1026 720 204 44 äusserte
1263 717 148 49 Fräul.
1442 717 61 49 M.
1533 735 56 31 zu
1621 717 119 47 ihrer

205 795 258 49 Schülerin:
496 794 101 49 dem
625 796 175 66 zufolge
821 802 199 44 müssten
1034 797 72 49 Sie
1134 797 68 49 ein
1230 799 189 48 weiches
1445 799 194 48 Gemüth
1664 800 51 47 ha-

201 876 88 50 ben
304 895 10 38 ;
346 877 77 49 der
441 877 193 49 Himmel
659 879 212 48 bewahre
891 880 71 47 Sie
988 898 85 30 nur
1094 896 77 31 vor
1188 879 194 50 Cabalen
1407 881 91 48 und
1522 881 189 48 Erschüt-

205 968 237 57 terungen,
473 959 171 48 welche
673 960 79 48 der
775 961 129 48 Seele
930 961 67 48 die
1028 960 254 51 Weichheit
1307 962 169 49 rauben

333 1041 117 47 Wer
480 1040 108 48 aber
630 1044 313 63 gegenwärtig
977 1042 77 49 mit
1084 1042 85 49 den
1202 1042 407 53 verdriesslichsten
1641 1045 66 50 Wi-

202 1122 395 67 derwärtigkeiten
643 1143 53 29 zu
743 1125 206 66 kämpfen
996 1126 136 56 hatte,
1179 1143 94 32 war
1312 1126 150 50 Fräul.
1492 1128 60 47 M.
1585 1126 154 57 selbst,

206 1204 118 49 ohne
349 1202 164 67 jedoch
544 1205 206 50 Schaden
779 1223 54 32 an
865 1206 79 50 der
971 1206 128 49 Seele
1131 1208 109 48 oder
1270 1225 52 30 an
1355 1208 79 48 der
1466 1209 188 47 Stimme
1684 1225 54 31 zu

205 1285 208 50 nehmen.
468 1288 75 47 Ihr
574 1286 299 66 Selbstgefühl
917 1305 93 31 war
1054 1288 69 49 die
1153 1290 182 65 Kapsel,
1381 1289 170 48 welche
1580 1289 160 49 Beides

209 1368 243 48 schützend
493 1368 257 49 einschloss.
802 1371 92 46 Der
925 1370 122 48 Sohn
1091 1371 76 49 des
1208 1370 419 59 Musik-Directors,
1672 1371 68 49 ein

205 1449 312 58 Musik-Geck,
539 1450 109 48 aber
667 1451 98 49 kein
781 1451 231 58 Künstler,
1045 1453 213 48 bemühte
1288 1453 89 48 sich
1409 1453 124 64 eifrig
1564 1470 73 32 um
1672 1454 68 48 die

205 1530 148 48 Gunst
384 1530 77 48 des
490 1531 152 49 Fräul.
673 1531 60 49 M.
764 1534 133 47 Zwar
925 1533 122 49 nicht
1076 1534 115 48 ohne
1225 1534 304 49 musicalische
1560 1535 150 47 Befähi-

206 1629 138 47 gung,
375 1611 107 49 aber
512 1630 53 32 zu
597 1613 193 67 bequem
818 1615 90 48 und
931 1615 285 65 eingebildet,
1246 1617 217 64 gedachte
1494 1633 48 32 er
1571 1617 70 48 lür
1672 1617 68 48 die

207 1694 200 48 Zukunft
451 1695 57 47 im
540 1695 166 49 Glänze
736 1697 269 49 väterlichen
1034 1698 245 48 Einflusses
1310 1699 91 48 und
1429 1699 310 48 Nachruhmes

207 1793 56 29 zu
295 1774 129 50 leben
456 1777 90 48 und
578 1777 121 48 seine
729 1778 156 66 eigene
916 1778 212 49 Existenz
1174 1779 198 48 dadurch
1404 1779 251 65 begründet
1686 1798 52 31 zu

207 1855 165 50 finden.
403 1859 94 46 Der
518 1858 397 58 Musik-Director,
945 1859 182 51 obwohl
1157 1862 217 64 ärgerlich
1406 1862 111 48 über
1547 1862 84 48 den
1660 1879 53 31 un-

206 1938 234 66 würdigen
464 1939 138 57 Sohn,
633 1957 96 32 war
757 1940 114 49 doch
902 1943 237 63 egoistisch
1174 1944 87 47 und
1294 1943 138 48 dreist
1461 1961 165 48 genug,
1658 1944 61 48 oft-

205 2020 110 50 mals
347 2020 368 68 Compositionen
739 2023 249 58 desselben,
1018 2025 168 49 welche
1217 2025 70 49 nie
1316 2025 69 49 die
1407 2027 307 64 Mittelmässig-

205 2100 90 50 keit
339 2102 301 66 überstiegen,
687 2104 99 48 dem
819 2105 233 49 Publicum
1082 2107 313 48 vorzulühren.
1442 2108 170 55 Dieses,
1656 2123 79 32 aus

203 2183 300 67 übergrosser
523 2185 243 50 Rücksicht
786 2188 68 47 lür
879 2188 85 48 den
988 2189 271 56 namhaften,
1291 2189 292 49 verwöhnten
1603 2189 100 49 Com-

203 2267 223 65 ponisten,
471 2268 193 48 welcher
709 2269 79 47 der
830 2269 320 50 künstlerische
1181 2271 286 52 Glanzpunkt
1509 2273 77 47 des
1622 2273 81 46 Für-

205 2348 254 48 stenthums
483 2366 109 39 war,
621 2349 132 49 nahm
785 2351 196 48 wirklich
1012 2370 87 29 nur
1129 2353 263 64 deswegen
1424 2353 68 48 die
1512 2354 226 49 Producte

206 2429 145 49 seines
381 2431 174 48 Sohnes
586 2429 202 50 duldsam
819 2433 87 48 auf.
940 2434 91 45 Der
1062 2434 378 49 Musik-Director
1472 2434 122 49 hätte
1626 2452 108 47 gern

203 2511 152 49 seinen
388 2511 123 48 Sohn
541 2511 62 48 als
631 2512 267 66 Nachfolger
941 2514 211 64 gesehen.
1197 2516 170 47 Jedoch
1399 2516 166 48 konnte
1595 2516 145 49 dieser

206 2592 109 48 Plan
346 2593 133 47 leicht
510 2593 316 65 missglücken,
868 2596 87 47 und
988 2612 49 31 er
1066 2612 108 32 sann
1205 2597 136 47 daher
1371 2598 80 47 auf
1473 2605 140 41 etwas
1644 2598 62 47 An-

205 2674 143 49 deres.
381 2674 151 49 Fräul.
563 2674 61 49 M.
657 2674 122 49 hatte
797 2676 228 57 Aussicht,
1057 2677 118 47 nicht
1207 2677 119 48 bloss
1359 2678 141 48 durch
1522 2679 187 49 Vermitt-

202 2756 109 64 lung
342 2756 77 48 des
445 2756 419 59 Musik-Directors,
887 2758 194 48 sondern
1105 2760 333 66 hauptsächlich
1471 2761 138 48 durch
1640 2762 91 47 ihre

203 2837 277 65 Leistungen
502 2837 152 58 selbst,
683 2838 64 49 als
762 2840 424 64 Kammersängerin
1205 2841 239 65 angestellt
1462 2860 52 30 zu
1534 2843 196 49 werden.

202 2918 83 50 Als
314 2918 151 50 solche
496 2920 154 48 würde
694 2921 61 48 sie
785 2921 88 48 ihm
904 2939 79 31 zur
1014 2922 334 65 Abhängigkeit
1378 2923 90 49 und
1499 2925 205 49 Dankbar-

202 3000 92 49 keit
336 3001 275 66 verpflichtet
653 3002 108 57 sein,
807 3003 87 50 und
927 3003 169 49 sodann
1128 3005 62 48 als
1223 3006 117 47 Frau
1386 3006 142 48 seines
1560 3007 175 48 Sohnes

202 3081 125 49 ihren
371 3082 351 50 künstlerischen
766 3086 94 47 Ruf
898 3086 79 47 auf
1028 3086 158 48 dessen
1231 3087 170 48 Namen
1448 3087 285 66 übertragen.

202 3163 154 49 Fräul.
371 3165 61 48 M.
460 3181 94 32 war
574 3165 108 49 aber
705 3184 53 30 zu
784 3166 249 65 geistreich,
1059 3185 74 30 um
1158 3185 54 32 an
1237 3168 102 49 dem
1365 3168 171 66 jungen
1555 3170 181 48 Gecken

209 3243 114 50 auch
353 3261 87 31 nur
469 3245 76 48 das
577 3247 226 64 geringste
836 3248 221 49 Interesse
1099 3268 52 30 zu
1184 3248 164 58 finden,
1393 3251 91 48 und
1528 3252 182 46 anderer-

203 3326 110 49 seits
342 3344 52 30 zu
429 3327 121 65 klug,
581 3345 73 30 um
686 3328 67 47 ein
785 3348 161 47 ganzes
964 3330 313 66 Lebensglück
1308 3334 122 47 einer
1459 3332 276 65 glänzenden

203 3407 535 65 Schwiegervaterschalt
769 3428 50 29 zu
852 3412 169 63 opfern.
1052 3412 84 49 Die
1166 3414 326 64 Bemühungen
1524 3414 79 48 des
1622 3414 85 48 Soh-

203 3505 94 41 nes,
327 3506 49 31 so
407 3490 83 49 wie
522 3490 70 48 die
621 3490 338 65 Andeutungen
991 3492 76 49 des
1098 3495 161 48 Vaters
1301 3494 174 49 blieben
1509 3495 226 49 fruchtlos.

201 3571 216 48 Dadurch
449 3572 154 49 wurde
635 3574 79 47 der
744 3572 246 50 Zündstoff
1023 3575 78 47 der
1139 3576 133 47 üblen
1305 3579 153 47 Laune
1490 3595 246 47 genugsam

202 3652 261 66 angehäuft,
507 3655 89 47 und
639 3671 47 38 es
730 3654 207 49 bedurfte
981 3673 85 30 nur
1110 3656 118 48 eines
1259 3659 227 56 Funkens,
1531 3676 76 31 um
1650 3660 86 48 den

202 3735 121 48 Zorn
353 3753 54 29 zu
440 3734 297 54 entflammen,
842 3736 99 53 Und
974 3737 145 49 dieser
1152 3739 154 47 Funke
1350 3740 85 48 fiel.
1495 3741 147 48 Fräul.
1674 3741 62 50 M.

205 3816 231 48 wünschte
466 3816 41 48 in
537 3816 80 48 der
647 3816 147 48 Probe
823 3819 122 48 einer
977 3819 300 49 italienischen
1305 3821 125 65 Oper
1461 3821 76 50 das
1564 3824 172 65 Tempo

205 3896 359 66 beschleunigter
595 3914 54 32 zu
678 3897 122 49 einer
819 3900 117 47 Arie.
969 3900 80 48 Ein
1084 3901 308 48 Stirnrunzeln
1425 3903 75 48 des
1533 3903 177 64 Dirigen-

203 3988 75 39 ten
309 3996 94 32 war
433 3980 69 48 die
531 3981 230 47 Antwort.
819 3980 78 47 Bei
929 3981 77 47 der
1037 3981 290 66 Aufführung
1354 3983 80 49 der
1465 3985 125 66 Oper
1619 3985 117 48 blieb

203 4060 80 48 der
311 4061 212 50 Tactstab
553 4061 42 50 in
626 4061 145 50 seiner
802 4061 200 50 eisernen
1034 4064 276 64 Bewegung.
1344 4065 151 50 Fräul.
1523 4068 58 48 M.
1612 4066 123 59 aber,

1834 305 276 66 hingerissen
2143 325 81 30 von
2257 307 79 48 der
2368 307 325 51 dramatischen
2726 311 273 67 Steigerung
3028 313 91 49 und
3150 311 220 52 nebenbei

1833 387 171 48 alterirt
2049 388 139 49 durch
2229 390 78 48 das
2347 391 290 65 gewaltsame
2665 393 429 65 Entgegenwirken,
3137 395 100 49 liess
3279 397 91 49 sich

1833 486 86 31 von
1964 470 123 48 einer
2130 480 318 40 momentanen
2488 474 272 66 Eingebung
2804 476 228 58 verleiten,
3077 479 69 48 die
3175 479 193 49 Melodie

1833 567 54 31 zu
1918 550 174 51 treiben
2124 554 90 48 und
2246 554 215 49 nebenbei
2495 555 68 49 die
2594 556 218 48 schneller
2844 559 270 49 werdenden
3147 560 193 49 Tact-Be-

1834 647 253 50 wegungen
2131 635 79 48 mit
2251 636 99 48 dem
2384 637 141 50 Fusse
2567 639 118 55 leise,
2728 637 109 50 aber
2878 640 185 49 markirt
3091 642 279 66 anzugeben.

1832 714 91 48 Das
1945 714 249 49 Orchester
2218 716 137 66 folgte
2384 717 66 49 ihr
2484 719 338 58 unwillkürlich,
2853 720 83 48 wie
2968 721 144 50 einem
3136 724 126 64 Zuge
3292 724 78 49 des

1833 796 218 56 Herzens,
2083 796 93 48 und
2206 799 99 47 Alle
2337 800 206 49 schienen
2575 819 52 29 zu
2660 801 162 56 lühlen,
2865 802 101 49 dass
2997 802 145 51 dieser
3173 806 197 65 Vortrag

1834 877 79 49 der
1940 877 187 66 richtige
2158 880 90 49 und
2280 881 244 50 natürliche
2554 884 75 48 sei.
2675 884 133 48 Solch
2853 885 68 47 ein
2963 884 277 52 Abweichen
3284 905 86 32 von

1835 959 145 48 seiner
2009 960 253 49 Vorschrift
2293 979 94 32 war
2416 964 108 48 aber
2563 965 100 48 dem
2695 965 380 50 Musik-Director
3105 969 113 47 noch
3250 969 120 48 nicht

1835 1040 366 66 vorgekommen.
2229 1042 95 50 Ihm
2356 1045 201 48 erschien
2590 1046 76 49 das
2698 1048 82 47 wie
2812 1048 70 47 ein
2911 1048 150 64 Signal
3093 1049 80 48 der
3201 1051 136 65 Empö-

1835 1139 118 48 rung
1994 1139 145 48 gegen
2180 1125 119 48 seine
2340 1126 410 52 Alleinherrschaft.
2796 1130 121 48 Nach
2961 1129 262 68 beendigter
3254 1134 86 48 Vor-

1835 1204 195 65 stellung
2070 1204 341 53 überschüttete
2453 1227 48 30 er
2548 1210 77 48 das
2657 1210 486 52 Orchester-Personal
3177 1215 76 48 mit
3284 1215 86 50 den

1835 1284 240 66 heftigsten
2105 1288 270 49 Vorwürfen
2417 1290 89 50 und
2550 1290 215 66 kündigte
2796 1293 148 48 Fräul.
2975 1294 61 48 M.
3076 1295 93 48 ihre
3201 1313 140 48 augen-

1833 1366 231 50 blickliche
2093 1369 275 67 Entlassung
2407 1389 70 32 an.
2520 1374 96 48 Der
2646 1374 494 66 Schauspiel-Director
3169 1378 91 58 bat,
3291 1379 79 48 der

1833 1448 240 50 Intendant
2102 1451 174 49 machte
2307 1453 388 67 Einwendungen,
2735 1455 109 48 aber
2884 1456 129 50 desto
3053 1465 169 42 starrer
3251 1459 119 50 blieb

1833 1530 81 48 der
1942 1530 381 52 Musik-Director
2352 1533 70 49 bei
2453 1535 167 50 seinem
2646 1536 280 50 Beschlüsse.
2959 1539 176 50 Zuletzt
3165 1544 205 46 äusserte

1833 1629 48 31 er
1913 1613 68 48 die
2011 1614 249 71 Drohung:
2312 1618 276 54 „Entweder
2618 1619 108 65 geht
2754 1620 76 56 sie,
2870 1620 111 49 oder
3201 1624 136 47 Natür-

1834 1694 81 47 lich
1962 1703 172 41 musste
2178 1697 68 48 die
2282 1698 143 49 Dame
2469 1700 216 57 weichen,
2729 1700 181 49 obwohl
2956 1702 62 48 sie
3061 1721 174 48 ungern
3281 1722 85 32 von

1837 1775 142 50 einem
2012 1777 115 48 Orte
2157 1779 165 57 schied,
2366 1798 70 31 wo
2479 1782 63 48 sie
2585 1783 80 48 der
2693 1784 341 65 Anerkennung
3065 1788 162 62 gewiss
3259 1803 107 32 war.

1832 1858 91 48 Am
1955 1857 391 53 schmerzlichsten
2389 1863 205 66 empfand
2624 1865 238 49 Henriette
2905 1867 68 48 die
3004 1868 247 65 Trennung
3283 1886 85 31 von

1833 1939 123 48 einer
1985 1957 50 32 so
2067 1940 190 50 theuren
2286 1944 187 57 Person,
2520 1945 169 49 welche
2731 1945 68 49 ihr
2829 1947 375 59 Kunst-Vorbild,
3249 1949 89 49 Leh-

1832 2020 119 49 rerin
1981 2022 92 48 und
2102 2023 227 51 Freundin
2370 2027 245 63 geworden
2656 2044 105 34 war.
2818 2028 130 48 Doch
2980 2029 163 50 dankte
3173 2032 62 47 sie
3265 2031 101 49 dem

1832 2102 226 49 Schicksal
2083 2103 67 49 lür
2174 2105 150 50 diesen
2350 2108 165 48 kurzen
2539 2108 248 50 Lichtblick
2811 2111 90 48 und
2920 2112 157 48 suchte
3094 2112 138 49 durch
3257 2113 88 50 fort-

1830 2191 233 59 gesetzten
2093 2187 121 48 Eifer
2243 2188 102 50 dem
2376 2191 152 48 Geiste
2555 2191 120 48 ihrer
2696 2192 216 49 Lehrerin
2943 2193 113 50 nahe
3088 2212 52 32 zu
3173 2194 191 52 bleiben.

1957 2267 154 48 Dieser
2153 2279 187 40 neueste
2369 2272 173 48 Beweis
2582 2290 85 30 von
2709 2273 80 48 der
2821 2273 197 51 Willkür
3057 2277 144 48 seines
3232 2277 134 49 Chefs

1830 2347 125 48 hatte
1983 2347 108 51 aber
2121 2349 43 49 in
2196 2351 78 49 des
2298 2353 306 50 Bratschisten
2620 2354 131 49 Seele
2778 2354 67 49 die
2864 2356 119 49 Saite
3014 2357 79 48 des
3114 2358 252 50 Unmuthes

1833 2429 171 47 wieder
2035 2447 56 31 zu
2121 2433 122 48 stark
2272 2432 203 58 berührt,
2505 2434 62 49 als
2600 2436 102 48 dass
2732 2436 62 48 sie
2825 2436 165 49 schnell
3022 2438 124 50 hätte
3178 2441 163 48 verklin-

1834 2526 85 49 gen
1951 2512 154 49 sollen.
2135 2513 65 48 Er
2230 2516 78 48 sah
2340 2517 68 47 die
2439 2517 221 65 Sängerin
2690 2518 309 66 gedemüthigt
3029 2521 118 49 ohne
3179 2523 184 57 Schuld,

1833 2592 84 48 wie
1947 2593 93 48 sich
2070 2594 153 50 selbst.
2282 2598 131 48 Seine
2454 2599 185 63 eigenen
2671 2599 345 51 schmerzlichen
3047 2603 316 68 Erfahrungen

1832 2673 199 50 erhoben
2061 2674 94 50 laut
2183 2677 94 49 ihre
2308 2679 200 49 Stimme.
2554 2679 196 50 Diesmal
2792 2683 255 49 vermochte
3077 2701 51 32 er
3156 2686 122 48 nicht
3309 2704 54 30 zu

1830 2754 268 68 schweigen,
2140 2761 89 48 und
2258 2777 51 32 er
2340 2762 261 50 verschaffte
2630 2763 92 49 sich
2754 2765 96 47 eine
2882 2766 355 66 Genugthuung,
3279 2768 83 50 wie

1828 2853 48 31 er
1905 2840 116 47 noch
2051 2840 70 48 nie
2152 2860 137 32 zuvor
2319 2843 179 65 gehabt.
2530 2845 128 47 Einst
2688 2845 77 48 sah
2799 2846 238 48 Henriette
3066 2848 126 50 ihren
3222 2851 142 48 Vater

1832 2918 137 66 heftig
2000 2922 91 47 und
2121 2922 125 67 eifrig
2277 2925 259 58 schreiben;
2566 2926 61 48 sie
2656 2926 134 48 ahnte
2821 2927 135 56 nicht,
2991 2928 102 50 dass
3124 2947 49 31 er
3204 2949 55 30 an
3291 2932 70 48 die

1828 3001 364 52 Oeffentlichkeit
2233 3006 245 65 appellirte.
2538 3007 95 48 Ihm
2666 3025 94 30 war
2789 3008 69 49 die
2887 3010 147 49 Feder
3065 3011 98 49 eine
3193 3014 169 57 Waffe,

1828 3080 68 49 die
1927 3083 147 49 Lanze
2119 3086 80 48 des
2227 3087 236 48 Vorwurfs
2502 3088 93 65 llog
2633 3088 79 49 auf
2747 3090 84 48 den
2872 3090 351 58 Unterdrücker,
3269 3095 89 48 und

1828 3163 68 49 die
1927 3165 407 50 herausfordernde
2351 3170 126 48 Rede
2507 3171 248 66 erkämpfte
2785 3172 323 68 siegesmuthig
3126 3177 203 49 Anerken-

1826 3262 126 47 nung
1983 3247 67 46 lür
2080 3247 69 48 die
2180 3250 287 62 geschmähte
2498 3254 231 63 Sängerin.
2762 3254 144 48 Allein
2939 3255 80 48 der
3051 3256 207 50 Hinblick
3290 3260 78 47 auf

1829 3327 235 48 Henriette
2096 3331 174 62 zügelie
2298 3332 83 47 den
2412 3334 320 58 Bratschisten,
2764 3336 77 47 mit
2863 3336 239 50 Wahrheit
3133 3339 226 49 schonend

1828 3426 54 31 zu
1915 3410 124 56 sein;
2084 3411 108 48 viele
2224 3412 378 51 Gedankenblitze
2647 3433 151 33 waren
2844 3417 209 50 desshalb
3099 3421 113 47 noch
3259 3422 82 47 seit-

1828 3495 141 44 wärts
1999 3494 43 45 in
2074 3494 75 47 das
2183 3495 251 49 Dintenfass
2482 3499 282 64 geschlagen.
2822 3501 93 46 Der
2947 3502 385 64 Zeitungs-Bedac-

1828 3580 115 49 teur,
1990 3575 214 48 welchem
2234 3579 52 48 N.
2319 3580 120 46 seine
2469 3580 144 47 Kritik
2655 3581 231 56 zusandte,
2930 3582 100 47 liess
3062 3584 195 48 dieselbe
3288 3586 78 47 auf

1826 3655 78 48 des
1937 3655 255 49 Verfassers
2225 3660 176 47 Gesuch
2434 3661 141 48 sofort
2604 3679 190 30 anonvm
2826 3662 270 51 abdrucken.
3145 3666 211 50 Zugleich

2726 3711 13 16 j
3216 3715 25 15 o

1828 3736 270 50 veranlasste
2127 3755 49 31 er
2204 3740 52 48 N.
2288 3758 101 30 zum
2413 3741 278 48 Mitarbeiter
2721 3744 143 47 seines
2886 3744 170 48 Blattes
3090 3746 88 49 und
3210 3748 146 48 stellte

1826 3819 91 48 ihm
1948 3819 69 48 die
2050 3820 135 49 Wahl
2232 3824 78 47 der
2340 3824 381 65 Besprechungen
2766 3825 90 51 frei.
2924 3826 79 49 Als
3047 3845 89 31 nun
3179 3829 67 47 die
3279 3830 50 48 be-

1828 3909 170 39 wussle
2028 3901 144 48 Kritik
2202 3904 110 48 nach
2346 3905 190 47 Verlauf
2559 3905 167 65 einiger
2742 3906 97 49 Zeit
2869 3909 112 47 auch
3014 3908 41 48 in
3086 3908 79 48 der
3184 3910 145 66 Haupt-

1828 3981 119 50 stadt
1989 3981 78 49 des
2106 3984 349 49 Fürstenthums
2497 3986 235 59 circulirte,
2779 3996 166 41 stutzte
2983 3989 143 65 jeder,
3175 3991 79 49 der
3297 3994 62 47 sie

1828 4065 103 50 dort
1970 4065 76 48 las.
2108 4066 80 49 Die
2221 4066 240 52 Wahrheit
2506 4085 93 32 war
2639 4087 79 31 aus
2759 4071 100 49 dem
2892 4071 179 49 Herzen
3102 4073 147 49 Vieler
3279 4092 52 46 ge-
