3642 4465
1865 144 61 55 22

277 287 209 68 Störung
515 286 242 52 desselben
787 286 95 54 und
913 287 91 53 den
1031 287 178 72 Kampf
1241 287 81 53 mit
1351 287 88 51 den
1468 286 382 54 Leidenschaften

278 371 229 51 schildert.
537 373 94 49 Das
662 373 257 67 Larghetto
950 374 59 51 ist
1037 392 88 33 uns
1156 380 143 45 etwas
1331 379 115 43 matt
1472 373 377 66 vorgekommen,

279 455 79 51 das
388 455 207 66 Allegro,
637 455 44 50 in
717 456 226 51 welchem
973 456 340 69 vorzugsweise
1340 455 81 50 das
1454 473 161 49 grosse
1646 456 174 51 Orches-

275 547 74 43 ter
378 538 276 69 beschäftigt
677 540 72 61 ist,
794 541 86 51 wie
927 541 116 51 auch
1084 541 63 50 im
1363 540 78 50 des
1474 540 169 51 letzten
1675 543 174 58 Satzes,

274 623 60 51 ist
363 623 86 51 voll
493 624 198 51 schöner
720 625 189 52 Effecte.
970 627 98 48 Der
1111 625 136 49 letzte
1289 625 132 50 Satz:
1479 625 371 59 „Endlicher

277 707 137 67 Sieg
460 708 105 51 des
1068 708 176 51 enthält
1290 708 73 51 ein
1403 710 155 51 Presto
1589 709 43 50 in

279 790 89 51 den
399 792 172 50 letzten
602 794 140 50 Streit
783 793 79 51 des
895 793 154 49 Guten
1088 793 95 49 und
1214 794 169 57 Bösen,
1427 794 96 48 und
1570 793 68 49 ein
1667 795 182 64 Adagio

277 874 45 51 in
444 878 151 58 C-dur,
596 877 59 49 den
684 875 320 69 Aufschwung
1044 877 80 51 des
1157 877 260 51 Göttlichen
1459 877 116 49 über
1617 877 78 49 das
1736 877 90 49 Irdi-

282 959 123 51 sche.
456 961 85 49 Mit
571 961 168 48 diesem
771 959 180 69 Adagio
983 961 207 50 schliesst
1222 962 69 49 die
1322 961 215 58 Sinfonie,
1582 959 178 51 welche
1789 962 61 48 im

282 1043 184 50 Ganzen
496 1043 205 67 weniger
722 1052 225 43 monoton
978 1046 71 59 ist,
1082 1046 63 49 als
1167 1046 192 49 manche
1383 1044 168 50 andere
1573 1044 279 68 Spohr'sche

282 1126 331 67 Composition,
639 1127 95 51 und
757 1128 162 51 nächst
950 1129 81 49 der
1064 1128 203 59 „Weihe
1299 1128 81 50 der
1609 1146 56 32 zu
1695 1128 157 50 reihen

279 1208 95 51 sein
405 1209 168 53 dürfte.
623 1212 74 50 Sie
736 1212 59 50 ist
834 1212 217 67 übrigens
1092 1212 142 50 schon
1267 1230 82 33 vor
1379 1212 172 51 Jahren
1596 1212 259 69 componirt

279 1292 97 52 und
423 1293 156 51 1842
627 1296 97 49 hier
768 1296 45 49 in
860 1296 196 51 London
1098 1297 45 50 in
1195 1297 221 51 Hanover
1457 1297 179 67 Square
1680 1297 174 50 Rooms

282 1377 266 69 aufgeführt
588 1380 94 50 und
725 1380 171 52 damals
942 1381 94 49 kalt
1082 1381 353 66 aufgenommen
1481 1380 205 49 worden.
1745 1380 111 50 Dies

283 1479 100 33 war
405 1461 118 68 jetzt
554 1463 284 66 keineswegs
870 1465 81 48 der
985 1463 116 59 Fall;
1134 1463 62 50 sie
1228 1465 150 66 gefiel,
1408 1463 96 50 und
1534 1481 71 32 am
1639 1463 217 51 Schlüsse

286 1546 165 51 wurde
481 1549 154 66 Spohr
665 1547 275 69 einstimmig
969 1549 207 67 gerufen.

406 1631 99 48 Der
537 1631 161 51 zweite
728 1631 130 51 Theil
889 1632 190 51 brachte
1109 1650 58 32 an
1197 1632 442 51 Orchesterwerken
1672 1649 155 33 ausser-

284 1714 103 49 dem
416 1714 150 50 nichts
595 1715 207 67 weniger
848 1716 64 50 als
956 1716 385 51 Beethoven's
1383 1716 160 50 zweite
1586 1716 267 51 Sinfonie

283 1796 46 51 in
447 1799 22 57 D,
470 1797 151 51 dessen
649 1799 480 61 Fidelio-Ouverture,
1172 1800 97 51 und
1316 1800 231 69 Spohr's
1589 1801 265 50 Ouvertüre

284 1899 106 32 zum
790 1885 63 50 Es
884 1884 58 51 ist
963 1885 327 67 merkwürdig,
1321 1903 96 32 was
1449 1903 49 32 so
1530 1885 73 50 ein
1632 1885 223 50 londoner

283 1964 240 52 Publicum
556 1968 238 49 aushalten
823 1968 134 61 kann,
988 1968 96 50 und
1123 1968 62 50 im
1213 1969 161 49 Monat
1402 1969 112 48 Juli!
1556 1970 69 59 Ja,
1657 1985 95 33 was
1784 1987 46 31 sa-

284 2065 90 50 gen
406 2050 75 50 Sie
512 2051 130 60 dazu,
674 2051 103 51 dass
808 2051 106 51 sehr
931 2053 272 51 anhaltende
1224 2053 241 51 Versuche
1496 2053 212 66 gemacht
1731 2071 92 31 wur-

284 2133 89 49 den
527 2135 145 51 durch
715 2137 124 49 nicht
882 2137 318 52 aufhörenden
1239 2137 224 67 Applaus,
1504 2137 87 49 wie
1633 2137 78 49 das
1756 2137 98 49 hier

281 2215 153 51 üblich
465 2217 58 50 ist
560 2250 90 28 —,
682 2219 80 50 das
791 2222 248 64 Larghetto
1065 2222 83 48 der
1177 2220 201 51 Sinfonie
1421 2220 94 50 und
1561 2220 70 50 die
1660 2220 193 50 Fidelio-

284 2300 268 52 Ouverture
582 2303 274 51 wiederholt
886 2323 55 31 zu
973 2304 180 51 hören?
1183 2305 154 68 Spohr
1368 2304 240 50 beachtete
1639 2305 63 50 sie
1731 2305 124 50 nicht

395 2385 164 50 immer
585 2387 73 49 ein
688 2393 144 45 etwas
876 2394 239 61 gewagter
1145 2389 173 49 Schritt
1361 2388 43 50 in
1434 2388 221 58 London;
1704 2388 151 51 indess

284 2469 96 50 sein
411 2469 219 51 Ansehen
660 2471 146 67 drang
836 2472 158 51 durch.
1025 2474 143 49 Hatte
1200 2473 123 50 seine
1354 2472 381 67 eigenthümliche
1759 2473 62 48 An-

283 2552 116 49 sicht
441 2553 115 50 über
594 2554 267 51 Beethoven
913 2556 117 49 auch
1074 2573 57 32 an
1173 2556 148 50 dieser
1361 2554 296 69 Weigerung
1697 2556 159 50 Theil?

282 2637 109 52 Wir
420 2638 206 51 wissen's
654 2639 137 51 nicht.

410 2722 125 50 Zwei
566 2722 205 51 liebliche
797 2722 144 69 junge
968 2725 195 58 Damen,
1192 2725 73 50 W
1276 2725 13 49 i
1300 2725 13 48 1
1330 2723 29 50 h
1375 2740 24 33 e
1413 2723 12 49 1
1443 2742 45 32 m
1505 2723 12 50 i
1533 2741 30 32 n
1577 2740 24 33 e
1646 2722 20 69 C
1686 2722 20 69 1
1726 2722 19 69 a
1756 2744 31 30 u
1802 2742 19 32 s
1835 2742 19 32 s

282 2805 94 49 und
406 2805 295 52 Arabella
734 2807 303 60 Goddard,
1069 2808 174 51 welche
1274 2808 111 51 viele
1426 2808 131 49 Ihrer
1587 2808 267 51 kölnischen

281 2890 143 48 Leser
453 2907 82 33 aus
579 2891 89 49 den
700 2891 260 51 Concerten
1004 2892 80 50 des
1124 2892 588 68 Männergesang-Vereins
1744 2893 83 50 ken-

282 2989 105 42 nen,
418 2980 167 61 trugen
617 2976 70 48 die
717 2976 296 51 Variationen
1044 2994 89 32 von
1161 2977 327 50 Mendelssohn
1517 2976 96 50 und
1642 2976 182 51 Mosche-

283 3056 66 50 les
381 3056 113 51 über
523 3059 88 49 den
640 3060 422 49 Preciosa-Marsch
1106 3060 81 49 mit
1228 3060 301 67 glänzendem
1562 3060 156 49 Beifall
1759 3079 94 32 vor.

287 3141 93 47 Der
413 3141 182 67 Gesang
625 3160 96 33 war
752 3144 144 49 durch
927 3144 110 49 zwei
1050 3144 253 59 Deutsche,
1332 3144 94 52 Frl.
1458 3144 211 66 Agnes
1700 3146 155 48 Burv

283 3224 95 49 und
408 3225 119 49 Hrn.
556 3226 293 60 Reichart,
881 3227 181 68 würdig
1090 3235 245 43 vertreten.

415 3309 88 48 Die
533 3327 118 33 neue
674 3310 409 69 philharmonische
1102 3313 297 48 Gesellschaft
1425 3311 77 50 hat
1519 3310 96 51 ihre
1638 3310 215 69 Aufgabe

281 3390 118 51 auch
429 3390 62 52 im
536 3393 194 50 zweiten
769 3394 139 49 Jahre
949 3394 119 49 ihres
1110 3395 255 50 Bestehens
1412 3394 226 49 ruhmvoll
1670 3395 176 66 gelös't.

278 3476 104 50 Von
416 3475 89 51 den
537 3494 193 50 grossen
743 3478 227 59 Werken,
1002 3479 141 49 deren
1154 3478 297 68 Aufführung
1482 3480 77 48 das
1578 3481 272 64 Programm

282 3558 80 50 der
392 3559 305 69 diesjährigen
730 3561 325 50 Concertreihe
1084 3563 258 67 versprach,
1373 3563 57 48 ist
1459 3581 89 31 nur
1578 3563 41 51 di

281 3642 151 49 Messe
462 3662 88 32 von
578 3645 270 50 Beethoven
879 3645 291 66 ausgefallen,
1211 3647 148 49 wofür
1404 3647 70 48 ein
1505 3664 141 32 neues
1679 3647 142 49 Orato-

281 3725 119 50 rium
416 3744 87 31 von
517 3728 449 70 Lindpaintner
997 3729 179 59 eintrat,
1288 3729 96 50 eine
1397 3730 261 59 Rücksicht,
1672 3730 70 50 die
1769 3730 81 51 der

281 3809 236 52 Vorstand
543 3812 80 48 auf
634 3813 152 49 diesen
804 3813 331 69 Componisten
1152 3813 195 49 nehmen
1364 3832 56 30 zu
1443 3818 184 46 müssen
1647 3814 202 66 glaubte,

283 3892 80 50 der
385 3893 91 49 sich
496 3893 145 52 durch
672 3896 70 49 die
758 3897 198 67 Leitung
987 3897 81 49 der
1100 3896 92 52 vier
1223 3903 154 43 ersten
1393 3897 226 51 Concerte
1650 3897 71 49 bei
1745 3898 104 50 dem

284 3976 253 52 Orchester
566 3996 83 49 gar
679 3979 104 50 sehr
811 3981 45 48 in
885 3981 222 67 Achtung
1150 3979 94 51 und
1285 3979 71 51 bei
1401 3981 105 49 dem
1535 3979 240 52 Publicum
1803 3981 47 50 in

283 4061 150 50 Gunst
462 4069 178 59 gesetzt
669 4063 141 50 hatte.
841 4063 298 71 Ueberhaupt
1168 4064 59 50 ist
1256 4082 48 32 es
1337 4064 107 50 sehr
1473 4064 345 69 anerkennungs-

279 4144 165 61 werth,
477 4144 103 52 dass
612 4147 70 51 die
714 4147 223 52 londoner
966 4148 539 52 Musik-Gesellschaften
1534 4166 121 33 neue
1685 4166 161 50 grosse

1947 290 181 52 Werke
2172 290 246 52 deutscher
2457 291 93 52 und
2597 294 330 53 französischer
2959 296 344 71 Componisten,
3348 298 176 52 welche

1947 374 59 48 im
2036 374 282 51 Vaterlande
2351 376 64 50 olt
2443 376 132 68 lange
2606 378 81 49 auf
2719 379 79 49 das
2828 381 379 68 Emportauchen
3247 383 68 50 ins
3360 381 162 51 Leben

1946 463 177 45 warten
2152 463 202 56 müssen,
2386 459 285 70 bereitwillig
2701 479 83 32 zur
2813 463 301 71 Aufführung
3148 467 208 67 bringen.

2072 541 213 63 London,
2328 543 86 51 11.
2446 545 105 50 Juli.

3242 552 48 50 C.
3339 552 56 48 A.

2153 742 187 79 Adolph
2380 745 104 58 Sax
2523 746 99 58 und
2662 747 136 59 seine
2837 747 464 61 Harmonie-Musik.

2071 875 69 47 Zu
2180 875 88 49 den
2306 875 380 51 unermüdlichen
2735 877 342 51 Verbesserern
3129 879 81 50 der
3250 881 273 52 Harmonie-

1944 958 153 51 Musik
2128 958 144 52 durch
2302 976 118 32 neue
2445 959 320 68 Erfindungen
2794 962 60 48 im
2871 963 98 48 Bau
3002 962 81 51 der
3100 963 300 51 Holz-Blase-
3430 966 94 49 und

1947 1043 261 66 vorzüglich
2240 1042 80 51 der
2349 1043 543 69 Messing-Instrumente
2922 1047 166 66 gehört
3129 1048 234 67 Adolph
3406 1051 118 48 Sax

1948 1127 44 51 in
2024 1127 181 58 Paris,
2238 1127 111 49 oder
2379 1127 214 68 richtiger
2625 1136 175 61 gesagt,
2832 1147 51 32 er
2907 1131 123 49 steht
3057 1148 57 32 an
3146 1132 81 51 der
3249 1133 153 66 Spitze
3421 1133 77 51 der-

1952 1211 171 51 selben.
2156 1212 162 48 Durch
2349 1211 70 51 die
2445 1213 475 66 Vervollkommnung
2950 1213 81 50 der
3047 1216 477 52 Blech-Instrumente

1951 1296 94 49 und
2078 1295 144 50 durch
2253 1312 119 32 neue
2403 1297 539 67 Zusammenstellungen
2973 1297 79 50 hat
3083 1315 51 32 er
3163 1298 101 51 eine
3287 1301 238 67 Wirkung

1953 1380 169 59 erzielt,
2154 1378 174 51 welche
2357 1380 300 68 nothwendig
2686 1381 132 49 einen
2860 1399 192 49 grossen
3082 1381 200 51 Einlluss
3326 1385 81 48 auf
3454 1383 69 51 die

1951 1463 321 51 Militärmusik
2302 1462 151 51 haben
2484 1483 142 31 muss.

2080 1546 133 51 Seine
2264 1547 344 68 gegenwärtige
2647 1549 480 68 Zusammenstellung
3179 1550 80 51 des
3298 1551 196 51 Blas-Ür-

1953 1630 220 60 chesters,
2203 1630 200 51 welches
2433 1649 51 32 er
2513 1634 170 48 Societe
2714 1635 52 47 de
2796 1635 47 48 la
2879 1636 175 65 grande
3083 1636 252 50 Harmonie
3364 1644 158 47 nennt,

1953 1715 57 49 ist
2041 1715 238 67 folgende:
2314 1731 160 50 grosse
2504 1716 96 50 und
2631 1715 144 51 kleine
2805 1717 150 60 Flöte,
2991 1717 30 50 2
3072 1717 183 60 Oboen,
3309 1719 32 49 2
3376 1720 147 50 kleine

1953 1799 95 52 und
2081 1800 33 48 4
2150 1817 161 49 grosse
2343 1799 296 61 Clarinetten,
2673 1801 33 47 4
2742 1803 280 67 Saxophone
3054 1803 212 68 (Sopran,
3299 1804 94 57 Alt,
3434 1806 58 49 Te-

1952 1902 85 31 nor
2066 1884 95 51 und
2186 1881 147 70 Bass),
2371 1884 20 48 1
2432 1884 367 61 Bassclarinette,
2832 1885 33 51 2
2898 1886 147 51 kleine
3076 1888 268 49 Saxhörner
3373 1888 43 49 in
3439 1890 81 57 Es,

1957 1966 30 50 2
2022 1966 384 51 Alt-Saxhörner
2436 1968 45 49 in
2509 1970 59 57 B,
2602 1969 33 48 4
2671 1969 359 51 Sax-Tromba's
3058 1970 43 50 in
3130 1973 83 57 Es,
3249 1970 30 50 2
3313 1971 211 51 Bariton-

1953 2051 269 51 Saxhörner
2250 2051 46 50 in
2328 2053 54 57 B,
2418 2051 32 50 2
2483 2054 410 50 Bass-Saxhörner
2931 2054 46 51 in
3006 2057 80 58 Es,
3146 2055 30 50 2
3214 2055 304 51 Contrabass-

1953 2135 269 51 Saxhörner
2250 2135 45 50 in
2325 2135 81 59 Es,
2447 2135 20 49 1
2509 2153 185 50 grosses
2735 2137 521 52 Contrabass-Saxhorn
3297 2139 43 50 in
3370 2140 82 59 Es,
3487 2140 31 49 2

1953 2219 197 51 Cornets
2413 2220 29 51 ä
2512 2222 192 64 pislons,
2452 2219 31 50 2
2518 2222 333 57 Waldhörner,
2906 2223 30 48 2
2989 2223 533 68 Cylinder-Trompeten,

1954 2300 31 52 3
2023 2305 256 58 Posaunen,
2296 2303 202 60 Pauken,
2517 2321 159 51 grosse
2701 2305 250 60 Trommel,
2983 2307 212 66 Triangel
3219 2307 96 49 und
3337 2307 185 52 Becken

2064 2405 264 34 zusammen
2358 2403 56 35 an
2446 2388 75 48 42
2614 2389 73 49 44
2724 2388 324 52 Instrumente.

2078 2471 86 50 Mit
2212 2471 26 49 d
2243 2472 141 49 iesem
2420 2472 289 68 Musikcorps
2763 2472 98 67 gibt
2907 2474 94 49 Sax
3057 2473 227 51 Concerte
3332 2474 42 50 in
3417 2474 105 50 dem

1953 2554 309 68 prachtvollen
2290 2556 141 49 Local
2461 2556 79 49 des
3205 2558 171 50 Jardin
3022 2558 163 50 dessen
3227 2558 296 68 ungeheurer

1953 2639 103 50 Saal
2085 2639 116 67 jetzt
2230 2639 79 51 mit
2353 2641 103 49 dem
2498 2641 377 67 Sommergarten
2920 2642 144 50 durch
3116 2642 148 50 offene
3307 2643 215 51 Arcaden

1949 2722 268 52 verbunden
2248 2723 70 51 ist.
2363 2725 65 48 Er
2457 2723 79 50 hat
2565 2725 153 49 diesen
2751 2726 103 48 Saal
2884 2725 71 50 für
2986 2726 97 49 eine
3105 2726 142 49 Reihe
3279 2745 89 33 von
3400 2726 90 51 Con-

1949 2815 158 43 certen
2137 2807 264 69 gemiethet,
2423 2826 79 32 um
2532 2808 122 50 seine
2676 2810 315 49 Instrumente
3017 2810 102 49 dem
3144 2827 195 49 grossen
3360 2810 130 49 Publi-

1952 2909 105 31 cum
2079 2891 95 51 und
2189 2891 273 53 namentlich
2481 2891 116 51 auch
2621 2892 89 51 den
2725 2892 191 51 Militärs
2940 2893 322 50 vorzuführen.
3293 2895 96 49 Das
3403 2895 88 48 Ver-

1949 2976 89 48 hält
2050 2976 87 51 niss
2155 2976 81 50 der
2255 2977 153 50 hohen
2426 2976 240 60 Stimmen,
2695 2976 81 51 der
2790 2977 182 59 Flöten,
2995 2977 166 50 Oboen
3184 2977 96 50 und
3299 2977 196 50 Clarinet-

1948 3067 93 50 ten,
2067 3060 56 49 ist
2145 3067 142 44 etwas
2311 3079 56 30 zu
2385 3061 212 50 schwach
2622 3078 148 49 gegen
2793 3061 69 50 die
2889 3062 188 49 tieferen
3092 3061 238 59 Stimmen,
3362 3079 158 32 ausser

1947 3144 44 48 in
2023 3142 88 51 den
2155 3144 187 58 Stellen,
2387 3163 75 31 wo
2504 3144 70 50 die
2614 3145 179 49 kleinen
2837 3145 269 49 Saxhörner
3144 3144 46 49 in
3345 3145 175 51 welche

1948 3227 215 50 ebenfalls
2203 3227 98 50 eine
2342 3229 119 49 hohe
2503 3229 264 67 Stimmung
2807 3229 149 49 haben
3010 3229 95 49 und
3143 3229 377 68 Violinpassagen

1947 3311 260 60 ausführen,
2238 3311 254 52 mitblasen.
2536 3313 89 49 Die
2645 3311 358 69 Schattirungen
3035 3313 79 49 des
3139 3313 256 67 Vortrages
3420 3313 100 50 sind

1948 3395 301 51 wunderbar:
2282 3395 70 51 die
2391 3398 576 66 Piamssimo-Begleitung
3019 3396 80 50 der
3129 3396 387 51 Solo-Clarinette

1947 3498 37 30 z.
2015 3480 54 50 B.
2099 3479 46 49 in
2191 3480 81 48 der
2302 3480 266 50 Ouvertüre
2614 3499 55 32 zu
2715 3483 170 66 Zampa
2942 3480 145 52 durch
3133 3480 71 50 die
3247 3480 268 50 Saxhörner

1945 3561 97 69 gibt
2072 3581 56 31 an
2159 3563 206 49 Zartheit
2394 3563 105 52 dem
2530 3564 191 50 feinsten
2754 3565 388 70 Streichquartett
3182 3563 147 49 nichts
3359 3563 130 51 nach.

2070 3645 86 51 Die
2201 3647 367 66 Klangwirkung
2611 3648 80 49 des
2737 3666 175 49 ganzen
2955 3650 278 49 Orchesters
3275 3645 57 50 ist
3373 3664 115 49 unge-

1944 3732 144 48 heuer
2117 3729 95 50 und
2243 3729 44 50 in
2318 3730 81 50 der
2422 3730 119 50 That
2570 3748 113 50 ganz
2714 3749 86 33 neu
2822 3752 10 39 ;
2865 3733 81 49 der
2969 3733 199 63 Umfang
3189 3729 110 67 geht
3321 3748 88 32 von
3433 3730 82 50 der

1944 3814 125 50 Tiefe
2100 3813 80 51 des
2206 3813 330 52 Contrabasses
2568 3814 66 51 bis
2664 3833 82 32 zur
2777 3817 162 49 keinen
2960 3817 135 49 Flöte
3127 3813 146 53 durch
3303 3813 99 51 eine
3431 3832 57 32 un-

1943 3897 370 52 unterbrochene
2344 3898 144 51 Reihe
2527 3917 88 33 von
2657 3901 266 49 Tonstufen.
2975 3901 88 49 Die
3105 3897 379 68 Messing-Instru-

1942 3988 156 45 mente
2137 3981 193 67 bringen
2376 3983 142 50 selbst
2564 3983 70 50 für
2677 3984 89 50 den
2808 3984 206 50 Musiker
3058 3983 456 51 erstaunenswerthe

1942 4066 299 64 Wirkungen
2271 4066 166 50 hervor
2474 4067 95 49 und
2598 4067 149 49 lassen
2776 4067 45 51 in
2851 4067 225 58 Reinheit,
3120 4068 150 56 Kraft,
3317 4066 162 49 Schnel-

1942 4150 157 67 ligkeit
2128 4150 80 50 des
2240 4150 339 68 Ansprechens,
2610 4152 95 50 und
2734 4170 83 35 vor
2846 4152 152 50 Allem
3026 4152 46 51 in
3102 4152 89 52 den
3222 4150 263 53 Schattirun-
