2890 4008
1269 3696 152 85 155

309 3725 67 38 LA
423 3713 123 49 CITÉ

2017 3714 226 49 FÉVRIER
2294 3728 93 37 1920

1989 419 194 51 Furnes
2213 436 11 34 :

1989 527 122 49 Plan
2145 527 61 50 de
2234 527 49 50 la

1990 633 186 51 Grand'
2194 634 147 50 Place

1992 2276 113 34 Cliché
2124 2276 92 40 prété
2236 2286 59 31 par
2312 2277 31 32 la

1986 2335 27 40 “
2039 2335 104 33 Town
2178 2336 165 39 Planning

1992 2396 89 31 Review
2096 2396 30 31 „.

366 2652 205 50 exemple
600 2651 151 46 quand
779 2669 58 24 on
865 2651 123 51 parle
1017 2651 294 50 d'esthétique
1338 2651 79 40 des
1444 2650 136 42 villes.
1613 2650 134 42 Alors
1775 2667 85 34 que
1888 2651 189 41 celles-ci
2107 2651 164 42 offrent
2298 2651 41 42 le

362 2723 222 50 spectacle
619 2723 107 41 d'un
760 2726 273 47 pittoresque
1066 2725 87 39 très
1187 2724 262 50 capricieux,
1484 2738 82 25 nos
1600 2721 126 42 villes
1761 2721 248 42 flamandes
2043 2723 200 43 révèlent
2277 2738 58 26 un

362 2811 100 25 sens
489 2794 56 41 de
571 2794 237 50 l'espaceet
833 2811 58 24 un
918 2797 134 47 esprit
1078 2794 183 42 d'ordre
1286 2797 85 47 qui,
1400 2811 101 25 sans
1526 2797 126 38 avoir
1676 2793 43 42 la
1744 2794 173 50 rigidité
1942 2794 80 42 des
2046 2798 290 48 conceptions

363 2865 249 51 classiques,
646 2865 103 42 n'en
780 2865 151 42 donne
961 2883 81 33 pas
1072 2868 145 39 moins
1246 2883 85 24 une
1363 2865 170 51 grande
1562 2865 206 42 noblesse
1796 2868 26 39 à
1852 2883 50 24 ce
1932 2869 72 47 qui
2035 2865 65 42 fut
2131 2865 40 42 le
2200 2866 135 41 cadre

362 2937 134 41 d'une
518 2939 71 38 vie
612 2937 311 42 commerciale
946 2948 46 30 et
1014 2936 271 43 industrielle
1310 2937 92 42 fort
1423 2940 183 39 intense.

494 3031 129 42 Nulle
650 3043 101 39 part
779 3043 69 29 cet
876 3034 134 48 esprit
1039 3031 182 42 d'ordre
1250 3031 255 52 n'apparaît
1531 3034 114 39 aussi
1674 3032 235 42 manifeste
1939 3034 102 49 qu'à
2069 3032 40 42 la
2142 3032 192 42 Grand'-

365 3102 130 42 Flace
524 3102 55 42 de
604 3102 177 42 Furnes.
816 3118 23 26 «
869 3102 128 43 Cette
1023 3102 141 51 place,
1194 3106 73 48 qui
1293 3114 66 31 est
1383 3120 87 26 une
1493 3106 198 39 création
1720 3104 56 41 de
1802 3103 43 42 la
1870 3104 61 41 fin
1961 3104 58 41 du
2044 3121 165 33 moyen
2235 3107 98 48 âge,

363 3185 65 31 est
552 3174 64 41 dit
663 3173 61 42 M.
755 3174 327 41 Abercrombie
1207 3185 96 32 tout
1360 3178 26 38 à
1451 3175 80 42 fait
1587 3174 323 51 remarquable.
1962 3175 206 50 Quoique
2232 3186 101 40 trop

362 3248 214 38 ancienne
608 3262 112 33 pour
752 3262 85 34 que
868 3245 92 42 l'on
992 3248 146 47 puisse
1169 3246 221 42 admettre
1423 3263 85 34 que
1541 3246 41 42 la
1614 3249 206 48 symétrie
1854 3246 57 42 de
1943 3263 67 25 ses
2042 3246 293 51 alignements

360 3319 86 40 soit
476 3319 190 48 inspirée
698 3316 59 42 du
788 3316 164 42 Forum
983 3316 208 49 Romain,
1225 3318 255 50 cependant
1509 3318 28 41 il
1569 3329 65 31 est
1664 3318 256 41 indéniable
1952 3335 98 33 que,
2087 3319 57 40 de
2175 3335 82 33 par
2286 3335 48 25 sa

362 3387 146 42 forme
541 3387 371 52 quadrangulaire
947 3399 43 31 et
1024 3405 67 25 ses
1125 3399 148 31 vastes
1308 3389 284 48 dimensions,
1728 3389 83 42 elle
1844 3393 61 39 ait
1938 3406 85 26 une
2058 3390 137 42 allure
2230 3391 103 42 bien

360 3461 192 49 antique.
