3474 4404
1690 189 70 52 29

120 343 159 59 seilen,
323 343 83 50 das
444 341 292 50 Musikstück
778 343 126 47 wäre
942 338 47 50 in
1028 337 158 49 diesen
1215 337 217 49 Räumen
1469 336 127 49 nicht
1629 335 60 51 da

120 440 234 52 gewesen.
410 422 90 49 Die
532 421 318 67 Composition
885 435 101 33 war
1028 417 148 49 nichts
1214 416 164 50 weiter
1414 417 65 49 als
1521 416 74 50 ein
1637 433 49 33 so

122 510 255 60 genanntes
392 501 271 67 Potpourri,
680 499 88 50 wie
791 515 110 33 man
925 496 155 49 solche
1103 496 46 48 in
1171 494 372 52 Kaffeehäusern
1564 496 121 50 hört.

118 582 101 49 Das
249 583 285 48 Instrument
569 579 82 50 hat
689 578 115 51 aber
839 576 108 50 sehr
988 574 210 51 hübsche
1229 576 226 49 Stimmen
1484 576 97 49 und
1609 576 73 49 ein

119 662 199 49 schönes
349 659 278 51 Crescendo.
660 658 112 50 Wir
802 656 254 49 wünschen
1085 653 83 51 der
1190 656 179 67 jungen
1397 658 153 47 Dame
1579 654 79 51 bes-

122 757 102 33 sere
256 739 395 68 Compositionen,
682 755 80 31 um
792 736 149 48 ihrem
972 736 192 48 Talente
1193 736 225 66 gehörige
1447 734 209 50 Entwick-

123 821 113 66 lung
264 837 56 31 zu
348 818 302 51 verschaffen.
708 817 129 48 Frau
866 816 237 48 Förster
1144 832 115 50 sang
1303 814 102 50 eine
1449 814 113 49 Arie
1604 831 82 33 aus

118 899 179 66 Figaro
327 915 89 33 von
444 899 197 55 Mozart,
685 896 102 48 eine
823 894 162 50 zweite
1023 911 84 33 aus
1135 896 70 48 La
1235 896 150 48 Gazza
1413 892 158 51 Ladra
1599 908 87 35 von

125 978 183 50 Rossini
348 977 97 51 und
472 977 114 49 zwei
616 974 170 50 Lieder
819 991 89 32 von
936 973 235 50 Schubert
1211 973 97 51 und
1346 991 86 32 von
1463 972 223 49 Taubert.

116 1058 243 50 Letzteres
393 1066 111 57 trug
541 1056 66 48 sie
646 1072 75 32 am
760 1053 160 51 besten
960 1071 96 42 vor,
1101 1054 96 50 und
1226 1071 47 33 es
1310 1052 111 51 fand
1440 1052 129 49 «auch
1600 1068 87 33 von

123 1138 134 48 ihren
273 1138 266 65 Vorträgen
569 1133 91 52 den
689 1134 193 50 meisten
910 1134 178 57 Beifall,
1118 1134 178 50 welche
1324 1139 127 42 sonst
1479 1131 207 49 ziemlich

122 1216 97 49 kalt
241 1216 176 49 Hessen,

241 1296 52 47 In
337 1294 159 49 letzter
523 1292 194 52 Woche
751 1293 162 50 hatten
952 1292 86 49 wir
1075 1291 121 50 noch
1234 1291 102 49 eine
1370 1289 317 51 vortreffliche

119 1373 314 57 Aufführung
462 1372 84 51 der
572 1372 405 49 Jahreszeiten
1005 1388 89 32 von
1121 1368 207 62 Ilayda
1357 1377 136 42 unter
1521 1369 138 50 Direc-

403 1423 27 17 o
1222 1424 13 13 *>

120 1453 98 50 tion
249 1452 78 51 des
358 1454 158 49 Herrn
532 1452 418 49 Musik-Diroctors
979 1451 228 49 Ileinze.
1238 1451 98 48 Das
1361 1451 198 48 Concert
1586 1466 103 33 war

120 1532 64 48 im
214 1532 127 49 Park
369 1531 149 50 durch
547 1531 90 49 den
666 1528 496 52 St.-Vincenz-Verein
1186 1546 61 30 zu
1276 1528 150 50 einem
1455 1528 202 50 wohlthä-

118 1612 128 66 tigen
273 1612 199 49 Zwecke
500 1612 315 57 veranstaltet,
858 1609 84 50 der
970 1609 109 50 Saal
1118 1608 243 50 überfüllt.
1418 1608 127 50 Herr
1573 1609 111 47 Du-

120 1691 327 49 Mont-Fier
490 1691 127 48 hatte
657 1689 74 50 die
760 1688 299 51 Bass-Partie
1093 1687 346 49 übernommen
1474 1686 97 50 und
1601 1686 60 49 fei-

118 1777 100 43 erte
247 1771 117 57 hier,
409 1787 74 33 wo
527 1769 221 68 möglich,
787 1768 121 50 noch
951 1771 213 63 grössere
1195 1767 274 66 Triumphe,
1513 1767 65 48 als
1623 1766 62 49 im

118 1849 278 50 Oratorium
424 1848 184 67 Jephta.
651 1848 160 50 Gleich
842 1847 73 49 die
946 1852 120 43 erste
1094 1846 115 49 Arie
1239 1844 164 50 wurde
1432 1844 248 50 stürmisch

116 1928 68 50 da
210 1945 115 52 capo
364 1929 227 65 verlangt,
630 1927 96 49 und
758 1927 131 67 jedes
917 1926 226 49 Recitativ
1179 1923 98 51 und
1300 1924 109 66 jede
1439 1924 130 59 Arie,
1601 1924 54 50 be-

116 2007 195 49 sonders
349 2007 119 49 auch
508 2006 73 49 die
618 2006 279 66 Jagd-Arie,
941 2004 312 68 begeisterten
1298 2002 82 51 das
1419 2003 263 50 Publicum.

119 2086 138 49 Auch
287 2086 73 49 die
392 2087 156 48 Chöre
579 2086 171 67 gingen
779 2084 132 51 recht
942 2091 96 59 gut.

188 2339 271 81 Viertes
498 2339 812 81 Gesellschafts-Concert
1349 2339 77 81 in
1465 2339 154 81 Köln

188 2420 102 81 im
341 2420 511 81 Hauptsaale
903 2420 154 81 des
1108 2420 511 81 Gürzenich.

606 2552 102 34 Den
750 2554 58 35 12.
846 2552 201 37 Januar
1087 2552 111 37 1858.

683 2644 189 47 (Schluss.
918 2643 37 38 S.
985 2645 63 37 Nr.
1081 2643 50 48 3.)

207 2734 219 37 Camillo
469 2733 170 36 Sivori
680 2732 52 35 ist
774 2742 50 24 zu
854 2729 137 37 Genua
1020 2731 52 35 im
1099 2730 122 36 Jahre
1252 2733 99 34 1818
1381 2729 180 49 geboren.
1615 2729 74 35 Die

122 2807 133 35 Eltern
285 2806 213 36 erkannten
526 2803 87 37 früh
645 2804 105 35 seine
779 2802 298 36 musicalischen
1104 2802 188 47 Anlagen,
1335 2802 80 35 und
1459 2802 66 35 der
1553 2801 115 47 glück-

120 2878 102 36 liche
252 2876 202 43 Umstand,
504 2876 89 34 dass
622 2874 192 47 Paganini
854 2873 74 34 auf
967 2872 72 36 den
1067 2872 163 35 Knaben
1268 2872 264 35 aufmerksam
1560 2871 131 36 wurde

120 2948 80 35 und
227 2948 63 35 ihn
322 2959 74 23 von
426 2947 143 35 seinem
598 2947 169 33 neunten
787 2942 123 36 Jahre
938 2954 49 23 an
1017 2942 94 35 zwei
1133 2942 121 36 Jahre
1283 2943 92 46 lang
1401 2942 289 45 unterrichtete,

120 3017 137 45 bewog
286 3017 55 34 sie
369 3015 186 45 vollends,
586 3015 123 35 seiner
725 3014 181 46 Neigung
925 3013 109 35 nicht
1064 3016 190 43 entgegen
1284 3025 47 23 zu
1359 3015 135 42 treten,
1524 3012 163 36 sondern

115 3086 73 34 ihn
217 3086 61 35 für
306 3085 60 34 die
394 3085 131 34 Kunst
554 3095 49 23 zu
630 3083 241 36 bestimmen.
929 3083 129 36 Schon
1096 3084 38 33 in
1173 3083 144 35 seinem
1358 3083 180 34 zwölften
1565 3081 122 36 Jahre

125 3161 148 42 erregte
302 3166 40 24 er
370 3156 40 33 in
439 3154 110 35 Paris
579 3153 80 35 und
687 3154 38 34 in
756 3153 159 36 London
935 3153 213 36 Aufsehen.
1179 3154 112 35 Seine
1320 3153 131 35 Eltern
1482 3164 128 23 waren
1633 3151 38 46 je-

122 3225 99 37 doch
250 3236 42 24 so
322 3223 234 47 vernünftig,
588 3223 59 36 die
670 3224 403 37 Wunderkindschaft
1102 3224 111 36 nicht
1244 3224 134 35 weiter
1408 3222 283 36 auszubeuten.

122 3298 63 35 Sie
214 3296 162 35 kehrten
405 3295 98 35 nach
533 3294 135 36 Genua
692 3295 151 35 zurück
887 3295 78 35 und
994 3298 155 44 sorgten
1193 3295 84 35 dort
1320 3295 64 34 für
1414 3293 61 36 die
1503 3293 166 36 vollstän-

123 3368 91 47 dige
242 3366 221 47 Erziehuug
492 3365 65 36 des
587 3364 176 44 Knaben,
795 3364 136 37 dessen
960 3366 150 35 fernere
1138 3364 274 36 musicalische
1440 3363 251 47 Ausbildung

123 3437 65 37 der
215 3437 200 35 Professor
443 3448 62 23 am
535 3435 175 47 dortigen
740 3434 353 47 Conservatorium,
1140 3435 192 36 Giovanni
1380 3435 125 44 Serra,
1548 3434 143 36 leitete.

122 3509 80 36 Eilf
216 3509 121 36 Jahre
366 3507 92 47 lang
485 3506 104 37 blieb
608 3507 126 35 Sivori
762 3517 76 25 von
868 3505 85 36 dem
983 3506 249 35 öffentlichen
1255 3506 132 36 Leben
1417 3507 161 44 zurück,
1608 3509 63 32 stu-

123 3581 97 37 dirte
249 3580 61 36 die
339 3578 289 37 Wissenschaft
671 3578 124 35 seiner
830 3578 130 34 Kunst
996 3577 83 35 .und
1120 3577 188 36 arbeitete
1352 3578 81 35 sein
1462 3577 229 47 Yiolinspiel

123 3664 70 23 zur
220 3648 354 38 Vollkommenheit
600 3659 83 24 aus.
723 3647 89 36 Erst
840 3648 52 33 im
919 3646 121 36 Jahre
1073 3648 98 35 1839
1214 3650 78 33 trat
1320 3658 39 24 er
1387 3646 141 36 wieder
1557 3647 115 35 öffent-

123 3723 78 36 lich
231 3723 75 44 auf,
337 3719 188 37 zunächst
554 3720 39 34 in
621 3718 152 46 Italien,
818 3718 236 36 namentlich
1092 3718 39 34 in
1159 3717 165 36 Florenz
1363 3717 81 35 und
1471 3718 41 34 in
1541 3717 148 45 Genna,

124 3805 60 24 wo
215 3792 68 35 ihn
311 3791 100 37 auch
429 3789 192 49 Paganini
650 3788 140 36 wieder
824 3788 110 36 hörte
962 3786 78 36 und
1069 3798 42 24 so
1139 3787 89 35 sehr
1258 3799 76 24 von
1362 3787 81 35 ihm
1472 3788 194 46 eingenom-

123 3875 87 23 men
239 3862 142 45 wurde,
412 3862 91 35 dass
532 3872 40 24 er
600 3859 80 35 ihm
709 3858 121 36 durch
859 3860 83 35 sein
960 3860 223 35 Testament
1213 3857 55 47 (er
1297 3858 107 36 starb
1433 3858 73 35 den
1524 3862 60 34 27.
1608 3858 82 35 Mai

130 3935 114 46 1840)
276 3933 73 37 den
377 3931 284 38 vortrefflichen
690 3930 239 36 Guarnerius
960 3929 233 45 vermachte,
1225 3929 71 35 auf
1321 3928 187 38 welchem
1538 3940 39 24 er
1604 3940 64 24 vor-

123 4006 213 44 zugsweise
364 4004 166 48 gespielt
557 4002 117 36 hatte.

203 4089 154 34 Darauf
382 4090 93 46 ging
506 4088 125 36 Sivori
659 4086 101 37 nach
789 4085 197 36 Russland
1090 4086 74 35 auf
1200 4085 85 36 dem
1314 4085 119 46 Wege
1477 4083 118 36 dahin
1623 4083 44 37 be-

127 4159 132 35 rührte
301 4170 39 24 er
369 4159 103 36 auch
515 4160 125 46 einige
668 4157 266 49 Hauptstädte
979 4156 66 37 des
1090 4157 190 36 östlichen
1308 4154 288 40 Deutschlands
1626 4177 63 26 —,

123 4229 105 37 -dann
257 4227 181 39 bereis'te
468 4241 40 25 er
536 4229 248 45 Frankreich,
814 4227 191 48 England.
1035 4228 180 36 America
1243 4228 77 46 (wo
1343 4239 40 25 er
1403 4227 39 36 in
1461 4229 46 35 67
1528 4226 161 39 Städten

1764 332 188 38 Concerte
1980 332 111 47 gab),
2136 330 136 38 kehrte
2316 332 98 36 nach
2443 331 159 38 London
2644 332 149 38 zurück
2835 330 79 38 und
2957 330 104 38 blieb
3105 329 82 37 drei
3214 329 120 37 Jahre

1762 402 96 38 dort.
1887 403 83 37 Seit
2002 404 98 36 1853
2131 403 92 36 aber
2251 402 170 36 befindet
2449 414 40 24 er
2515 403 83 35 sich
2625 404 141 37 wieder
2793 405 76 35 auf
2892 405 152 44 Reisen,
3077 402 60 36 die
3165 401 67 35 ihn
3263 413 45 23 zu-

1761 478 79 34 erst
1866 475 101 36 nach
1997 475 66 36 der
2094 475 187 45 Schweiz,
2326 474 101 36 dann
2468 475 101 35 nach
2599 475 136 37 Italien
2778 476 81 36 und
2888 473 243 38 Frankreich
3159 471 167 37 führten.

1759 548 74 34 Die
1861 546 223 47 vorjährige
2114 546 137 36 Saison
2293 544 160 37 brachte
2489 557 41 24 er
2558 545 298 48 hauptsächlich
2884 548 40 35 in
2952 547 113 37 Paris
3096 557 61 33 zu,
3205 556 58 24 wo
3294 556 37 23 er

1759 617 40 35 in
1828 616 85 36 dem
1944 616 361 45 Quartett-Vereine
2335 615 66 36 des
2432 616 145 35 Grafen
2605 616 198 45 Stainlein,
2849 617 71 35 wie
2963 616 101 36 auch
3109 614 133 36 früher
3284 625 49 22 zu

1759 687 160 37 London
1960 689 39 34 in
2042 687 72 36 den
2150 699 75 24 von
2263 687 81 36 ihm
2375 687 122 36 selbst
2527 687 301 36 vsranstalteten
2856 687 196 35 Matineen
3081 685 79 36 und
3189 687 38 33 in
3258 684 68 37 der

1759 758 175 35 Reunion
1962 758 62 35 für
2051 758 316 35 Kammermusik
2411 757 62 36 bei
2501 757 89 35 Ella
2632 757 38 34 in
2702 757 128 35 Willis
2836 757 6 13 1
2874 757 140 35 Roorns
3044 757 82 34 sich
3157 757 56 34 als
3245 768 64 24 vor-

1759 826 211 37 trefflichen
1999 828 320 49 Quartettspieler
2362 828 209 38 besonders
2615 840 73 24 von
2731 827 144 48 Haydn
2912 827 80 35 und
3020 826 217 36 Beethoven
3265 826 43 36 be-

1760 899 160 35 währte.
1969 900 58 34 Im
2056 900 178 47 Anfange
2262 901 67 35 der
2360 901 264 46 diesjährigen
2655 899 137 35 Saison
2833 898 65 34 hat
2928 909 38 23 er
2992 898 39 34 in
3060 896 169 36 Holland
3259 895 68 47 (im

1760 970 127 48 Haag,
1925 971 39 36 in
1993 971 256 45 Amsterdam,
2278 972 224 35 Rotterdam
2532 983 38 25 u.
2602 984 29 24 s.
2663 969 62 44 w.)
2771 969 178 48 gespielt,
2994 969 39 34 in
3063 966 268 37 Deutschland

1760 1052 73 25 nur
1861 1042 39 35 in
1929 1042 171 35 Weimar
2126 1054 59 23 am
2215 1042 390 47 grossherzQglichen
2634 1042 102 36 Hofe
2766 1040 80 37 und
2876 1040 143 35 darauf
3042 1039 82 35 hier
3152 1038 39 35 in
3216 1037 115 35 Köln.

1760 1111 96 35 Eine
1884 1114 176 44 grössere
2077 1112 231 35 Kunstreise
2338 1111 119 36 durch
2474 1111 276 37 Deutschland
2780 1110 96 36 wird
2905 1122 41 23 er
2973 1110 53 34 im
3055 1106 167 37 Herbste
3252 1106 59 35 die-

1761 1196 61 23 ses
1850 1184 142 36 Jahres
2021 1184 173 37 machen.
2242 1185 272 47 Gegenwärtig
2552 1187 258 33 verstatteten
2837 1183 83 35 ihm
2950 1180 143 38 bereits
3123 1179 185 45 eingegan-

1760 1266 96 36 gene
1884 1255 383 36 Verbindlichkeiten
2309 1259 64 34 für
2418 1257 60 35 die
2522 1256 307 36 bedeutendsten
2859 1252 135 37 Städte
3034 1251 65 36 des
3131 1248 202 37 südlichen

1760 1326 261 37 Frankreichs
2051 1328 119 44 nicht,
2202 1327 72 37 den
2303 1328 334 48 Aufforderungen
2669 1339 48 25 zu
2749 1328 124 36 einem
2901 1325 185 47 längeren
3116 1320 218 40 Verweilen

1762 1409 62 24 am
1849 1397 146 37 Rheine
2173 1411 48 23 zu
2249 1399 138 46 geben.

1842 1487 85 37 Wir
1970 1487 136 36 hörten
2142 1489 125 34 ferner
2306 1489 39 33 in
2387 1487 144 36 diesem
2561 1486 188 36 Concerte
2778 1487 94 35 zwei
2902 1496 99 25 neue
3031 1481 301 49 Gesangwerke,

1764 1559 103 43 „Des
1898 1559 167 48 Sängers
2286 1560 103 35 eines
2419 1559 65 36 der
2512 1559 332 47 nachgelassenen
2863 1557 141 36 Werke
3035 1568 75 24 von
3140 1553 193 37 Robert

1760 1628 299 46 Schumann,
2097 1630 79 35 und
2205 1629 169 37 Jubilate
2403 1630 119 35 Amen
2554 1632 62 33 für
2644 1629 104 36 Chor
2776 1629 80 35 und
2885 1625 272 50 Sopran-Solo,
3188 1625 113 34 Manu-

2059 1675 23 19 \

1761 1702 121 46 script
1909 1713 76 24 von
2011 1701 116 35 Max
2156 1701 182 37 Bruch.

1839 1787 127 36 Ueber
1985 1788 76 36 >das
2089 1792 192 43 genannte
2310 1789 122 36 Werk
2461 1788 258 37 Schümanns
2757 1789 52 34 ist
2837 1788 40 34 in
2907 1786 130 36 diesen
3065 1785 177 36 Blättern
3270 1783 61 36 bei

1762 1858 252 48 Gelegenheit
2041 1860 68 35 des
2150 1860 250 47 vorjährigen
2428 1860 256 36 Musikfestes
2722 1860 40 34 in
2790 1859 157 35 Aachen
2978 1858 140 36 bereits
3149 1854 160 37 ausführ-

1760 1929 77 35 lich
1865 1929 240 48 gesprochen
2134 1930 176 45 worden;
2352 1930 100 37 nach
2492 1931 154 46 eigener
2674 1930 215 47 Anhörung
2932 1929 202 35 desselben
3172 1927 159 35 künneu

1761 2002 69 35 wir
1858 2000 108 37 nicht
1995 2001 150 45 anders,
2186 2002 58 35 als
2289 2013 178 24 unserem
2495 2002 341 35 Berichterstatter
2874 2001 96 36 über
3016 1999 69 36 das
3116 1998 218 47 Pfingsfest

1763 2074 45 44 (s.
1839 2072 64 37 Nr.
1935 2074 46 33 26
2013 2084 88 23 vom
2131 2075 61 33 27.
2207 2072 100 35 Juni
2331 2074 115 45 1857)
2475 2073 40 34 in
2544 2072 102 35 allen
2671 2072 171 36 Stücken
2871 2071 258 37 beistimmen.
3161 2070 73 34 Die
3260 2068 48 35 Be-

1763 2143 209 47 arbeitung
2000 2142 68 36 des
2099 2143 206 35 Gedichtes
2334 2155 74 23 von
2430 2142 157 37 Uhland
2618 2142 121 36 durch
2769 2143 44 34 R.
2839 2142 99 36 Pohl
2958 2154 88 24 zum
3071 2140 166 35 Zwecke
3267 2139 67 35 der

1766 2214 263 48 Composition
2058 2213 148 36 scheint
2234 2225 73 24 uns
2337 2213 193 36 durchaus
2560 2214 107 35 nicht
2696 2213 209 47 gelungen»
2947 2213 71 36 Die
3048 2209 286 47 Vermischung

1767 2284 66 37 des
1875 2284 180 48 epischen
2093 2284 219 36 Elementes
2360 2286 69 33 mit
2476 2284 86 36 dem
2604 2282 454 49 lyrisch-dramatischen
3087 2282 105 35 kann
3222 2279 112 36 keine

1762 2357 106 35 reine
1896 2355 301 47 Kunstgattung
2227 2355 177 47 ergeben,
2442 2355 79 35 und
2550 2356 63 35 für
2641 2354 264 48 Composition
2934 2355 51 33 ist
3013 2351 99 37 noch
3143 2351 101 35 dazu
3274 2349 60 36 die

1764 2427 228 46 Erzählung
2020 2427 83 35 eine
2133 2426 66 35 der
2227 2427 291 47 schwierigsten
2535 2426 218 48 Aufgaben,
2783 2437 110 24 wenn
2924 2425 65 37 der
3016 2421 187 37 Erzähler
3227 2420 107 36 nicht

1764 2501 99 34 etwa
1892 2498 81 45 das,
2003 2509 80 24 was
2114 2509 39 24 er
2181 2498 121 35 selbst
2326 2497 121 36 erlebt
2476 2497 78 45 hat,
2598 2496 78 36 und
2714 2508 79 24 was
2832 2496 66 35 ihn
2929 2494 100 37 noch
3057 2492 255 37 leidenschaft-

1762 2569 79 37 lich
1871 2570 161 46 bewegt,
2063 2569 160 45 erzählt,
2254 2570 71 35 wie
2355 2569 125 36 dieses
2512 2582 29 25 z.
2573 2569 41 35 B.
2645 2570 51 33 im
2724 2569 145 35 letzten
2898 2568 98 34 Acte
3026 2566 65 36 des
3123 2564 183 36 Tannhäu-

1763 2653 60 24 ser
1853 2641 65 36 der
1947 2641 86 36 Fall
2062 2642 62 37 ist.
2154 2641 80 36 Der
2262 2641 229 46 Evangelist
2527 2641 39 34 in
2604 2639 71 36 den
2704 2640 212 35 Passionen
2945 2650 76 24 von
3049 2636 105 36 Bach
3185 2635 149 37 erzählt

1764 2717 111 32 unter
1903 2724 99 35 ganz
2031 2712 166 36 anderen
2226 2712 291 35 Verhältnissen
2557 2710 80 36 und
2675 2710 105 35 kann
2820 2710 243 45 keineswegs
3093 2719 71 24 zur
3193 2706 117 36 Recht-

1766 2786 198 46 fertigung
1990 2783 66 37 des
2086 2783 181 47 epischen
2294 2784 211 45 Vortrages
2548 2783 40 33 in
2631 2782 102 35 einer
2774 2780 222 36 weltlichen
3025 2779 164 35 Cantate
3219 2789 92 35 ange-

1765 2857 105 35 führt
1900 2856 170 44 werden;
2117 2855 99 36 denn
2246 2855 83 35 dort
2356 2855 64 43 ist,
2460 2852 229 48 .abgesehen
2729 2864 75 24 von
2832 2851 85 37 dem
2947 2849 387 49 gottesdienstlichen

1766 2928 231 47 Charakter,
2037 2927 71 36 der
2145 2927 84 35 sich
2265 2927 40 34 in
2335 2926 66 35 der
2430 2924 145 37 Kirche
2602 2925 53 34 im
2685 2923 185 36 Vorlesen
2900 2923 66 35 der
2993 2920 316 48 Evangelien-Ab-

1766 3000 169 36 schnitte
1964 2997 230 49 ausspricht,
2224 2997 68 35 das
2321 2995 271 37 Dramatische
2622 3016 18 4 -
2674 2995 81 34 also
2786 2993 65 37 der
2880 2992 201 36 schroffste
3113 2992 218 45 Gegensatz

1766 3070 64 35 des
1860 3070 194 47 Epischen
2163 3067 109 36 nicht
2301 3067 120 35 damit
2458 3065 237 37 verbunden.
2754 3064 44 34 In
2827 3062 134 36 Pohl's
2990 3062 262 45 Bearbeitung
3281 3060 50 33 ist

1764 3153 79 24 nun
1873 3141 174 36 vollends
2078 3141 67 34 das
2174 3139 282 43 Dramatische,
2500 3138 68 34 das
2613 3149 40 23 er
2696 3138 40 33 in
2778 3135 185 36 Uhland's
2993 3133 161 36 Ballade
3184 3132 126 35 hinein-

1764 3215 115 43 trägt,
1908 3211 108 36 nicht
2044 3210 202 49 glücklich
2274 3210 206 42 erfunden;
2521 3220 40 24 es
2601 3208 124 35 streift
2763 3206 74 36 den
2876 3205 226 48 poetischen
3129 3204 100 34 Duft
3266 3201 62 47 ab,

1766 3282 66 36 der
1860 3283 62 36 bei
1950 3281 156 36 Uhland
2136 3281 60 35 die
2216 3281 118 35 Liebe
2356 3280 66 35 der
2444 3280 172 45 Königin
2644 3277 172 37 umhüllt
2844 3277 78 35 und
2952 3289 73 23 nur
3053 3276 125 36 ahnen
3208 3275 118 41 lässt;

1766 3365 40 24 es
1836 3353 105 36 stellt
1971 3353 83 35 eine
2081 3352 195 35 Situation
2305 3349 280 48 handgreiflich
2631 3349 78 45 hin,
2755 3349 60 35 die
2855 3348 72 36 den
2963 3359 149 36 ganzen
3142 3346 94 36 Sinn
3263 3344 67 36 des

1767 3424 207 36 Gedichtes
2003 3425 177 44 zerstört,
2226 3422 87 35 weil
2343 3422 56 35 sie
2429 3420 85 35 dem
2542 3418 148 37 Fluche
2721 3418 64 35 des
2816 3418 167 47 Sängers
3014 3417 59 34 die
3104 3416 128 46 Spitze
3264 3415 44 35 ab-

1766 3496 138 37 bricht.
1933 3497 112 34 Denn
2073 3495 99 36 Pohl
2201 3494 100 36 lässt
2329 3493 73 35 den
2431 3493 130 45 König
2602 3490 107 35 nicht
2752 3490 71 35 auf
2848 3489 71 35 den
2950 3488 152 36 blossen
3132 3486 201 37 Verdacht

1765 3567 77 45 hin,
1886 3566 89 37 dass
2014 3566 60 36 die
2113 3564 287 49 hingeworfene
2428 3564 100 34 Rose
2564 3562 82 35 eine
2675 3559 138 36 andere
2842 3559 233 47 Bedeutung
3104 3558 111 44 habe,
3260 3557 72 36 den

1764 3639 193 47 Jüngling
1992 3637 210 44 ermorden,
2247 3636 164 36 sondern
2441 3647 39 23 er
2503 3634 149 46 .zwingt
2681 3633 70 34 den
2782 3632 129 47 König
2942 3631 123 35 durch
3096 3631 68 35 das
3196 3631 117 35 öffent-

1764 3711 103 36 liche
1893 3709 323 48 Eingeständniss
2246 3709 102 34 einer
2375 3707 198 46 geheimen
2603 3704 117 36 Liebe
2761 3704 125 35 seiner
2916 3704 135 34 Gattin
3090 3715 69 23 vor
3190 3703 143 35 seinem

1764 3794 150 35 ganzen
1942 3781 102 36 Hofe
2072 3779 79 36 und
2178 3778 124 36 Volke
2331 3789 49 23 zu
2409 3777 65 35 der
2503 3775 108 47 That,
2643 3773 147 36 welche
2813 3773 99 46 jetzt
3021 3774 86 35 Zeit
3135 3772 80 36 und
3237 3772 95 36 Sitte

1764 3855 40 35 in
1833 3853 200 47 Anschlag
2062 3851 186 49 gebracht
2358 3848 259 37 vollkommen
2643 3845 296 48 gerechtfertigt
2968 3845 202 36 erscheint.

1846 3944 73 37 Die
1948 3942 134 37 Musik
2112 3941 131 37 erhebt
2272 3940 80 36 sich
2381 3952 72 23 nur
2482 3940 135 47 selten,
2664 3952 31 27 z.
2726 3941 42 36 B.
2799 3952 124 35 gegen
2968 3940 61 35 die
3056 3940 110 35 Mitte
3196 3939 64 34 hin
3288 3940 38 33 in

1766 4015 87 37 dem
1880 4014 341 46 Freiheitsgesang
2261 4012 79 36 und
2381 4011 85 35 dem
2495 4010 196 37 Einfallen
2740 4011 65 36 des
2836 4011 123 36 Chors
3003 4024 48 23 zu
3090 4008 235 38 wirklichem

1766 4088 208 45 Schwung,
2019 4085 79 36 und
2135 4084 115 36 leidet
2287 4084 53 34 im
2370 4083 158 36 Ganzen
2557 4083 100 35 noch
2684 4083 109 36 mehr
2820 4095 49 23 an
2898 4082 231 42 Monotonie,
3180 4079 56 35 als
3267 4078 59 35 die

1767 4158 180 37 früheren
1990 4159 201 44 grösseren
2242 4154 288 47 Gesangwerke
2576 4154 254 36 Schumann's
2946 4154 103 35 einer
3096 4151 230 43 Monotonie,

1764 4229 96 36 über
1889 4227 114 36 deren
2032 4224 175 38 Ursache
2236 4224 80 37 und
2347 4224 217 37 Charakter
2607 4226 70 34 wir
2717 4236 72 24 uns
2834 4224 115 36 schon
2991 4222 97 35 öfter
3125 4222 37 35 in
3192 4220 132 37 diesen
