4170 5745
3631 5426 75 56 75

779 394 241 76 Weil
1076 388 521 82 Merzbilder
1656 434 87 10 —
1802 387 340 100 Körper
2202 380 181 81 und
2439 378 345 77 Nerven
2842 372 396 76 schonen.

370 534 279 61 Deshalb
693 549 178 41 muss
913 548 119 42 vor
1072 531 173 56 allen
1272 529 242 75 Dingen
1558 526 112 61 das
1702 522 378 61 Kunstwerk
2120 514 422 64 künstlerisch
2588 514 266 73 geformt
2881 505 277 60 werden.
3231 502 114 58 Die
3385 497 273 59 sinnlich

371 626 393 59 erkennbare
805 622 194 58 Form
1042 619 112 59 des
1196 619 450 61 Kunstwerkes
1689 634 174 39 muss
1907 609 422 62 künstlerisch
2371 607 149 59 sein.
2567 600 424 61 Rücksichten
3035 600 103 53 aut
3177 593 195 71 Dinge
3414 605 211 43 ausser-

370 720 152 58 halb
566 715 110 61 des
720 717 261 73 eigenen
1023 710 359 76 Rhythmus
1426 712 129 74 gibt
1596 729 64 39 es
1701 710 103 56 für
1844 707 104 57 die
1988 700 459 63 künstlerische
2488 698 191 58 Form
2723 692 187 59 nicht.

703 837 420 83 Weshalb
1186 836 232 105 fragt
1475 859 207 56 man
1743 834 234 79 denn
2037 827 322 107 gerade
2420 824 222 79 nach
2703 812 630 86 Merzbildern?

375 998 81 58 Es
498 998 78 56 ist
617 991 418 78 gleichgültig,
1094 990 82 57 ob
1220 988 101 59 die
1364 988 193 57 Form
1599 991 195 54 etwas
1838 983 286 59 darstellt
2163 979 156 60 oder
2359 976 190 59 nicht.
2650 973 116 57 Die
2808 971 190 56 Form
3040 963 317 60 resultiert
3397 976 114 39 aus
3553 956 113 57 der

373 1086 447 73 Verwendung
881 1083 113 59 der
1054 1083 316 56 formalen
1411 1081 212 58 Mittel.
1728 1078 115 59 Die
1894 1076 193 59 Mittel
2149 1073 112 59 der
2303 1069 254 61 Malerei
2618 1066 144 59 sind
2805 1057 347 78 Malgrund,
3197 1054 219 71 Farbe,
3467 1049 198 71 Licht,

378 1181 180 59 Linie
600 1198 57 41 u.
690 1196 52 39 a.

613 1284 420 83 Weshalb
1098 1281 196 79 sind
1355 1279 234 80 denn
1650 1276 511 81 Merzbilder
2219 1298 98 54 so
2378 1269 374 107 populär
2813 1262 181 80 und
3052 1254 379 84 beliebt?

381 1445 124 56 Der
547 1437 466 62 künstlerische
1043 1433 192 61 Wille
1277 1432 225 59 schafft
1541 1447 114 40 aus
1699 1428 215 58 diesen
1956 1428 239 56 Mitteln
2239 1423 201 59 durch
2481 1416 434 82 rhythmische
2942 1413 303 69 Wertung
3289 1408 110 56 das
3445 1404 190 58 Kunst-

380 1537 193 57 werk.
668 1533 116 58 Die
827 1530 437 69 Beziehungen
1309 1521 369 61 sämtlicher
1717 1520 275 59 sinnlich
2034 1518 435 58 erkennbaren
2513 1513 175 57 Teile
2730 1509 110 58 des
2886 1504 257 60 Werkes
3186 1496 489 61 untereinander

383 1628 144 59 sind
569 1626 114 60 der
723 1623 378 78 Rhythmus.
1196 1620 127 55 Der
1364 1613 506 61 künstlerischen
1916 1611 194 75 Logik
2159 1611 80 56 ist
2281 1609 102 56 die
2424 1603 464 62 verstandliche
2930 1594 205 63 fremd
3177 1592 134 60 und
3335 1589 338 59 feindlich.

676 1753 335 90 Dieses
1079 1747 327 91 erzielt
1470 1770 229 60 man
1767 1769 157 59 am
1987 1740 360 98 besten,
2415 1763 281 60 wenn
2761 1760 228 56 man
3057 1730 328 86 seinen

849 1874 388 113 Körper
1301 1867 513 115 möglichst
1878 1860 662 117 gleichmässig
2606 1884 302 59 warm
2977 1855 232 85 hält*

388 2043 125 59 Das
546 2041 237 59 Fehlen
828 2036 114 59 der
981 2029 513 65 verstandlichen
1536 2028 200 74 Logik
1775 2026 91 58 im
1895 2023 380 59 Kunstwerk
2315 2019 290 59 bemerkt
2645 2017 149 58 aber
2837 2034 120 39 nur
2999 2014 132 75 der,
3175 2014 112 58 der
3329 2011 102 57 die
3462 2009 182 56 künst-

392 2133 269 61 lerische
707 2131 172 57 nicht
922 2128 179 57 sieht.
1160 2126 176 69 Dem,
1382 2121 114 57 der
1538 2119 102 59 die
1677 2114 462 63 künstlerische
2168 2114 200 73 Logik
2396 2112 278 70 erkennt,
2717 2111 79 55 ist
2825 2107 101 58 die
2954 2102 464 63 verstandliche
3448 2097 201 76 gleich-

393 2229 212 73 gültig.
688 2226 113 56 Ein
845 2219 469 76 Kompromiss,
1357 2214 144 59 dass
1543 2211 152 60 bald
1736 2205 329 73 Verstand,
2107 2205 152 58 bald
2298 2202 469 78 rhythmisches
2811 2199 229 59 Gefühl
3084 2195 388 60 herrschten,
3514 2194 173 52 wäre

397 2322 103 56 für
529 2317 184 59 beide
745 2312 348 61 schädlich.
1169 2304 482 64 Verstandliche
1680 2302 215 74 Logik,
1924 2299 218 59 wohin
2175 2299 89 57 sie
2291 2297 236 74 gehört,
2554 2295 64 56 in
2650 2293 102 58 die
2781 2290 469 59 Wissenschaft.
3307 2285 197 73 (2x2
3528 2307 54 22 =
3606 2278 81 75 5.)

395 2410 257 60 Hierauf
707 2405 165 61 wird
916 2405 114 58 der
1072 2404 205 57 Union
1323 2417 113 41 aus
1479 2395 335 78 goldenem
1856 2393 198 58 Pokal
2115 2390 114 58 der
2269 2387 403 61 Ehrentrunk
2715 2383 284 76 gereicht.
3098 2378 386 61 Inzwischen
3546 2371 144 60 sind

393 2500 303 61 fahrende
739 2498 235 71 Sänger
1037 2495 113 56 auf
1186 2492 147 57 dem
1374 2488 350 75 Festplatze
1765 2485 481 73 angekommen,
2315 2478 102 59 die
2461 2476 200 60 durch
2705 2475 137 57 ihre
2882 2475 298 72 Vorträge
3221 2490 110 39 zur
3374 2466 318 71 Belebung

393 2597 110 55 des
547 2593 210 58 Festes
801 2590 339 73 beitragen.

398 2722 236 90 Man
717 2747 266 60 muss
1066 2744 174 59 aus
1325 2712 362 89 diesem
1768 2702 402 93 Grunde
2249 2702 349 88 darauf
2671 2696 401 89 bedacht
3153 2693 236 100 sein,
3475 2690 215 84 dass

395 2876 227 58 man
705 2844 259 86 diese
1045 2837 667 110 Erkältungen
1794 2857 108 60 so
1987 2825 359 88 schnell
2429 2823 179 85 wie
2689 2818 419 114 möglich
3189 2817 147 84 los
3418 2808 274 88 wird*

398 3011 115 58 Die
556 3008 189 59 Mittel
791 3005 114 59 der
947 3001 322 73 Dichtung
1311 2998 144 59 sind
1496 2998 176 64 Laut,
1714 2993 188 71 Silbe,
1946 2991 196 73 Wort,
2186 2989 156 70 Satz,
2388 2986 242 58 Absatz.
2696 2983 112 57 Bei
2849 2981 113 58 der
3003 2974 479 80 rhythmischen
3512 2971 138 57 Wer-

397 3108 150 68 tung
590 3100 111 59 der
744 3098 196 59 Mittel
983 3096 81 58 ist
1103 3091 276 75 wichtig,
1431 3088 146 59 dass
1621 3084 203 60 nichts
1868 3083 205 57 zuviel
2115 3079 132 59 und
2290 3077 203 58 nichts
2537 3093 78 39 zu
2659 3074 207 71 wenig
2906 3072 95 70 ist,
3064 3069 198 58 damit
3304 3066 102 57 die
3448 3062 251 60 Einheit

398 3196 109 58 des
551 3189 369 63 Ausdrucks
964 3186 289 59 entsteht.
1326 3184 129 56 Der
1484 3176 333 64 Ausdruck
1860 3176 79 56 ist
1980 3172 279 60 nämlich
2290 3169 281 59 Resultat
2612 3166 113 57 der
2766 3164 309 57 formalen
3108 3160 211 72 Mittel,
3362 3155 133 60 und
3526 3152 173 59 nicht

402 3307 122 40 von
568 3281 514 65 verständlichen
1129 3265 498 83 Überlegungen.

407 3411 750 110 Gleichmässige
1242 3403 753 111 Körperwärme
2087 3391 406 88 erreicht
2581 3416 229 59 man
2891 3382 298 90 durch
3270 3377 429 110 häufiges

1579 3521 331 88 Baden
1975 3519 135 85 im
2176 3513 364 88 Hause*

403 3674 144 59 Nun
593 3689 78 40 zu
712 3668 220 72 Ihnen,
976 3665 161 58 Herr
1164 3655 377 81 Weygandt!
1585 3653 109 59 Ich
1736 3667 144 59 sage
1922 3667 65 40 es
2031 3646 196 60 Ihnen
2271 3646 186 72 offen,
2501 3643 102 58 Sie
2644 3641 213 56 halten
2899 3638 204 58 nichts
3147 3653 123 41 von
3316 3633 113 59 der
3468 3633 200 54 forma-

403 3758 110 65 len
558 3760 389 73 Gestaltung.
1829 3821 21 15 ,
1985 3817 20 19 ,
2232 3821 14 15 ,
2503 3812 54 5 _
2816 3809 21 10 ,
3059 3807 39 29 n

1028 3829 209 83 Sind
1297 3828 238 81 denn
1596 3817 519 85 Merzbilder
2175 3821 271 73 etwas
2503 3809 595 81 Besonderes?

415 3995 198 58 Ihnen
656 3994 79 55 ist
776 4011 64 38 es
883 4007 106 41 am
1032 3983 415 75 wichtigsten,
1491 3977 145 59 dass
1680 3975 102 58 Sie
1824 3972 120 59 den
1988 3970 205 57 Inhalt
2234 3966 317 73 begreifen
2593 3965 271 56 können.

674 4116 200 79 Sind
932 4114 237 79 denn
1228 4100 522 87 Merzbilder
1807 4097 307 78 besser
2173 4092 125 79 als
2356 4083 609 110 gewöhnliche
3026 4080 419 80 Absätze?

417 4275 264 57 Können
727 4271 101 58 Sie
896 4266 112 59 das
1076 4263 191 73 nicht,
1336 4276 73 43 so
1475 4254 364 75 behaupten
1910 4249 102 60 Sie
2078 4244 212 73 frisch,
2361 4243 113 57 der
2534 4239 296 59 Künstler
2894 4239 173 56 wäre
3133 4231 390 59 mindestens
3592 4229 122 58 den

416 4364 392 61 Verrückten
854 4358 278 60 ähnlich.

525 4488 237 76 Weil
822 4480 521 84 Merzbilder
1401 4522 88 10 —
1546 4473 437 101 eleganten
2044 4463 183 81 und
2288 4458 498 79 elastischen
2844 4452 247 102 Gang
3147 4449 459 78 verleihen.

419 4644 100 56 Sie
561 4639 435 61 verwechseln
1042 4634 103 59 die
1187 4627 403 78 Hauptsache
1629 4624 117 57 mit
1785 4612 628 67 Nebensächlichem.
2486 4610 126 58 Der
2652 4608 169 56 Tanz
2866 4607 226 55 nimmt
3135 4601 213 60 seinen
3394 4600 327 73 Fortgang.

419 4735 174 58 2X2
617 4734 132 55 —6.
837 4728 113 60 Die
996 4720 610 75 Vernachlässigung
1646 4713 114 58 der
1802 4705 511 64 verstandlichen
2359 4701 197 75 Logik
2598 4705 154 52 stört
2794 4698 100 58 Sie
2937 4715 69 39 so
3048 4693 163 71 sehr,
3257 4691 142 58 dass
3433 4690 98 59 Sie
3575 4688 111 59 dar-

420 4828 197 56 rüber
659 4823 103 60 die
801 4817 466 64 künstlerische
1309 4811 198 75 Logik
1551 4806 172 60 nicht
1767 4805 211 57 sehen.
2048 4800 174 57 2X2
2246 4796 130 58 =7.
2457 4793 268 71 Jawohl,
2769 4789 80 60 da
2891 4796 264 51 staunen
3199 4786 115 59 Sie.
3390 4784 175 58 2X2
3589 4783 135 57 =8.

422 4949 239 81 Weil
718 4940 522 87 Merzbilder
1297 4981 90 13 —
1445 4933 140 82 die
1651 4927 537 105 holperigste
2247 4918 337 81 Strasse
2642 4942 190 54 zum
2877 4910 385 105 Teppich
3319 4908 397 78 machen.

424 5103 113 57 2x
561 5103 37 56 2
620 5118 54 22 =
701 5101 88 56 10.
889 5098 138 59 Still
1089 5093 181 61 senkt
1331 5087 138 61 sich
1531 5086 114 57 der
1685 5077 224 65 Abend
1971 5076 217 59 nieder
2241 5071 132 59 und
2415 5071 102 57 die
2559 5065 420 63 leuchtenden
3023 5064 290 57 Strahlen
3358 5060 114 58 der
3512 5064 177 52 unter-

427 5192 329 77 gehenden
798 5191 212 57 Sonne
1049 5182 345 77 vergolden
1438 5179 103 57 die
1582 5170 403 65 Landschaft.
2073 5167 163 59 Weil
2280 5165 100 58 Sie
2420 5162 103 59 die
2566 5157 462 63 künstlerische
3059 5155 196 75 Logik
3297 5152 175 59 nicht
3512 5150 217 71 sehen,

427 5291 154 56 stört
624 5286 101 57 Sie
767 5282 112 59 das
922 5279 238 59 Fehlen
1204 5275 114 60 der
1358 5265 536 66 verstandlichen.
