4170 5745
449 5328 77 56 70

460 302 489 74 ungewöhnlich
1017 304 223 71 kräftig
1312 302 435 56 entwickelten
1820 299 184 55 Arm-

458 395 132 56 und
634 393 440 58 Halsmuskeln
1120 437 10 12 .
1176 436 12 15 .
1234 437 10 11 .
1308 390 154 58 Eine
1505 390 191 69 Kraft,
1750 388 100 58 die
1892 387 112 57 der

460 487 357 71 Läuterung
868 485 230 56 ebenso
1151 483 233 70 bedarf,
1449 483 122 56 wie
1613 481 100 55 ihr
1753 480 89 56 im
1886 478 77 58 Be-

456 576 173 60 reich
675 576 108 58 des
827 575 373 57 weiblichen
1235 573 363 57 Ausdrucks
1640 573 193 71 völlig
1862 588 105 39 ver-

460 668 298 74 sagendes
820 668 265 56 Tanzen.
1210 666 112 56 Die
1384 664 302 71 kräftigen
1750 661 254 59 Glieder

458 759 105 56 hat
622 761 88 54 sie
761 757 173 58 wohl
995 759 63 54 in
1102 756 111 57 der

456 851 165 55 Mein
653 849 311 56 herzliebe
995 847 217 71 Fraue,
1242 864 130 39 was
1411 847 193 71 singst
1635 845 96 56 üu
1755 862 71 39 so
1855 845 142 55 fein.

460 940 469 75 Originalkritik
973 957 110 39 aus
1127 939 112 56 der
1283 939 323 72 Leipziger
1635 935 366 75 Abendpost

456 1050 144 39 vom
646 1030 190 59 Jahre
876 1030 568 73 zwoundzwanzig.

458 1123 95 58 Ob
595 1123 215 56 Knabe
853 1123 155 56 oder
1051 1122 325 57 Mädchen.
1449 1120 342 57 Jedenfalls
1833 1120 166 56 kann

456 1216 88 55 sie
587 1221 237 50 tanzen.

461 1443 141 65 „Bei
646 1445 171 56 einer
859 1442 231 57 Frucht
1132 1442 76 57 ist
1251 1440 243 57 freilich
1538 1440 112 56 der
1693 1440 160 56 Kern
1899 1438 102 56 die

456 1535 414 72 Hauptsache,
934 1533 149 58 aber
1144 1531 161 58 auch
1369 1531 100 58 die
1530 1533 193 56 bunte
1777 1530 224 57 Schale

456 1626 163 56 kann
660 1626 179 56 ihren
871 1626 148 56 Beiz
1059 1624 225 72 haben,
1328 1641 70 39 so
1428 1624 178 73 lange
1640 1623 110 56 das
1781 1623 220 56 Innere

455 1716 162 57 noch
682 1716 172 56 nicht
914 1716 331 73 ausgereift
1305 1714 93 58 ist
1498 1712 325 60 Bernhard
1874 1731 123 39 von

455 1899 686 74 Originalaphorismus
1247 1916 110 39 aus
1467 1897 110 58 der
1679 1897 320 73 Leipziger

453 1988 381 75 Abendpost.
949 1988 154 56 Eine
1185 1988 174 56 harte
1440 1988 163 58 Nuss
1682 1988 61 56 in
1828 1988 171 56 einer

451 2080 253 58 schalen
749 2080 239 58 Schale.
1081 2080 339 58 Jedenfalls
1484 2080 165 56 kann
1715 2097 66 39 er
1826 2078 171 58 nicht

451 2178 237 51 tanzen.

456 2265 332 72 „Ingeborg
832 2265 537 72 Lacour-Torrup
1428 2310 9 10 .
1484 2309 9 10 .
1542 2310 8 10 .
1616 2263 236 73 Mangel
1919 2281 77 38 an

451 2356 248 58 echtem
753 2354 244 73 Gefühl,
1076 2356 410 73 Unfähigkeit,
1557 2354 237 58 Trauer
1869 2354 130 58 und

451 2446 244 57 Freude
737 2447 163 56 auch
944 2466 124 37 nur-
1105 2466 74 37 zu

453 2537 471 73 Originalkritik
1015 2539 107 56 des
1213 2539 322 74 Leipziger
1625 2537 371 75 Tageblatts,

451 2629 286 57 Fünfuhr
788 2629 493 76 Abendausgabe
1337 2630 112 56 mit
1510 2630 486 58 Börsenkursen.

451 2720 288 58 Erkennt
763 2723 88 56 sie
875 2722 188 57 nicht.
1093 2722 339 57 Jedenfalls
1457 2722 164 56 kann
1647 2722 90 57 sie
1757 2727 239 51 tanzen.

456 2950 563 73 „Eurhythmische
1049 2952 212 56 Kunst.
1327 2950 205 73 Völlig
1560 2949 439 74 überzeugend

451 3040 129 56 und
631 3040 110 58 das
793 3040 375 59 ästhetische
1212 3040 227 59 Gefühl
1481 3042 237 73 wohlig
1770 3042 195 56 befrie-

450 3131 228 73 digend
710 3148 212 41 waren
968 3131 101 58 die
1098 3133 205 56 Tänze
1340 3131 163 60 nach
1533 3133 215 58 Tönen
1781 3131 215 73 Griegs

1794 3210 9 10 •
1807 3210 9 10 *

451 3223 129 58 und
622 3225 364 71 Schuberts;
1049 3243 64 38 es
1157 3243 151 54 war,
1371 3226 91 56 als
1505 3225 81 57 ob
1630 3225 112 57 der
1781 3225 218 57 Ästhet

451 3313 129 57 und
624 3314 291 58 Künstler
975 3316 88 56 im
1107 3316 359 58 Zuschauer
1506 3360 12 14 .
1564 3360 13 14 .
1621 3360 12 15 .
1696 3316 300 75 plötzlich

448 3406 64 56 in
556 3408 205 55 einem
807 3406 283 57 weichen
1132 3408 396 72 Bosenhügel

451 3497 471 73 Originalkritik
986 3518 112 39 aus
1161 3499 330 58 derselben
1535 3501 312 57 Nummer
1887 3499 110 59 des

450 3589 321 74 Leipziger
859 3590 371 75 Tageblatts.
1415 3590 193 58 Börse
1696 3590 296 75 befestigt.

448 3680 249 58 Kleines
749 3680 309 59 Geschäft.
1141 3680 49 58 0
1234 3680 413 76 Bosenhügel.
1728 3678 49 61 0
1821 3682 128 57 Kün-

448 3773 91 54 ler
566 3777 87 50 Im
680 3772 374 59 Zuschauer.
1122 3772 340 59 Jedenfalls
1506 3773 165 56 kann
1704 3773 88 56 sie
1823 3773 173 58 nicht

448 3866 237 55 tanzen.

451 3954 417 73 „Tanzabend
912 3958 301 73 Ingeborg
1266 3958 547 74 Lacour-Torrup.
1896 3956 100 58 Sie

446 4051 198 52 tanzte
688 4048 188 71 nicht,
920 4049 90 56 sie
1051 4049 279 58 tänzelte.
1401 4049 115 56 Die
1547 4049 266 73 Figuren
1855 4048 105 57 hat-

446 4142 100 51 ten
616 4137 326 58 bisweilen
1012 4137 120 58 den
1201 4139 613 59 antikritisierenden
1880 4139 112 58 Stil

446 4227 493 61 Thorwaldsens
983 4230 113 56 mit
1134 4230 205 58 einem
1371 4230 335 75 Einschlag
1747 4232 210 58 franzö-

446 4320 239 58 sischer

448 4413 474 75 Originalkritik
981 4432 112 39 aus
1157 4413 112 58 der
1327 4415 294 58 Neuen
1672 4417 322 74 Leipziger

446 4505 271 73 Zeitung.
815 4505 136 59 Neu
995 4506 476 58 hinzutretende
1515 4506 296 58 Bezieher
1850 4506 144 60 sind

446 4595 625 57 selbstverständlich
1132 4596 163 56 auch
1357 4615 76 39 an
1481 4596 145 58 dem
1671 4598 286 57 Preisaus-

446 4686 327 58 schreiben
837 4705 124 39 von
1025 4688 568 57 fünfzehntausend
1642 4689 178 60 Mark
1882 4689 110 60 der

445 4779 215 58 Neuen
724 4779 323 75 Leipziger
1088 4781 256 71 Zeitung
1403 4779 357 76 berechtigt.
1867 4782 127 58 Für

446 4869 212 59 diesen
727 4871 613 59 antikritisierenden
1410 4872 274 58 Kritiker
1750 4872 242 60 scheint

445 4979 120 37 nur
624 4960 164 58 noch
853 4960 101 60 die
995 4962 201 58 Kritik
1259 4962 125 58 und
1440 4962 171 58 nicht
1655 4964 183 57 mehr
1879 4964 112 59 das

446 5052 371 59 Geschlecht
848 5055 98 56 ein
978 5055 295 56 Problem
1318 5074 75 39 zu
1428 5057 151 57 sein.
1650 5055 95 59 Ob
1777 5057 215 57 Knabe

445 5143 154 58 oder
626 5143 327 59 Mädchen.
1027 5145 342 61 Jedenfalls
1411 5147 165 59 kann
1621 5148 90 58 sie
1752 5153 239 55 tanzen.

2187 311 41 73 ß
2274 298 416 67 Wortkunst

2190 402 126 57 Aus
2416 402 206 56 einem
2712 398 423 73 Turngedicht
3235 415 122 39 von
3447 393 285 60 Joachim

2189 495 384 71 Bingeinatz:

2190 630 310 58 Deutsche
2541 630 318 72 Jungfrau,
2905 642 135 58 weg
3083 627 110 56 das
3237 622 342 61 Armband!

2189 722 64 56 In
2299 722 100 57 die
2443 718 189 60 Ilose!
2676 720 126 58 Aus
2846 718 142 58 dem
3035 718 232 58 Bocke!

2187 813 127 56 Aus
2358 812 144 57 dem
2546 810 374 58 Streckstütz
2963 810 62 56 in
3071 808 118 58 den
3235 803 357 73 Armstand,

2187 905 139 56 Nun
2373 903 98 58 die
2515 901 253 58 Flanke.
2851 900 157 57 Sehr
3049 903 130 71 gut!
3223 898 242 58 Danke!

2190 995 339 57 Deutsches
2573 991 307 59 Mädchen
2925 991 234 58 Hocke!
3208 991 234 56 Hocke!

2189 1147 113 57 Ein
2348 1145 256 58 Dichter
2646 1150 154 51 trotz
2841 1145 277 56 Beimen.

2189 1299 225 58 Stürtzt
2456 1299 61 56 in
2565 1298 166 57 Eure
2775 1296 328 57 Katarakte

2189 1392 159 56 Lose
2388 1394 398 53 anvertraute
2829 1387 289 60 Schallen

2187 1482 66 56 In
2297 1480 147 58 dem
2488 1479 402 74 Gaukelspiel
2934 1477 113 58 der
3088 1479 156 56 Akte

2187 1575 179 56 Lasst
2407 1572 158 59 euch
2609 1572 284 56 mischen
2937 1570 132 58 und
3112 1572 299 71 begalten.

2185 1726 153 56 Kein
2387 1724 271 71 Dichter,
2702 1729 154 51 trotz
2896 1724 278 56 Beimen.

2184 1817 321 60 Verfasser
2544 1816 325 57 Friedrich
2912 1833 125 40 von
3083 1816 433 56 Hasenclever.

2184 1970 177 57 Noch
2405 1968 497 59 durchschauert
2944 1968 195 56 kaltes
3184 1966 249 56 Grauen

2185 2063 93 56 Da
2317 2060 134 59 ichs
2495 2061 219 71 denke,
2758 2061 123 56 mir
2924 2060 101 57 die
3069 2060 198 57 Brust.

2184 2153 303 73 Nimmer,
2531 2154 274 56 nimmer
2846 2161 166 49 kann
3054 2151 102 58 ich
3200 2151 276 58 schauen

2187 2244 217 58 Dieser
2444 2244 207 56 stillen
2695 2242 237 58 Schuld
2974 2244 292 56 bewusst.

2184 2381 152 58 Kein
2383 2381 256 58 Dichter
2680 2386 157 51 trotz
2878 2381 279 56 Beimen.

2182 2471 320 59 Verfasser
2536 2473 237 59 Walter
2815 2490 122 40 von
2983 2471 283 59 Schiller.

2180 2625 88 71 Ja,
2311 2642 150 41 man
2504 2625 138 71 soll,
2685 2625 169 56 mein
2900 2625 422 58 Hasenclever

2184 2717 135 57 sich
2361 2718 116 56 mit
2519 2718 269 58 Schiller
2829 2717 176 59 nicht
3044 2718 286 73 begatten

2182 2808 259 73 Goethe,
2483 2810 215 73 Heine,
2741 2810 255 71 Werfel,
3040 2810 222 57 Bewer

2182 2900 169 59 Alles
2394 2903 201 73 längst
2634 2906 317 53 vertraute
2993 2900 307 59 Schatten.

2184 3038 155 58 Eine
2378 3038 329 58 Wahrheit
2749 3038 166 58 ohne
2961 3038 313 73 Dichtung
3315 3038 113 56 mit
3452 3037 279 57 Beimen.

2178 3210 42 68 у
2262 3210 369 68 Tonkunst

2185 3309 266 61 Endlich
2483 3314 165 56 wird
2678 3313 163 59 auch
2869 3313 104 59 die
3001 3314 205 56 Musik
3239 3311 489 59 fortschrittlich.

2184 3406 159 57 Bald
2402 3406 168 57 kann
2632 3406 90 57 sie
2783 3411 169 52 ernst
3013 3423 376 57 genommen
3452 3402 276 60 werden.

2184 3494 111 59 Die
2338 3497 235 58 älteren
2605 3497 456 75 Komponisten
3105 3496 447 74 beschäftigten
3596 3494 134 59 sich

2184 3606 118 39 nur
2361 3589 116 56 mit
2519 3589 237 73 Tönen,
2820 3589 102 57 die
2974 3590 90 56 sie
3106 3590 111 56 auf
3254 3587 223 58 höchst
3518 3587 170 58 merk-

2179 3680 286 75 würdige
2487 3680 208 58 Weise
2717 3680 632 58 zusammenstellten.
3391 3680 152 56 Jetzt
3565 3678 165 58 wird

2184 3790 142 41 man
2370 3773 135 60 sich
2548 3773 149 58 bald
2739 3778 193 53 etwas
2971 3773 100 58 bei
3113 3773 112 56 der
3254 3772 203 57 Musik
3487 3770 243 59 denken

2180 3865 269 59 können.
2549 3866 124 56 Das
2734 3866 78 56 ist
2881 3883 109 39 um
3052 3882 70 40 so
3183 3865 393 69 wertvoller,
3638 3865 90 56 als

2182 3954 102 60 die
2351 3956 258 58 Malerei
2685 3954 134 60 sich
2886 3956 63 56 in
2995 3954 244 60 Farben
3306 3954 241 73 auflöst,
3628 3954 102 56 bei

2180 4044 205 61 denen
2416 4066 147 39 man
2595 4048 132 57 sich
2761 4066 127 39 nun
2919 4048 314 74 garnichts
3266 4046 245 57 denken
3542 4046 186 57 kann.

2180 4139 115 58 Die
2355 4139 310 75 Wirkung
2724 4139 113 58 der
2896 4139 343 75 gedachten
3298 4137 205 60 Musik
3565 4137 166 58 stellt

2179 4230 135 60 sich
2356 4232 163 58 auch
2551 4234 225 57 bereits
2807 4234 125 57 ein:
2978 4251 147 40 man
3156 4232 242 59 schläft.
3467 4230 259 58 Denken

2179 4322 77 57 ist
2326 4324 278 57 nämlich
2673 4324 146 57 sehr
2885 4322 265 59 schwer.
3222 4324 160 55 Herr
3443 4320 287 59 Walther

2177 4415 325 58 Bathenau
2571 4415 107 58 hat
2746 4415 100 58 die
2913 4417 265 73 Leitung
3245 4415 112 58 der
3418 4413 308 58 Konzerte

2180 4505 478 59 übernommen.
2720 4506 388 75 Unterlegter
3149 4506 152 58 Text
3345 4523 120 41 von
3511 4505 219 59 Kaiser

2179 4595 274 77 (Georg).
2553 4600 154 55 Zum
2771 4598 254 59 Schluss
3090 4598 194 57 bleibt
3344 4596 152 59 alles
3559 4596 166 59 beim

2179 4689 196 58 Alten.

2174 4863 41 68 ی
2255 4863 234 68 Musik

2179 4965 177 58 Buhe
2397 4965 130 58 und
2580 4967 355 75 Bewegung
2976 4969 171 57 eines
3186 4969 273 74 Körpers
3503 4969 78 57 ist
3609 4986 119 40 nur

2177 5053 200 60 durch
2421 5057 177 57 Buhe
2651 5057 130 57 und
2825 5059 356 74 Bewegung
3228 5059 171 57 eines
3449 5057 277 59 anderen

2177 5148 276 78 Körpers
2482 5148 514 63 wahrnehmbar.
3061 5150 117 59 Die
3206 5150 329 59 Tonkunst
3564 5150 162 59 wird
