3553 4422
1781 127 109 50 296

267 280 64 35 der
358 278 324 44 Vorbereitungen
722 275 59 33 für
822 273 60 35 die
1282 280 102 23 muss
1427 268 58 34 die
1526 267 138 36 bereits
1701 263 88 36 halb

270 339 158 35 studirte
457 337 99 46 Oper
583 332 247 48 Langert's
874 333 61 34 für
976 332 100 33 diese
1108 331 134 34 Saison
1283 327 274 46 zurückgelegt

265 399 114 33 Dann
407 396 93 35 wird
540 406 87 23 man
668 393 68 34 mit
772 403 150 35 grosser
949 390 273 45 Anstrengung
1250 389 59 34 die
1656 385 40 33 in
1725 383 65 35 der

264 457 139 34 letzten
433 455 146 35 Woche
622 453 64 34 der
729 452 134 34 Saison
899 449 310 45 herausbringen,
1237 447 78 34 und
1342 445 179 35 während
1550 444 64 34 der
1641 454 148 35 ganzen

264 517 176 34 früheren
468 515 82 33 Zeit
578 512 92 35 wird
699 511 64 35 der
790 510 73 35 alte
1294 505 56 36 als
1379 506 147 44 einzige
1553 504 157 35 Novität
1738 503 52 33 im

265 576 219 46 Repertoire
511 574 173 46 glänzen.
738 570 86 34 Und
852 570 80 34 dies
962 567 94 35 alles
1083 566 200 47 geschieht
1325 576 97 35 ganz
1464 565 98 33 ohne
1591 563 198 43 Zauberei,

266 648 40 23 es
334 637 50 33 ist
410 647 105 33 pure,
542 634 103 34 reine
675 629 365 37 Geschicklichkeit,

370 696 78 32 Der
471 693 174 34 Tenorist
667 691 98 34 Herr
792 691 219 33 Brunner
1038 687 64 34 hat
1131 687 81 34 sein
1234 685 192 46 Gastspiel
1452 685 139 34 bereits
1620 695 60 23 am
1710 695 60 23 ver-

264 755 188 35 flossenen
481 754 169 44 Sonntag
678 751 214 46 begonnen,
932 749 73 33 wie
1032 747 138 36 bereits
1198 745 200 47 gemeldet,
1440 744 56 36 als
1524 744 149 46 Lyonel
1713 744 79 34 und

266 814 72 37 soll
366 817 95 31 trotz
491 812 220 36 sichtlicher
737 808 276 48 Befangenheit
1042 807 83 34 eine
1167 805 218 35 ehrenvolle
1414 805 216 34 Aufnahme
1657 804 112 46 gefun-

267 873 71 36 den
367 873 138 35 haben.

370 959 99 34 Herr
495 956 274 36 Ferdinand
795 956 129 34 Laub
955 955 92 34 wird
1076 953 96 35 auch
1198 954 37 32 in
1267 952 65 35 der
1359 951 326 36 bevorstehenden
1711 950 61 36 Sai-

267 1031 68 24 son
364 1019 110 34 einen
504 1016 146 47 Cyklus
691 1026 74 25 von
809 1016 87 34 acht
926 1014 476 44 Quartett-Productionen
1435 1013 40 33 in
1504 1012 112 35 Wien
1657 1011 134 47 geben.

266 1081 61 32 Da
355 1079 99 34 Herr
479 1078 107 34 Laub
622 1076 80 35 sich
732 1076 99 34 nach
859 1075 164 35 Moskau
1064 1074 141 46 begibt,
1251 1073 122 35 dürfte
1415 1072 80 34 dies
1535 1073 62 33 für
1637 1071 156 46 längere

266 1139 83 35 Zeit
376 1139 81 34 sein
484 1137 135 35 letztes
641 1137 201 34 Auftreten
869 1136 40 33 in
937 1136 113 35 Wien
1078 1134 94 35 sein.

372 1251 99 33 Herr
514 1247 76 37 Uli
602 1259 120 32 man,
765 1247 64 35 der
857 1248 225 46 Impresario
1124 1246 65 35 der
1216 1246 320 43 Patti-Concerte,
1581 1246 103 34 weilt
1724 1247 73 36 seit

269 1311 152 45 einigen
451 1310 130 45 Tagen
608 1309 40 33 in
678 1307 122 44 Wien,
845 1319 64 22 um
940 1307 58 34 die
1026 1306 141 35 letzten
1195 1306 297 45 Arrangements
1520 1306 61 33 für
1609 1306 104 35 seine
1741 1306 53 35 im

266 1369 215 37 November
508 1368 84 34 dort
620 1368 98 34 Statt
744 1367 203 34 findenden
986 1366 110 35 sechs
1134 1366 185 34 Concerte
1361 1377 47 22 zu
1449 1366 146 36 treffen.
1651 1366 144 34 Ausser

268 1430 221 36 Carlotta
516 1429 126 34 Patti
669 1428 66 34 hat
763 1428 98 33 Herr
889 1426 166 44 Ullman,
1084 1427 71 34 wie
1186 1426 66 35 wir
1280 1425 130 45 hören,
1440 1425 179 47 folgende
1647 1427 122 34 Künst-

265 1490 57 36 ler
360 1491 61 33 für
462 1489 105 35 seine
596 1488 173 46 dortigen
799 1488 187 35 Concerte
1025 1487 140 36 bereits
1206 1486 192 47 engagirt:
1431 1486 62 34 für
1534 1486 65 36 das
1628 1486 166 36 Streich-

269 1550 195 43 Quartett:
502 1550 333 45 Vieuxtemps,
864 1547 418 46 Hellmesberger,
1324 1546 147 44 Auer,
1499 1547 175 45 Piatti;
1715 1548 80 35 fürs

268 1611 152 36 Ciavier
465 1611 168 34 Alfred
674 1609 154 47 Jaell,
871 1611 218 46 Brassin;
1135 1610 61 33 für
1224 1609 173 45 Gesang:
1427 1609 175 47 Roger,
1644 1610 150 45 Gunz;

265 1673 62 34 für
354 1670 288 37 Declamation:
672 1672 100 34 Frau
800 1672 81 34 Nie
891 1682 100 23 man
1004 1682 49 22 n-
1066 1670 23 35 S
1102 1670 187 35 eebach.
1327 1671 73 33 Die
1430 1670 186 35 Concerte
1642 1672 153 33 werden

264 1732 39 34 in
333 1731 84 35 dem
449 1732 130 45 eigens
609 1731 129 33 hierzu
767 1728 471 49 adoptirten.Dianasaale
1268 1729 98 34 Statt
1393 1729 147 46 finden;
1577 1729 58 35 die
1664 1731 131 35 Preise

263 1792 85 36 sind
375 1803 75 24 von
478 1790 25 36 4
508 1788 69 37 —l
609 1790 56 35 Fl.
695 1788 48 38 50
772 1790 66 37 Kr.
866 1790 237 45 festgesetzt.

368 1900 98 33 Herr
505 1900 225 33 Erasmus
758 1896 149 44 Laub,
949 1897 115 34 Vater
1092 1895 65 36 des
1187 1894 220 37 bekannten
1435 1894 357 39 Violin-Virtuosen

262 1959 218 36 Ferdinand
507 1959 119 43 Laub,
655 1959 49 34 ist
732 1958 122 36 dieser
882 1959 117 45 Tage,
1029 1955 49 37 72
1106 1957 119 35 Jahre
1254 1955 64 44 alt,
1346 1957 40 33 in
1416 1957 100 46 Prag
1542 1957 214 47 gestorben.

368 2064 168 47 C*eilt,
567 2063 58 37 10.
657 2064 101 46 Sept.
813 2064 78 34 Vor
920 2063 151 45 einigen
1101 2063 130 46 Tagen
1260 2063 128 35 wurde
1428 2063 41 34 in
1508 2063 65 35 der
1616 2064 174 46 hiesigen

262 2128 53 36 St.
344 2125 294 36 Martinskirche
668 2126 84 33 eine
780 2136 96 23 neue
907 2123 115 47 Orgel
1051 2124 239 47 eingeweiht,
1338 2124 144 35 welche
1524 2124 55 35 als
1617 2124 60 35 ein
1707 2125 63 34 her-

259 2186 258 47 vorragendes
544 2185 231 47 Erzreugniss
819 2185 201 34 deutscher
1049 2184 309 46 Orgelbaukunst
1400 2184 60 35 die
1502 2183 139 36 vollste
1669 2185 99 35 Aner-

258 2249 183 43 kennung
469 2246 183 35 verdient.
711 2246 63 34 Sie
814 2246 50 34 ist
900 2256 67 23 aus
996 2246 65 34 der
1089 2246 142 34 Fabrik
1259 2246 66 35 der
1353 2244 197 37 Gebrüder
1577 2245 147 35 Ibach
1751 2246 41 34 in

259 2308 165 34 Barmen
452 2306 337 44 hervorgegangen
816 2305 80 34 und
922 2305 149 35 besteht
1097 2317 66 23 aus
1193 2307 96 33 zwei
1311 2305 247 37 Claviaturen
1578 2306 68 34 mit
1666 2317 101 23 zwan-

259 2366 63 47 zig
349 2366 212 45 Registern,
592 2365 122 33 einem
744 2364 119 35 freien
892 2364 119 35 Pedal
1040 2366 69 33 mit
1136 2365 110 36 sechs
1274 2366 201 46 Registern
1503 2365 78 35 und
1608 2366 83 35 vier
1717 2367 49 35 Ne-

259 2426 308 46 ben-Registern.
596 2426 97 34 Herr
723 2424 289 47 Capellmeister
1040 2427 255 45 Breunung
1325 2438 66 24 aus
1419 2425 159 36 Aachen
1606 2437 79 24 war
1714 2427 60 35 ein-

259 2486 162 47 geladen
452 2485 165 43 worden,
659 2484 59 35 die
761 2488 124 31 ersten
915 2485 186 46 Vorträge
1130 2497 70 23 vor
1228 2486 125 35 einem
1380 2486 213 46 gewählten
1623 2486 80 35 und
1729 2499 42 22 ur-

257 2545 273 46 teilsfähigen
558 2543 202 35 Publicum
791 2544 68 34 auf
885 2544 64 34 der
976 2556 125 23 neuen
1130 2545 115 47 Orgel
1275 2557 48 24 zu
1350 2547 142 35 halten.
1549 2547 135 35 Durch
1712 2547 82 34 sein

257 2606 188 36 wahrhaft
473 2604 299 36 künstlerisches
801 2603 105 48 Spiel
932 2606 157 34 wurden
1119 2606 59 35 die
1205 2607 287 46 Erwartungen,
1532 2606 145 35 welche
1705 2619 90 23 man

260 2667 100 35 nach
389 2667 143 34 seinem
562 2665 118 35 schon
708 2665 139 35 vorher
877 2664 269 48 abgegebenen
1176 2666 172 36 Urtheile
1388 2668 94 34 über
1524 2667 59 35 die
1612 2669 161 34 Vortreff-

258 2728 162 36 lichkeit
447 2728 66 34 der
532 2726 117 47 Orgel
676 2727 122 45 hegen
828 2726 155 48 konnte,
1012 2728 100 34 noch
1140 2727 63 36 bei
1225 2728 165 36 Weitem
1417 2728 246 36 übertroffen.
1693 2730 101 34 Herr

259 2790 207 45 Breunung
493 2792 87 42 trug
607 2799 71 23 nur
707 2787 140 35 Werke
876 2787 202 35 deutscher
1106 2789 157 34 Meister
1351 2800 75 23 von
1454 2789 118 45 Bach,
1601 2789 169 35 Mendels-

259 2850 108 45 sohn,
397 2850 219 34 Schumann
645 2848 78 35 und
750 2848 148 35 Mozart
1003 2859 82 33 vor,
1125 2848 238 35 namentlich
1404 2849 90 35 aber
1533 2861 79 23 war
1640 2861 38 23 es
1708 2851 85 33 eine

259 2911 108 46 Fuge
389 2910 65 35 des
474 2909 102 35 alten
595 2909 118 43 Bach,
745 2906 145 37 welche
911 2919 97 35 ganz
1037 2907 206 37 besonders
1272 2910 201 46 ansprach,
1502 2910 77 33 und
1608 2910 65 35 der
1701 2911 90 34 tiefe

258 2970 208 45 Eindruck,
509 2970 70 34 den
623 2970 59 34 die
727 2973 125 30 ernste
880 2968 194 48 Richtung
1110 2969 65 34 der
1212 2970 210 34 deutschen
1451 2971 127 34 Kunst
1618 2971 69 34 auf
1725 2971 66 35 das

259 3032 107 34 mehr
394 3031 70 34 den
494 3030 285 35 französischen
806 3029 219 35 Einflüssen
1069 3030 255 47 zugängliche
1363 3030 197 47 belgische
1588 3030 205 35 Publicum

257 3092 52 35 im
339 3091 268 47 Allgemeinen
635 3090 162 44 machte,
841 3102 78 22 war
958 3102 68 35 gar
1066 3091 108 34 nicht
1202 3103 47 23 zu
1277 3090 233 45 verkennen,
1551 3102 79 25 was
1657 3103 64 23 um
1750 3104 41 23 so

257 3152 282 47 augenfälliger
567 3152 224 42 hervortrat,
836 3150 57 35 als
920 3151 82 35 sich
1033 3151 61 34 ein
1122 3152 217 35 namhafter
1364 3152 282 35 französischer
1674 3152 96 47 Orga-

255 3214 78 34 nist
361 3224 47 22 an
438 3211 59 35 die
528 3210 115 48 Orgel
671 3213 132 45 setzte,
847 3210 134 36 dessen
1010 3211 117 47 Spiel,
1155 3213 219 45 gegenüber
1402 3213 73 34 den
1504 3213 287 35 meisterhaften

255 3274 215 45 Vorträgen
515 3272 64 35 des
608 3272 127 34 Herrn
765 3271 222 47 Breunung,
1030 3272 59 35 die
1117 3273 171 34 Zuhörer
1327 3273 107 34 nicht
1461 3284 48 23 zu
1537 3272 143 36 fesseln
1708 3285 64 24 ver-

256 3333 165 37 mochte.
451 3334 73 34 Die
556 3332 198 36 Gebrüder
781 3331 118 37 Ibach
928 3333 123 36 haben
1078 3335 40 33 in
1147 3333 123 37 dieser
1297 3334 117 48 Orgel
1440 3335 59 34 ihr
1529 3340 116 31 erstes
1675 3335 118 36 Werk

255 3394 99 34 nach
381 3393 160 48 Belgien
568 3394 177 46 geliefert
772 3391 91 47 und,
894 3394 71 33 wie
994 3395 68 34 wir
1089 3394 214 35 annehmen
1331 3396 147 42 dürfen,
1506 3395 110 36 ihren
1637 3397 81 34 Ruf
1741 3397 52 34 im

257 3453 172 48 hiesigen
457 3454 129 35 Lande
616 3454 118 34 damit
762 3453 224 48 begründet.

2261 3551 72 51 pie

1890 3613 190 36 erscheint
2110 3612 117 47 jeden
2266 3613 173 46 Samstag
2481 3616 40 32 in
2564 3615 125 33 einem
2730 3625 149 35 ganzen
2914 3614 131 46 Bogen
3090 3613 69 34 mit
3194 3610 245 47 zwanglosen

1891 3664 197 47 Beilagen.
2119 3684 48 5 —
2196 3665 79 33 Der
2296 3665 389 46 Abonnementspreis
2705 3666 151 45 beträgt
2889 3666 60 33 für
2979 3666 65 33 das
3065 3662 190 46 Halbjahr
3283 3660 22 36 2
3323 3662 115 44 Thlr.,

1889 3716 62 36 bei
1980 3716 72 35 den
2074 3716 47 35 K.
2150 3727 144 35 preuss.
2317 3716 313 35 Post-Anstalten
2658 3715 24 37 2
2698 3716 104 35 Thlr.
2827 3716 23 37 5
2870 3716 82 47 Sgr.
3008 3717 96 34 Eine
3134 3711 171 38 einzelne
3325 3714 85 35 Num-

1889 3779 80 24 mer
1996 3767 26 36 4
2050 3767 83 47 Sgr*

1994 3820 127 34 Briefe
2149 3819 80 35 und
2248 3819 279 47 Zusendungen
2562 3818 93 36 aller
2674 3819 71 35 Art
2772 3818 152 36 werden
2953 3822 112 32 unter
3094 3817 64 36 der
3183 3816 166 37 Adresse
3379 3815 64 39 der

1890 3872 53 35 M.
1974 3871 547 47 DuMont-Schauberg'schen
2549 3871 308 47 Buchhandlung
2884 3873 40 32 in
2952 3871 104 35 Köln
3086 3870 166 36 erbeten.

2009 3993 362 36 Verantwortlicher
2399 3992 289 48 Herausgeber:
2719 3993 101 36 Prof.
2854 3991 35 35 L
2893 4017 11 13 ♦
2934 3990 177 47 Bischoff
3133 3992 40 34 in
3202 3989 115 38 Köln.

1965 4046 201 48 Verleger:
2198 4045 53 36 M.
2282 4044 432 48 DuMont-Schauberg''
2720 4045 90 35 sehe
2838 4043 306 46 Buchhandlung
3174 4044 40 33 in
3243 4042 116 36 Köln.
3382 4060 5 5 •

1924 4099 193 37 Drucker:
2150 4097 54 37 M.
2235 4096 420 47 DuMont-Schauberg
2683 4099 38 33 in
2750 4097 116 44 Köln,
2905 4097 246 34 Breitstrasse
3180 4094 49 38 76
3255 4108 36 22 u.
3323 4094 61 38 78.

1887 259 151 47 JBach,
2071 261 37 35 C.
2138 258 81 38 Ph.
2253 261 57 42 E.,
2343 259 202 36 Geistliche
2579 259 107 36 Oden
2707 272 36 25 u.
2769 258 144 36 Lieder
2932 259 37 47 f.
2995 263 20 31 1
3041 258 138 50 Singst,
3203 259 67 36 mit
3294 261 124 35 Clav.-

2196 310 109 48 Begl.
2338 312 87 33 Für
2450 324 93 34 gem.
2578 311 99 35 Chor
2703 316 136 41 gesetzt
2864 323 73 22 von
2966 311 47 36 L.
3043 311 165 37 Botschi.
3239 312 180 36 Partitur

2197 362 84 35 und
2307 360 194 38 Stimmen.
2557 364 50 33 25
2637 362 97 47 Ngr.

1887 412 336 48 Baumfelder,
2253 413 92 46 Fr.,
2381 416 67 43 Op.
2473 417 86 42 114,
2590 412 60 35 Im
2672 412 263 36 Mondschein.
2967 413 271 47 Nachtgesang
3251 414 38 45 f.
3314 414 103 45 Pfte.

2197 467 49 32 12
2253 464 10 21 x
2265 465 33 46 /i
2329 465 97 46 Ngr.
2479 467 67 43 Op.
2576 467 87 41 115,
2693 465 62 34 La
2787 465 162 35 Gazelle.
2990 465 110 34 Valse
3128 466 167 46 elegante
3317 478 105 33 pour

2197 515 139 36 Piano.
2367 514 101 49 12\ji
2495 517 95 45 Ngr.
2627 518 68 42 Op.
2716 519 88 40 116,
2828 516 57 35 Le
2901 516 100 45 petit
3029 516 202 36 Tambour.
3256 518 162 35 Marche

2191 567 128 44 facile
2348 572 34 29 et
2410 567 178 35 brillante
2609 579 106 33 pour
2744 567 141 36 Piano.
2942 569 48 32 12
2998 566 7 19 {
3008 566 32 45 /i
3072 569 94 44 Ngr.

1889 620 238 46 Bergson,
2157 618 67 43 M.,
2261 620 68 43 Op.
2363 621 60 43 60,
2451 619 75 34 Les
2559 618 345 45 Caracteristiques.
2935 618 147 35 Etudes
3111 619 46 35 de
3177 618 109 47 Style
3315 625 34 29 et
3376 619 46 37 de

2199 669 376 46 Perfectionnement
2596 682 41 32 p.
2659 669 45 35 P.
2741 670 89 35 Cah.
2855 673 19 31 1
2907 673 19 32 1
2958 670 107 36 Thlr.
3091 672 92 34 Cah.
3208 673 22 32 2
3250 673 50 33 25
3324 671 98 46 Ngr.

1889 720 223 45 Brahms,
2142 720 114 44 Joh.,
2292 723 67 43 Op.
2390 722 60 42 33,
2482 721 221 35 Bomanzen
2731 733 70 23 aus
2837 721 146 36 Tieck's
3013 723 202 46 Magelone
3232 722 77 45 für
3337 722 83 37 eine

2200 771 141 47 Singst,
2372 773 67 33 mit
2466 771 103 47 Pfte.
2601 774 99 44 Heft
2727 776 36 40 1,
2793 775 36 41 2,
2858 773 25 34 ä
2910 776 21 31 1
2970 773 107 35 Thlr.

1889 822 97 38 Eck
1997 835 71 33 er,
2100 824 55 46 C.,
2189 822 69 46 Op.
2289 825 61 41 12,
2387 826 49 32 12
2467 824 130 35 leichte
2627 823 317 46 Strophenlieder
2962 825 40 45 f.
3027 836 93 34 gem.
3156 825 109 36 Chor.
3311 825 111 38 Part.

2199 886 37 23 u.
2267 873 194 37 Stimmen.
2491 875 99 46 Heft
2617 879 36 41 1,
2682 878 35 40 2,
2747 875 25 34 ä
2800 879 20 31 1
2860 876 106 34 Thlr.
2997 878 49 32 15
3076 876 97 46 Ngr.

1889 927 62 35 Es
1965 926 220 44 chmann,
2227 926 36 34 J.
2309 928 53 43 C.,
2413 929 68 42 Op.
2512 929 60 40 53,
2619 928 51 34 20
2708 926 221 36 schottische
2968 927 347 37 Volks-Melodieen
3347 929 78 45 für

2199 976 157 47 Pianof.
2386 978 255 45 eingerichtet.
2671 978 100 46 Heft
2797 981 20 32 1
2823 1006 8 15 ,
2863 981 35 41 2,
2928 991 24 22 a
2979 981 49 32 22
3035 979 9 21 x
3046 976 20 51 /
3086 976 20 51 2
3126 976 80 51 Ngr.
3262 982 68 43 Op.
3361 982 63 45 54,

2200 1030 49 33 12
2270 1029 268 45 französische
2577 1029 348 36 Volles-Melodieen
2945 1032 77 44 für
3043 1029 153 48 Pianof
3197 1037 77 30 orte
3303 1032 122 47 einge-

2198 1080 146 35 richtet.
2374 1080 97 46 Heft
2498 1084 21 31 1
2526 1108 7 16 ,
2561 1082 36 40 2,
2628 1081 24 34 h
2680 1082 51 34 20
2761 1081 97 46 Ngr.

1894 1130 243 47 Gaynhos,
2168 1133 46 33 E.
2244 1134 70 44 M.,
2348 1131 68 45 Op.
2448 1136 34 39 1,
2524 1134 23 33 6
2580 1131 346 37 Charakterstücke
2949 1134 74 47 für
3051 1133 154 48 Pianof
3206 1140 89 30 orte.
3325 1134 100 47 Heft

2202 1186 35 41 1,
2267 1185 36 44 2,
2333 1183 24 34 h
2385 1185 50 33 15
2464 1183 97 47 Ngr.

1894 1233 34 36 G
1938 1232 100 38 otth
2049 1246 54 23 ar
2113 1234 46 45 d,
2190 1234 35 34 J.
2256 1234 61 45 P.,
2354 1237 67 43 Op.
2452 1237 62 40 43,
2543 1237 51 34 10
2621 1235 250 36 schwedische
2909 1235 234 37 Volkslieder
3171 1236 70 36 der
3267 1236 158 45 Vorzeit,

2192 1286 80 46 für
2296 1298 94 35 gem.
2425 1286 99 35 Chor
2548 1293 147 40 gesetzt.
2726 1287 110 35 Part.
2867 1300 36 23 u.
2929 1287 56 37 St.
3030 1291 21 33 1
3085 1288 106 36 Thlr.
3222 1291 50 33 20
3301 1289 98 46 Ngr.

1893 1336 392 47 Herzogenberg,
2316 1337 52 35 H.
2397 1349 49 36 v.,
2482 1340 68 43 Op.
2581 1341 35 43 1,
2660 1341 22 33 6
2711 1339 145 35 Lieder
2874 1340 80 45 für
2982 1339 84 36 eine
3092 1338 241 49 Singstimme
3360 1341 67 34 mit

2204 1387 153 47 Pianof
2358 1389 189 46 .-Begleit.
2578 1392 50 33 20
2658 1390 99 47 Ngr.
2819 1392 68 43 Op.
2917 1394 35 41 2,
2989 1392 84 35 Der
3100 1393 166 35 verirrte
3294 1392 133 47 Jäger,

2202 1439 171 36 Ballade
2412 1453 74 22 von
2515 1441 258 47 Eichendorff
2799 1444 79 45 für
2921 1443 82 36 eine
3046 1444 91 45 tiefe
3173 1443 155 36 Stimme
3362 1449 68 30 mit

2206 1491 155 47 Pianof
2361 1492 267 48 .-Begleitung.
2688 1497 20 32 7
2715 1494 8 21 x
2725 1495 21 43 /
2746 1491 4 49 r
2751 1508 8 21 i
2792 1494 100 46 Ngr.

1894 1541 242 46 Holstein,
2166 1543 78 35 Fr.
2274 1556 45 31 v.,
2355 1546 68 43 Op.
2453 1547 61 40 16,
2554 1547 23 32 5
2606 1545 145 35 Lieder
2770 1546 78 44 für
2876 1545 83 36 eine
2986 1546 162 36 mittlere
3178 1545 155 38 Stimme
3360 1547 67 35 mit

2206 1594 151 47 Pianof
2358 1595 336 48 orte-Begleitung.
2749 1600 50 31 17
2806 1596 10 22 1
2817 1597 34 47 /2
2882 1598 98 46 Ngr.

1895 1646 426 43 Kammerlander,
2355 1649 154 44 COp.
2539 1651 62 40 19,
2634 1651 23 33 3
2686 1648 287 36 humoristische
3001 1649 145 36 Lieder
3163 1652 78 46 für
3265 1649 165 38 Bariton

2206 1699 67 34 mit
2300 1698 155 47 Pianof
2456 1700 338 47 orte-Begleitung.
2851 1703 49 32 12
2908 1700 9 21 {
2919 1700 34 47 /2
2983 1702 99 46 Ngr.

1895 1749 206 45 Kuntze,
2134 1751 164 44 COp.
2328 1753 86 42 102,
2458 1750 294 37 Soldatenliebe.
2795 1751 161 36 Gedicht
2982 1765 74 23 von
3086 1754 45 35 A.
3163 1752 155 37 Schultz
3352 1754 77 45 für

2205 1801 216 36 vierstimm.
2440 1804 275 35 Männerchor.
2746 1803 183 36 Partitur
2956 1816 37 25 u.
3025 1803 194 38 Stimmen.
3250 1808 50 33 20
3330 1805 98 47 Ngr.

2204 1854 185 36 Dasselbe
2409 1855 35 45 f.
2476 1855 83 35 eine
2589 1855 140 47 Singst,
2759 1856 67 35 mit
2852 1856 155 46 Pianof
3008 1856 135 48 .-Begl.
3198 1860 50 32 12
3254 1857 9 21 1
3267 1858 33 45 /2
3331 1856 98 47 Ngr.

1897 1905 152 44 Naus,
2087 1905 87 44 Th.,
2209 1905 66 45 Op.
2303 1908 62 44 19,
2395 1905 196 37 Bomance
2618 1920 91 22 sans
2732 1909 157 43 paroles
2910 1920 106 33 pour
3044 1908 143 39 Piano♦
3226 1912 50 32 10
3306 1909 99 46 Ngr.

1895 1955 219 46 Pierson,
2144 1957 53 35 H.
2227 1957 169 46 HOp.
2427 1961 60 43 62,
2528 1959 82 33 Das
2639 1959 205 47 Hifthorn.
2888 1959 193 37 Romanze
3101 1961 76 46 für
3205 1962 83 35 eine
3317 1959 114 49 Sing-

2204 2009 143 36 stimme
2374 2010 67 35 mit
2467 2010 157 47 Pianof
2625 2012 336 46 orte-Begleitung.
3018 2014 50 32 15
3098 2013 99 47 Ngr.

1894 2059 143 48 Baff,
2068 2060 236 45 Joachim,
2340 2063 69 44 Op.
2440 2064 86 41 108,
2559 2062 208 35 Saltarello
2790 2075 42 33 p.
2863 2063 140 35 Piano.
3034 2066 50 33 20
3109 2068 97 43 Ngr.
3243 2065 69 44 Op.
3343 2067 88 44 109,

2204 2112 164 35 Beverie
2399 2114 196 35 Nocturne
2618 2126 42 33 p.
2690 2113 139 36 Piano.
2860 2117 50 33 20
2933 2114 97 47 Ngr.
3068 2114 68 46 Op.
3160 2119 88 41 110,
3279 2116 64 36 La
3367 2116 64 36 Gi-

2204 2170 104 31 tana.
2339 2166 135 34 Danse
2500 2165 233 48 Espagnole,
2767 2166 161 45 Caprice
2950 2178 44 33 p.
3023 2166 141 36 Piano.
3194 2170 51 34 20
3276 2168 102 47 Ngr.

1893 2213 255 45 Beinecke,
2183 2215 51 44 C.,
2269 2220 67 42 Op.
2356 2219 61 40 80,
2448 2218 23 33 5
2492 2217 144 35 Lieder
2642 2218 79 44 für
2733 2229 94 34 gem.
2846 2218 113 36 Chor.
2983 2217 112 36 Part.
3119 2230 37 23 u.
3182 2218 56 35 St.
3269 2222 21 30 1
3321 2220 108 35 Thlr.

1893 2263 184 48 Scholz,
2107 2267 165 45 BOp.
2297 2270 60 42 22,
2389 2267 74 36 Die
2492 2267 84 36 drei
2606 2270 203 45 Zigeuner.
2845 2269 159 36 Gedicht
3030 2283 75 22 von
3128 2270 49 36 N
3201 2270 143 36 Lenau
3357 2270 77 47 für

2204 2319 170 36 Bariton
2402 2318 67 36 mit
2500 2319 416 49 Ciavier-Begleitung.
2971 2323 52 33 15
3054 2322 99 46 Ngr.

1905 2369 200 48 Walter,
2136 2371 202 46 August,
2369 2375 67 42 Op.
2456 2374 61 41 18,
2541 2372 159 47 Lustige
2714 2373 256 35 Musicanten.
2996 2373 161 36 Gedicht
3176 2387 74 22 von
3267 2373 163 38 Eichen-

2205 2422 108 46 dorff
2326 2424 76 45 für
2422 2425 268 35 Männerchor
2717 2424 68 35 mit
2811 2425 275 35 willkürlicher
3109 2425 229 49 Begleitung
3359 2437 75 26 von

2202 2477 26 32 4
2256 2475 202 36 Hörnern.
2490 2475 183 36 Partitur
2699 2490 36 22 u.
2769 2476 195 37 Stimmen.
3002 2481 22 31 1
3062 2477 108 36 Thlr.
3200 2481 51 33 20
3281 2479 101 47 Ngr.

1996 2590 110 36 Mein
2133 2590 134 48 Lager
2295 2591 69 36 der
2393 2592 375 47 ausgezeichnetsten

2217 2660 271 75 Flügel
2530 2662 160 60 und
2731 2661 365 62 Claviere

2622 2763 76 25 von

1963 2810 385 87 jßiWfl,
2408 2815 279 67 Merz
2737 2815 215 67 unii
2994 2812 381 89 M*leyei

1890 2907 50 37 ist
1965 2909 194 36 nunmehr
2185 2909 230 49 vollständig
2445 2911 177 36 assortirt
2655 2912 83 36 und
2774 2911 189 48 empfehle
2989 2911 61 36 ich
3078 2911 191 37 dieselben
3295 2925 47 22 zu
3366 2922 64 37 ge-

1891 2961 148 47 neigter
2067 2961 162 37 Ansicht
2255 2963 84 36 und
2367 2963 199 38 Abnahme
2595 2965 159 36 bestens.

2895 3023 82 50 JT.
3027 3024 163 49 fl§ef.

2781 3098 74 38 Nr.
2884 3100 23 33 1
2937 3099 395 47 Marspfortengasse.

791 3625 461 74 Zuküttbiguntjen.

1016 3701 5 9 i

651 3785 197 56 Neue
906 3786 289 57 Musica
1215 3789 19 53 I
1256 3790 18 52 i
1296 3807 28 36 c
1346 3808 48 35 n.

356 3869 61 36 Im
455 3870 160 48 Verläge
659 3884 73 24 von
773 3872 37 36 J.
839 3873 109 36 Biet
962 3886 47 23 er
1018 3895 14 8 -
1042 3874 325 39 Biedermann
1408 3875 41 37 in
1496 3876 157 50 Leipzig
1701 3878 84 36 und

264 3921 235 37 Winterihur
527 3923 89 36 sind
642 3936 40 23 so
712 3924 90 36 eben
831 3926 220 36 erschienen
1091 3927 83 36 und
1219 3928 122 37 durch
1373 3928 94 46 jede
1505 3929 118 38 solide
1653 3930 130 37 Bucli-

252 3974 83 34 und
363 3975 437 49 Musicalienhandlung
827 3989 46 24 zu
901 3978 193 38 beziehen:

252 4033 141 38 Ambr
403 4049 65 33 os,
500 4040 43 34 A.
584 4038 65 45 W.,
684 4040 67 44 Op.
774 4041 61 42 16,
864 4041 23 34 3
919 4039 173 49 Gesänge
1111 4041 37 46 /.
1180 4042 81 36 eine
1284 4041 97 49 Sing
1383 4042 143 37 stimme
1548 4043 66 37 mit
1634 4042 146 39 Piano-

553 4090 369 48 forte-Begleitung.
978 4095 50 33 20
1058 4093 97 45 Ngr.

1995 3214 88 35 Alle
2107 3213 44 36 in
2175 3214 133 35 dieser
2332 3213 326 48 Musik-Zeitung
2683 3214 293 45 besprochenen
3012 3214 87 35 und
3122 3214 322 47 angekündigten

1891 3264 236 38 Musicalien
2156 3272 67 30 etc.
2259 3266 93 35 sind
2382 3278 50 23 zu
2462 3266 182 35 erhalten
2668 3266 43 35 in
2738 3266 72 36 der
2837 3272 91 29 stets
2952 3266 237 47 vollständig
3214 3267 230 35 assortirten

1890 3317 479 48 Musicalien-Handlung
2387 3318 88 35 und
2491 3318 257 35 Leihanstalt
2770 3330 78 24 von
2866 3318 321 36 BERNHARD
3206 3318 237 35 BREUER

1887 3370 44 36 in
1958 3370 120 44 Köln,
2112 3383 135 34 grosse
2271 3370 262 47 Budengasse
2562 3370 78 37 Nr.
2670 3373 36 43 1,
2749 3382 43 23 so
2833 3370 73 36 wie
2946 3370 62 36 bei
3034 3370 39 35 J.
3104 3370 87 35 FR.
3232 3369 210 45 WEBER,

1892 3422 132 36 Hohle
2055 3422 78 37 Nr.
2160 3425 39 34 1.
