3490 4371
1721 176 108 50 338

210 313 136 49 selbst
391 315 157 47 kehrte
592 316 117 47 wohl
752 332 85 31 nur
889 317 78 46 mit
1020 315 264 49 schwacher
1326 317 238 65 Hoffnung
1607 317 114 49 nach

208 391 133 47 Nizza
368 390 181 48 zurück.

329 468 92 45 Der
451 467 210 47 Director
689 467 80 47 der
798 465 213 68 Monday
1039 467 213 69 Populär
1280 468 210 51 Conceris
1528 471 42 46 in
1602 471 90 47 Lon-

207 541 88 48 don
320 541 186 48 brachte
528 560 51 29 zu
605 543 151 47 Ehren
781 545 76 47 des
883 545 202 47 kranken
1110 545 253 48 Reisenden
1387 546 157 47 dessen
1567 546 121 57 Quar-

207 625 81 40 tett
318 618 40 47 in
606 617 54 49 B-moll
661 620 95 46 auf
757 620 45 48 das
840 621 269 63 Programm
1152 621 81 48 der
1275 622 187 64 Sitzung
1500 639 99 31 vom
1632 622 86 48 27.

205 696 142 62 April.
380 697 90 46 Das
498 697 145 47 Werk
675 713 94 31 war
795 698 139 47 schon
964 698 57 47 im
1053 698 284 65 vorjährigen
1362 700 212 47 Sommer
1603 700 115 48 eben

205 769 57 49 da
302 771 105 48 sehr
446 781 81 54 gut
565 772 351 66 aufgenommen
959 774 185 47 worden
1191 774 89 47 und
1329 776 158 48 wurde
1520 776 111 62 jetzt
1674 776 43 47 in

203 847 102 48 dem
335 849 294 49 Privathause
669 852 121 47 eines
818 852 151 47 Herrn
1001 852 196 53 Benson,
1240 868 70 31 wo
1339 852 138 48 Ernst
1518 853 200 56 wohnte,

205 924 42 47 in
280 924 275 64 Gegenwart
584 926 77 48 des
692 927 323 63 Componisten
1053 927 144 48 durch
1235 927 71 48 die
1336 929 178 47 Herren
1547 929 141 49 Vieux-

201 1008 159 57 temps,
395 1002 206 56 Wiener,
635 1003 156 48 Webb
824 1004 88 47 und
944 1004 131 49 Piatti
1115 1004 184 65 probirt.
1359 1007 154 56 Ernst,
1552 1007 83 48 der
1670 1023 46 31 es

201 1077 65 48 bis
296 1078 135 48 dahin
459 1096 86 30 nur
573 1096 82 32 von
689 1081 274 48 Dilettanten
1000 1082 165 65 gehört
1208 1082 140 56 hatte,
1386 1100 95 31 war
1509 1083 107 47 sehr
1644 1101 48 30 er-

201 1154 115 48 freut
357 1154 201 50 darüber
605 1157 89 48 und
737 1158 161 63 sprach
943 1157 86 49 den
1077 1159 343 49 ausführenden
1467 1161 248 48 Künstlern

201 1232 151 48 seinen
384 1237 240 44 wärmsten
655 1233 134 48 Dank
817 1234 139 48 dafür
986 1234 143 65 aus*).

315 1309 155 48 Dieses
494 1310 215 58 Quartett
738 1328 95 32 war
863 1313 120 47 eines
1012 1329 83 31 von
1130 1312 87 49 den
1247 1312 154 49 dreien
1433 1312 90 64 (die
1553 1313 162 48 beiden

202 1385 198 49 anderen
440 1388 42 46 in
511 1385 47 50 A
588 1387 90 49 und
719 1388 42 48 in
802 1388 76 65 C),
920 1388 142 49 durch
1110 1389 139 48 deren
1280 1389 309 66 Composition
1635 1389 81 48 der

200 1462 217 48 Künstler
438 1463 90 47 sich
553 1463 114 49 über
689 1465 121 52 seine
833 1465 313 65 körperlichen
1170 1467 274 48 Schmerzen
1467 1483 52 32 zu
1543 1469 172 46 trösten

198 1539 173 56 suchte,
401 1539 70 48 die
502 1540 73 47 ihn
606 1542 42 47 in
678 1542 85 48 den
794 1543 159 48 letzten
983 1561 118 30 neun
1134 1543 65 48 bis
1228 1544 112 48 zehn
1367 1544 174 48 Jahren
1569 1544 146 48 seines

197 1615 179 48 Lebens
408 1618 82 47 fast
518 1618 71 47 nie
619 1619 251 48 verliessen.
901 1620 63 47 Im
997 1620 203 49 October
1231 1620 143 50 1864
1406 1637 95 32 war
1523 1638 51 32 er
1594 1620 119 50 noch

196 1691 164 49 einmal
400 1694 43 47 in
483 1694 141 57 Paris,
667 1712 70 31 wo
779 1696 94 49 ihm
917 1696 70 49 die
1017 1698 181 48 Herren
1228 1699 189 48 Holmes
1459 1698 98 66 (das
1584 1698 107 49 treff-

197 1769 112 48 liche
341 1770 570 67 Künstler-Brüderpaar),
950 1775 231 66 Jacquard
1223 1775 92 48 und
1345 1776 99 65 Ney
1480 1775 110 48 zwei
1627 1792 84 31 von

188 1845 135 65 jenen
355 1846 273 59 Quartetten
658 1850 282 65 vorspielten.
997 1853 201 64 Stephen
1230 1853 156 49 Heller
1424 1853 179 49 schrieb
1632 1853 53 49 da-

193 1924 111 48 mals
335 1925 116 47 über
479 1924 121 49 diese
631 1926 398 66 Corapositionen:

320 2003 137 54 „Wir
495 2004 163 48 wollen
700 2005 123 48 nicht
864 2006 265 55 versuchen,
1171 2006 144 49 durch
1357 2008 100 47 eine
1495 2006 216 50 trockene

191 2079 195 65 Analyse
427 2080 99 48 eine
563 2081 105 50 Idee
709 2099 84 32 von
837 2084 150 47 diesen
1025 2084 144 48 durch
1210 2085 129 48 ihren
1372 2085 198 65 Umfang
1618 2084 92 49 und

191 2155 128 48 ihren
355 2156 186 50 inneren
575 2159 167 48 Werth
774 2177 49 31 so
854 2160 317 50 bedeutenden
1203 2161 209 50 Werken
1452 2179 53 32 zu
1544 2161 166 66 geben.

189 2231 107 48 Man
338 2232 104 49 darf
478 2235 120 47 nicht
640 2235 87 48 den
779 2236 412 66 liebenswürdigen
1250 2239 324 65 Componisten
1630 2239 81 48 der

189 2309 209 49 Othello-
443 2310 88 48 und
563 2312 424 51 Pirata-Phantasie
1024 2315 129 49 darin
1198 2316 190 56 suchen,
1438 2316 119 48 wohl
1598 2316 112 50 aber

189 2385 191 49 erkennt
410 2404 102 33 man
542 2389 86 49 den
659 2391 313 66 merkwürdig
1006 2398 183 59 grösser
1226 2394 91 48 und
1349 2394 152 48 klarer
1528 2410 150 48 gewor-

191 2462 144 50 denen
357 2465 221 66 Schöpfer
600 2467 113 58 der,
1212 2471 423 50 Violin-Concertes
1664 2472 43 49 in

186 2540 198 51 Fis-dur
410 2541 127 51 darin
570 2545 182 48 wieder.
809 2547 139 56 Alles,
990 2564 93 33 was
1111 2547 121 50 diese
1260 2549 111 48 zwei
1404 2549 177 48 Werke
1609 2565 74 33 ver-

188 2618 189 55 hiessen,
408 2620 54 48 ist
492 2621 96 48 hier
617 2624 320 57 verwirklicht,
968 2625 90 48 und
1089 2643 105 33 man
1223 2626 80 51 hat
1330 2626 133 50 einen
1487 2627 220 49 Künstler

187 2711 81 33 von
310 2696 125 49 edier
464 2700 103 54 Art,
603 2700 80 48 der
724 2701 86 50 den
842 2702 148 65 Gipfel
1030 2705 147 48 seiner
1218 2705 254 66 Begabung
1511 2705 197 49 erreicht

188 2773 94 58 hat,
311 2791 77 32 vor
415 2776 107 49 sich.
1038 2812 30 7 ..
1419 2810 19 14 .•
1500 2817 8 10 .

309 2852 165 56 „Diese
502 2853 242 59 Quartette
776 2856 120 48 kann
932 2874 88 32 nur
1057 2859 70 49 ein
1158 2859 219 50 Künstler
1404 2859 301 66 geschrieben

184 2927 168 60 haben,
381 2930 80 49 der
489 2931 71 49 die
587 2933 176 50 Werke
791 2933 80 50 der
901 2952 188 47 grossen
1118 2937 185 49 Meister
1331 2936 146 50 dieser
1500 2937 206 66 Gattung

183 3005 244 50 anhaltend
457 3008 163 50 studirt
649 3010 92 49 und
770 3011 199 49 hundert
992 3013 90 49 Mal
1110 3013 140 50 selbst
1278 3022 303 59 vorgetragen
1612 3015 93 49 hat.

183 3082 94 48 Der
299 3083 80 49 Stil
409 3086 55 47 ist
492 3102 83 33 von
598 3088 184 65 Anfang
813 3088 65 50 bis
901 3090 132 49 Ende
1062 3091 251 66 durchweg
1341 3092 118 57 edel,
1487 3092 219 66 nirgends

179 3160 99 48 eine
327 3161 116 66 feige
484 3163 293 66 Gefälligkeit
827 3167 76 48 für
951 3168 393 51 unkünstlerische
1392 3170 113 49 oder
1551 3171 155 49 frivole

181 3237 174 51 Ohren.
394 3241 103 49 Ihre
525 3242 250 51 Schönheit
802 3246 55 47 ist
885 3253 122 42 ernst
1038 3248 89 49 und
1156 3256 156 57 streng
1341 3248 92 50 und
1464 3265 84 33 von
1572 3250 134 64 jener

181 3316 101 59 Art,
324 3317 71 50 die
437 3320 133 49 allein
610 3323 147 47 einem
791 3323 177 49 Werke
998 3325 72 49 die
1096 3326 203 49 Zukunft
1327 3327 182 48 sichert.
1567 3328 109 49 Dess-

181 3392 104 48 halb
315 3393 104 50 darf
445 3414 104 31 man
579 3397 112 50 aber
720 3400 123 48 nicht
884 3401 220 65 glauben,
1144 3402 103 51 dass
1277 3420 47 33 es
1351 3405 138 49 ihnen
1519 3420 57 33 an
1607 3406 64 48 Me-

179 3469 116 50 lodie
337 3473 139 57 fehle;
526 3478 276 49 namentlich
843 3478 149 51 bieten
1023 3480 71 50 die
1132 3482 265 66 langsamen
1426 3483 131 49 Sätze
1599 3500 78 33 aus-

178 3546 329 62 drucksvollen,
528 3553 365 52 einnehmenden
917 3557 94 50 und
1033 3558 64 50 oft
1117 3560 116 49 auch
1257 3560 448 50 leidenschaftlichen

177 3624 181 69 Gesang
399 3628 95 51 dar.
550 3632 86 49 Die
673 3633 234 51 Scherzo's
949 3636 99 49 sind
1090 3638 104 49 echt
1233 3638 346 51 humoristisch:
1623 3638 82 51 das

175 3711 119 42 erste
315 3703 79 51 hat
417 3707 114 57 eine,
555 3726 104 33 man
682 3711 182 50 möchte
885 3728 165 51 sagen:
1081 3716 430 65 epigrammatische
1533 3718 172 59 Kürze,

174 3779 79 50 das
276 3783 170 51 andere
470 3786 53 48 ist
548 3787 207 68 dagegen
780 3791 107 49 sehr
902 3791 342 68 durchgeführt
1265 3796 92 49 und
1377 3797 118 67 zeigt
1515 3797 157 51 harmo-

177 3858 152 51 nische
361 3862 91 49 und
480 3863 310 66 rhythmische
813 3869 324 61 Kühnheiten;
1167 3872 134 52 beide
1329 3875 130 49 Sätze
1489 3876 213 49 erinnern

174 3934 111 50 aber
314 3939 121 50 nicht
470 3942 61 49 im
560 3944 264 68 geringsten
864 3962 57 34 an
959 3948 183 52 frühere
1170 3952 328 67 Schöpfungen
1534 3955 45 49 in
1609 3953 93 51 die-

276 4111 38 47 *)
419 4115 167 36 Musical
718 4116 147 49 World,
866 4120 91 49 Jahrgang
958 4120 101 47 ]8(io,
1090 4125 62 37 Nr.

1821 331 73 31 ser
1919 315 219 64 Gattung,
2171 316 90 48 und
2291 317 79 49 das
2399 319 54 47 ist
2482 321 70 46 ein
2582 336 177 47 grosses
2785 321 254 51 Verdienst.
3070 325 81 47 Mit
3185 326 158 48 Einem

1825 392 191 48 Worte:
2056 392 118 48 diese
2206 393 245 58 Quartette
2488 396 243 50 bekunden
2771 399 99 47 eine
2910 400 293 65 vollständige
3234 404 74 47 Um-

1823 468 247 65 wandlung
2111 468 77 50 des
2232 487 186 46 grossen
2464 472 240 50 Virtuosen
2746 491 102 31 zum
2888 475 323 66 Componisten
3253 480 91 47 und

1820 545 240 48 verdienen
2088 545 72 49 die
2199 551 174 60 grösste
2403 548 423 50 Aufmerksamkeit
2861 552 112 48 aller
3000 553 204 49 Musiker
3251 556 92 48 und

2066 621 36 65 *)

1934 700 135 47 Eines
2099 698 145 49 dieser
2273 701 244 57 Quartette
2548 719 96 31 war
2672 703 117 47 auch
2827 721 52 31 zu
2908 705 192 48 London
3140 707 59 48 im
3236 708 107 47 Juni

1823 771 143 50 1864
1997 774 42 47 in
2069 773 103 50 dem
2693 780 41 47 in
2766 780 64 48 St.
2853 781 155 48 James
3032 783 123 55 Hall,
3184 782 160 50 dessen

1818 851 255 48 Einnahme
2110 868 101 32 zum
2242 853 164 48 Besten
2435 853 77 50 des
2540 854 264 51 Leidenden
2849 856 231 51 bestimmt
3110 875 112 42 war,
3264 877 53 47 ge-

1814 928 131 64 spielt
1974 928 202 50 worden.
2211 931 51 47 In
2300 931 170 49 diesem
2502 932 222 49 Concerte
2759 934 158 65 spielte
2955 936 150 48 ferner
3127 938 212 47 Joachim

1815 1002 71 49 die
2150 1022 83 32 von
2256 1007 157 56 Ernst,
2436 1008 301 50 Wieniawski
2768 1011 71 48 die
2869 1013 363 65 Transscription
3258 1030 85 31 von

1814 1081 266 48 Schubert's
2461 1086 120 48 Frau
2611 1087 259 48 Dustmann
2900 1088 92 48 und
3023 1089 118 49 Sims
3171 1092 173 47 Reeves

1815 1164 165 56 trugen
2012 1158 207 65 Gesänge
2248 1176 93 33 vor.

1932 1234 298 50 Bekanntlich
2256 1237 76 48 hat
2356 1238 136 48 Ernst
2515 1239 218 49 während
2756 1242 150 47 seiner
2930 1241 385 50 Virtuosen-Lauf-

1816 1310 122 49 bahn
1976 1313 111 48 viele
2119 1313 370 66 Compositionen
2530 1317 398 65 herausgegeben,
2975 1319 174 50 welche
3179 1321 137 66 haupt-

1812 1388 196 48 sächlich
2039 1389 87 48 den
2148 1392 166 48 Zweck
2343 1392 176 56 hatten,
2547 1394 94 48 sein
2670 1395 122 65 Spiel
2822 1395 43 49 in
2891 1395 255 51 Concerten
3175 1398 43 48 in
3250 1399 69 47 vol-

1814 1464 87 48 lem
1933 1465 168 49 Glänze
2138 1484 54 31 zu
2233 1469 170 64 zeigen.
2463 1469 95 50 Wo
2588 1472 129 47 sollte
2747 1488 48 32 er
2825 1473 115 48 auch
2973 1473 70 49 bei
3074 1477 153 45 seinen
3260 1491 55 31 un-

1812 1549 310 57 ausgesetzten
2163 1544 401 51 Künstlerfahrten
2613 1548 144 48 durch
2797 1549 189 66 Europa
3033 1550 72 49 die
3154 1552 188 64 nöthige

1814 1619 133 48 Ruhe
1988 1637 101 32 zum
2131 1622 215 49 Schaffen
2388 1627 235 61 grösserer
2656 1625 178 50 Werke
2870 1636 229 40 ernsterer
3135 1629 207 65 Gattung

1811 1696 231 65 gefunden
2073 1698 167 59 haben,
2281 1699 66 50 bis
2385 1702 94 48 ihm
2521 1702 144 49 leider
2693 1703 72 49 ein
2795 1704 286 50 furchtbares
3109 1707 231 48 Schicksal

1811 1774 123 48 diese
1964 1775 149 57 Ruhe,
2145 1775 115 50 aber
2286 1778 84 49 auf
2392 1779 308 51 schreckliche
2732 1782 176 58 Weise,
2939 1782 202 50 brachte.
3193 1784 149 48 Allein

1811 1851 116 49 auch
1979 1860 132 41 unter
2157 1854 153 49 seinen
2353 1855 644 68 Virtuosen-Compositionen
3037 1859 99 50 sind
3175 1860 167 65 einige,

1810 1928 72 50 die
1910 1947 103 31 zum
2044 1931 128 49 Theil
2202 1933 314 58 stellenweise,
2559 1952 102 31 zum
2701 1936 131 49 Theil
2873 1954 114 47 ganz
3024 1936 105 67 (wie
3159 1938 71 49 die
3262 1938 52 49 be-

1811 2008 186 48 rühmte
2296 2011 111 49 Sinn
2431 2013 91 47 und
2548 2013 170 48 Gefühl
2751 2014 76 48 für
2856 2014 80 49 das
2966 2015 172 50 höhere
3159 2015 181 50 Schöne

1811 2083 43 49 in
1900 2083 81 49 der
2025 2086 148 49 Kunst
2214 2086 283 51 offenbaren.
2555 2090 131 48 Auch
2715 2091 96 49 sein
2841 2091 198 50 Concert
3066 2094 44 47 in

1810 2160 166 66 gehört
2004 2161 153 51 dahin.

1927 2240 89 47 Am
2046 2244 207 61 grössten
2282 2258 98 32 war
2409 2259 50 32 er
2489 2243 172 49 freilich
2691 2244 64 48 als
2784 2245 295 50 ausübender
3108 2248 230 48 Künstler.

1807 2315 96 48 Seit
1924 2316 153 65 Spohr
2107 2334 97 33 war
2232 2335 50 32 er
2310 2319 82 48 der
2417 2320 147 57 Erste,
2595 2320 81 50 der
2705 2323 80 48 mit
2813 2323 148 48 einem
2991 2339 188 48 grossen
3209 2325 129 47 Tone

1807 2392 132 49 einen
1970 2394 231 49 wahrhaft
2239 2396 261 64 poetischen
2531 2398 202 64 Vortrag
2771 2398 82 49 der
2882 2400 198 48 Melodie
3118 2399 221 57 verband,

1807 2469 120 50 denn
1956 2470 83 49 der
2066 2489 158 48 grosse
2253 2475 99 47 Ton
2392 2475 133 48 allein
2568 2476 153 49 macht
2761 2478 117 48 noch
2922 2478 284 66 keineswegs
3249 2478 89 49 den

1804 2547 302 51 seelenvollen
2154 2550 184 66 Gesang
2379 2552 81 49 auf
2514 2551 81 50 der
2644 2552 178 50 Violine
2875 2570 96 33 aus.
3046 2556 128 49 Dazu
3231 2555 107 50 kam

1805 2625 120 49 dann
1956 2626 291 51 bekanntlich
2277 2630 101 48 eine
2406 2630 228 49 eminente
2657 2631 224 59 Technik,
2910 2632 145 50 durch
3086 2634 173 49 welche
3289 2650 51 33 er

1804 2702 72 50 die
1913 2707 209 63 grössten
2152 2706 424 66 Schwierigkeiten,
2619 2709 72 48 die
2732 2710 184 49 er.sich
2961 2711 64 48 oft
3062 2720 92 41 erst
3198 2711 140 48 selbst

1802 2781 136 48 schuf
2566 2786 252 57 „Carneval
2841 2804 84 33 von
3256 2789 83 48 mit

1802 2857 305 66 Leichtigkeit
2149 2861 91 50 und
2279 2862 208 50 Anmutb
2536 2871 205 59 vortrug,
2787 2864 119 50 denn
2955 2866 119 48 auch
3115 2866 73 48 die
3229 2866 81 50 Ele-

1804 2952 115 49 ganz
1962 2954 97 32 war
2099 2939 101 49 eine
2244 2940 106 48 sehr
2399 2941 413 51 hervorstechende
2860 2944 295 66 Eigenschaft
3194 2945 146 48 seines

1805 3013 160 66 Spiels,
2021 3016 157 50 Wenn
2220 3016 144 51 dieses
2404 3019 45 48 in
2492 3019 89 49 den
2624 3020 164 49 letzten
2828 3021 174 50 Jahran
3046 3022 149 49 seiner
3235 3021 79 50 Vir-

1802 3093 250 49 tuosenzeit
2093 3095 125 49 nicht
2263 3096 165 50 immer
2469 3097 147 65 gleich
2658 3115 113 39 war,
2821 3100 124 48 nicht
2980 3101 101 64 Tag
3121 3100 77 48 für
3240 3101 100 65 Tag

1805 3168 93 50 und
1925 3171 176 49 Stunde
2134 3173 76 49 für
2238 3173 176 54 Stunde
2444 3175 226 59 dasselbe,
2709 3193 52 33 so
2799 3193 98 33 war
2935 3177 80 50 das
3053 3179 61 48 im
3147 3177 192 50 Grunde

1805 3247 72 50 bei
1899 3248 148 50 seiner
2069 3251 488 65 Eigenthümlichkeit,
2586 3253 72 50 die
2686 3253 95 61 ihn,
2806 3256 86 48 wie
2908 3255 139 66 jeden
3070 3256 272 66 originellen

1805 3326 235 60 Künstler,
2069 3345 89 32 nur
2185 3328 44 50 in
2258 3330 287 64 glücklichen
2576 3331 226 58 Stunden,
2831 3350 72 32 wo
2934 3333 82 50 der
3044 3333 298 67 angeborene

1805 3405 187 48 Instinct
2021 3405 311 61 durchbrach,
2360 3408 104 50 dem
2494 3410 187 49 vollsten
2705 3410 264 66 Schwünge
2997 3411 82 49 der
3100 3412 210 65 Begeiste-

1804 3497 120 50 rung
1952 3482 191 66 hingab,
2169 3485 126 49 nicht
2322 3485 118 50 eben
2468 3504 54 30 zu
2552 3487 326 57 verwundern,
2906 3488 146 50 daher
3075 3488 119 50 denn
3218 3490 120 48 auch

1804 3558 141 51 schon
1983 3561 44 49 in
2073 3562 156 50 seinen
2268 3562 226 67 kräftigen
2529 3565 175 49 Jahren
2737 3566 95 48 ihm
2868 3566 211 51 derselbe
3118 3566 224 49 Vorwurf

1805 3638 260 51 manchmal
2096 3641 216 65 gemacht
2340 3641 176 51 wurde.
2572 3643 164 66 Später
2778 3643 114 50 aber
2934 3661 99 33 war
3072 3645 123 49 diese
3225 3645 88 48 Ver-

1802 3716 313 52 schiedenheit
2143 3718 44 50 in
2218 3718 81 51 der
2326 3720 419 52 Vollkommenheit
2774 3722 79 50 des
2875 3722 147 66 Spiels
3049 3723 102 50 eine
3180 3726 134 47 natür-

1805 3795 115 49 liche
1952 3797 142 65 Folge
2133 3796 78 49 des
2251 3797 320 67 körperlichen
2606 3800 272 61 Zustandes,
2915 3800 84 50 der
3043 3801 299 66 nothwendig

1804 3873 82 49 mit
1908 3873 104 50 dem
2036 3876 185 65 Mangel
2244 3891 59 34 an
2326 3877 134 50 Kraft
2482 3877 118 50 auch
2627 3878 101 50 eine
2756 3878 245 51 lähmende
3023 3880 322 67 Abspannung

1804 3951 80 49 des
1913 3952 176 51 Geistes
2119 3953 335 52 herbeiführte.
2494 3956 64 49 So
2587 3956 151 52 haben
2770 3958 84 50 wir
2881 3958 77 50 ihn
2987 3977 36 31 z.
3053 3960 49 48 B.
3135 3958 116 50 noch
3282 3958 62 49 im

1909 4131 39 47 *)
1976 4130 85 49 Vgl.
2093 4130 128 37 Bevue
2250 4137 35 30 et
2316 4133 152 35 Gazette
2494 4133 182 35 musicale
2704 4133 46 37 de
2780 4133 129 46 Paris,
2944 4132 108 47 1864,
3084 4135 62 37 Nr.
3175 4133 64 40 45»
