3568 4391
1772 97 107 48 224

358 234 49 34 Es
436 245 76 23 war
539 232 150 35 neulich
720 233 36 33 in
788 231 124 36 diesen
941 231 166 35 Blättern
1137 242 72 23 von
1239 230 65 36 der
1332 231 98 47 Oper
1461 231 221 47 „Macbeth**
1715 243 71 23 von

281 293 150 36 Verdi
471 292 57 35 die
569 292 101 34 Rede
713 293 55 44 (in
798 293 62 34 Nr.
889 290 49 37 24
965 294 108 31 unter
1102 291 151 43 Wien,
1296 292 118 34 wobei
1458 303 45 22 zu
1539 290 247 46 berichtigen,

281 351 86 35 dass
384 350 176 34 Macbeth
588 351 110 33 keine
725 362 105 32 neue,
859 349 155 35 sondern
1043 350 80 33 eine
1151 350 116 34 ältere
1290 350 100 45 Oper
1408 349 142 35 Verdi's
1581 350 88 43 ist);
1693 350 96 43 jetzt

280 411 111 34 hören
422 411 66 32 wir
515 409 90 35 aber
632 421 73 23 von
736 411 139 34 Paris
909 419 68 23 aus
1007 419 71 23 von
1108 409 101 33 einer
1236 409 95 35 noch
1362 412 153 42 ärgeren
1545 407 218 35 Zurechtma-

279 469 126 45 chung
433 470 100 33 eines
555 468 174 35 Drama's
759 480 69 22 von
853 467 257 44 Shakespeare
1139 478 85 23 zum
1245 468 228 45 Operntexte
1514 468 95 33 Herr
1637 466 151 35 Ambr.

281 527 199 34 Thomas
523 527 158 35 arbeitet
725 527 134 34 bereits
901 527 70 32 seit
1011 526 173 45 längerer
1212 527 82 33 Zeit
1322 539 45 21 an
1396 528 121 32 nichts
1547 526 240 45 Geringerem

278 585 55 34 als
361 597 47 23 an
437 587 102 34 einer
556 588 225 43 vieractigen
803 586 99 44 Oper
1217 586 162 34 welches
1400 587 142 33 Drama
1566 585 57 34 die
1645 584 141 34 Herren

276 645 139 35 Jules
455 646 203 34 Barbier
697 645 75 33 und
811 645 176 33 Michel
1217 647 77 32 ihm
1339 646 145 34 erobert
1511 644 75 34 und
1618 645 170 44 veropert

276 703 144 35 haben!
461 705 70 34 Wo
562 705 86 33 wird
676 715 85 23 man
790 703 93 35 doch
913 703 93 35 noch
1038 704 58 34 die
1125 705 237 45 Opernstoffe
1391 703 244 36 hernehmen!
1679 702 107 35 Doch

275 764 95 33 wie?
401 765 74 33 Das
503 775 93 22 neue
624 762 179 35 Gebäude
831 763 65 34 des
932 763 162 35 Thedtre
1122 764 149 46 lyrique
1308 764 89 34 wird
1425 775 83 22 zum
1541 764 143 32 Winter
1713 762 54 33 fer-

277 824 57 44 tig
371 823 74 34 und
474 824 65 32 mit
567 824 99 32 einer
692 833 120 23 neuen
842 823 100 45 Oper
983 835 72 23 von
1094 824 193 44 Haldvy
1329 823 76 33 und
1447 823 61 34 St.
1551 823 229 44 Georges,

480 882 210 45 geheissen,
710 883 224 44 eingeweiht
953 882 156 36 werden.
1137 884 96 41 Nun,
1263 882 45 34 da
1330 882 121 34 haben
1471 882 120 35 wir's!
1623 883 155 41 Schnee,

277 942 123 34 Sturm
428 941 75 35 und
535 942 180 34 Gewitter
819 943 66 34 das
927 944 50 32 ist
1017 943 53 33 oft
1111 954 125 33 genug
1278 942 47 34 da
1365 953 193 34 gewesen:
1607 941 89 35 aber
1725 942 58 33 die

276 1000 273 35 Siindfluth
586 1002 70 33 auf
681 1001 64 35 der
772 1002 143 42 Bühne,
955 1002 34 33 d.
1018 1001 35 34 h.
1083 1001 58 33 die
1170 1000 203 44 wirkliche,
1401 1001 103 34 nicht
1535 1000 58 34 die
1622 1001 138 33 musica-

271 1059 130 44 lische,
430 1059 66 35 das
528 1061 51 33 ist
608 1061 181 35 wahrlich
817 1072 73 22 neu
906 1059 7 37 !

352 1181 71 34 Die
452 1179 193 48 belgische
669 1181 216 45 Regierung
923 1180 64 34 hat
1014 1180 120 34 Herrn
1169 1181 153 43 Fetis,
1357 1181 175 35 Director
1560 1181 63 34 des
1652 1180 110 46 könig-

271 1240 124 35 lichen
424 1240 346 36 Conservatoriums
800 1242 35 33 in
866 1241 163 41 Brüssel,
1070 1242 229 45 beauftragt,
1344 1243 61 34 für
1433 1242 59 34 die
1520 1242 242 35 bevorstehen-

273 1301 70 35 den
365 1302 343 45 September-Feste
735 1302 57 33 ein
812 1312 150 34 grosses
982 1301 206 35 Musikfest
1210 1313 47 23 zu
1280 1303 268 34 veranstalten.
1598 1303 185 34 Dasselbe

273 1362 71 35 soll
372 1373 68 23 aus
469 1362 89 33 zwei
579 1361 205 34 Concerten
812 1360 202 45 bestehen;
1040 1363 38 33 in
1108 1362 82 34 dem
1219 1367 123 30 ersten
1372 1364 117 34 sollen
1519 1365 80 32 eine
1618 1364 165 34 Sinfonie

272 1432 71 24 von
373 1420 207 34 Beethoven
622 1420 75 33 und
724 1420 264 35 Bruchstücke
1029 1432 68 24 aus
1140 1422 69 34 den
1250 1424 305 45 vorzüglichsten
1585 1423 196 35 Oratorien

270 1479 180 34 Händel's
480 1491 64 22 zur
570 1479 240 46 Aufführung
839 1480 185 34 kommen.
1055 1482 78 33 Das
1155 1482 132 34 zweite
1309 1481 160 36 Concert
1492 1482 89 35 wird
1602 1493 159 34 vorzugs-

270 1540 111 33 weise
408 1538 69 34 den
506 1538 315 46 Solo-Vorträgen
852 1540 64 34 der
938 1540 142 34 Herren
1105 1541 257 46 Vieuxtemps,
1393 1542 150 34 Servais
1571 1541 77 34 und
1676 1541 80 33 Lem-

268 1609 102 23 mens
399 1599 199 44 gewidmet
626 1601 92 33 sein.
759 1601 71 33 Die
859 1611 130 34 grosse
1018 1600 125 46 Orgel,
1170 1613 47 22 zu
1246 1602 112 33 deren
1386 1602 206 44 Erbauung
1621 1601 57 34 die
1707 1601 51 34 Ko-

267 1661 81 31 sten
375 1670 73 24 von
478 1658 82 35 dem
589 1659 141 42 Staate,
773 1660 63 34 der
864 1661 161 34 Pi*ovinz
1066 1661 75 33 und
1171 1661 63 34 der
1263 1661 200 35 Gemeinde
1491 1661 270 46 gemeinschaft-

267 1717 76 36 lich
378 1719 252 46 beigesteuert
671 1720 164 44 wurden,
879 1721 91 34 wird
1012 1721 59 36 bei
1111 1722 120 35 dieser
1272 1722 246 45 Gelegenheit
1560 1721 224 46 eingeweiht

269 1778 159 35 werden.
484 1780 90 34 Man
606 1780 88 34 wird
724 1781 105 33 einen
859 1780 99 35 Chor
986 1792 71 22 von
1090 1779 70 39 180
1190 1781 166 47 Sängern
1385 1781 76 35 uud
1492 1782 58 34 ein
1581 1781 202 35 Orchester

268 1850 73 24 von
374 1839 69 37 120
471 1841 208 34 Künstlern
708 1842 228 44 vereinigen.

1177 1933 228 7 •
1406 1933 2 7 ,

584 1981 89 34 Wer
699 1980 104 35 hätte
831 1980 176 45 gedacht,
1049 1980 85 35 dass
1171 1980 230 36 Körner's
1437 1981 78 34 und
1544 1981 41 35 C.
1615 1981 50 35 M.
1692 1993 91 23 von

270 2039 206 35 Weber's
518 2039 146 47 „Wilde
692 2040 103 46 Jagd
824 2039 228 45 Lützow's",
1093 2041 68 33 mit
1202 2041 163 34 welcher
1405 2041 58 34 die
1490 2042 188 34 Preussen
1724 2041 59 36 die

266 2100 210 34 Franzosen
505 2098 98 38 1813
632 2111 67 23 aus
729 2100 263 35 Deutschland
1020 2100 157 45 trieben,
1208 2102 49 33 im
1285 2102 117 34 Jahre
1432 2101 111 43 1861,
1582 2105 108 31 unter
1718 2102 65 35 der

262 2159 235 46 glorreichen
526 2160 215 46 Regierung
770 2161 100 33 eines
890 2161 204 45 Napoleon,
1123 2161 80 33 hier
1231 2162 49 32 im
1313 2161 137 47 Cirque
1480 2162 200 44 Napoleon
1708 2174 73 22 von

268 2218 94 37 1500
391 2220 143 44 pariser
562 2219 166 46 Sängern
756 2232 193 33 gesungen
990 2221 78 34 und
1116 2232 72 23 von
1218 2222 225 34 Tausenden
1485 2233 73 23 von
1588 2222 191 34 Zuhörern

263 2279 105 46 jedes
414 2280 74 34 Mal
534 2280 66 34 bis
642 2281 172 45 verlangt
856 2281 149 35 werden
1047 2281 156 35 würde?
1252 2282 86 34 Und
1368 2282 95 35 doch
1491 2284 50 32 ist
1570 2282 82 34 dem
1680 2282 100 44 also;

270 2340 95 47 „Les
396 2339 115 37 Noirs
543 2341 202 35 Chasseurs
751 2340 16 19 u
800 2353 71 23 von
901 2342 136 34 Weber
1079 2342 119 35 haben
1242 2344 116 33 schon
1400 2343 59 35 bei
1502 2343 92 34 zwei
1623 2343 158 45 Sänger-

268 2399 208 39 Concerten
504 2401 78 35 hier
612 2403 98 35 diese
739 2401 99 36 Ehre
867 2402 151 45 gehabt.
1073 2401 163 36 Freilich
1276 2404 49 33 ist
1364 2402 64 35 der
1456 2403 97 33 Text
1581 2402 202 36 französirt

266 2461 160 35 worden.

792 2591 76 26 fest
897 2581 92 37 «Sie
1018 2583 229 37 Meißen

338 2672 75 33 Der
441 2670 409 35 Tonkünstler-Verein
888 2681 47 22 zu
979 2670 244 44 Dresden,
1271 2671 160 35 welcher
1472 2672 80 33 sich
1595 2672 184 34 zunächst

260 2732 57 34 die
345 2731 126 45 Pflege
511 2731 77 33 und
616 2731 250 44 Ausführung
908 2742 71 22 von
1008 2731 233 34 Tonwerken
1282 2733 61 33 für
1370 2732 309 34 Kammermusik
1710 2744 68 23 zur

262 2792 172 45 Aufgabe
463 2791 114 43 stellt,
619 2791 65 34 hat
725 2792 68 33 auf
819 2791 150 44 Antrag
1009 2792 121 33 seines
1160 2792 226 45 derzeitigen
1416 2794 269 33 Vorsitzenden
1715 2793 41 34 be-

261 2853 201 42 schlossen,
487 2851 106 45 jedes
622 2851 94 34 noch
747 2851 104 33 nicht
878 2853 35 32 in
934 2851 130 34 Druck
1089 2852 239 35 erschienene
1357 2853 75 34 und
1463 2854 55 34 als
1539 2854 239 46 Manuscript

261 2924 44 23 an
335 2913 70 34 den
435 2924 68 22 von
532 2912 76 33 ihm
639 2911 296 34 veranstalteten
965 2910 240 35 Öffentlichen
1228 2912 449 35 Productions-Abenden
1709 2925 68 22 zur

263 2972 238 45 Aufführung
530 2972 244 45 gelangende,
814 2975 114 30 unten
965 2973 118 33 näher
1111 2972 239 36 bezeichnete
1379 2975 185 33 Tonwerk
1594 2975 100 33 eines
1722 2974 35 34 le-

263 3032 142 34 benden
434 3031 261 46 Componisten
732 3032 66 34 mit
836 3038 106 29 zwei
970 3037 340 42 Friedrichsd'or,
1351 3033 77 34 und
1456 3045 99 23 zwar
1582 3034 98 33 nach
1711 3033 65 35 der

257 3090 269 45 jedesmaligen
549 3095 118 29 ersten
687 3091 253 47 Aufführung,
961 3104 46 22 zu
1028 3092 211 44 honoriren,
1269 3093 118 35 wobei
1416 3093 69 35 das
1512 3093 241 45 liigenthums-

261 3150 106 35 recht
394 3150 63 34 des
487 3151 247 34 betreffenden
764 3151 264 47 Componisten
1070 3154 70 33 auf
1172 3154 65 34 das
1266 3158 187 41 strengste
1482 3153 172 46 gewahrt
1683 3153 73 35 blei-

261 3211 69 34 ben
361 3211 80 41 soll,
469 3210 75 34 und
574 3211 61 34 der
654 3211 410 37 Tonkünstler-Verein
1094 3226 70 22 nur
1193 3215 268 44 beansprucht,
1490 3215 67 33 das
1578 3214 113 34 Werk
1714 3215 60 33 für

259 3271 104 33 seine
389 3270 228 43 Bibliothek,
646 3271 93 34 ohne
761 3271 85 44 jede
876 3273 383 46 Weiterverbreitung
1290 3276 228 40 seinerseits,
1547 3274 150 45 copiren
1725 3284 47 22 zu

259 3330 144 36 dürfen.
452 3330 59 34 An
541 3330 58 33 die
627 3330 140 35 Herren
795 3330 262 47 Componisten
1094 3333 130 45 ergeht
1252 3333 115 35 daher
1395 3334 59 34 die
1482 3332 290 45 Aufforderung,

257 3389 304 47 Compositionen
597 3389 31 43 1)
649 3390 59 34 für
725 3391 353 36 Blas-lnstrumente
1104 3394 123 44 allein,
1258 3406 71 23 von
1360 3394 124 35 sechs-
1515 3393 56 34 bis
1602 3405 46 22 zu
1677 3393 76 34 drei-

259 3450 305 43 zehnstimmiger
592 3450 225 45 Besetzung,
867 3449 37 38 2)
936 3453 59 32 für
1036 3454 362 34 Bias-Instrumente
1440 3455 37 33 in
1527 3453 245 46 Verbindung

257 3510 67 32 mit
352 3509 439 43 Saiten-Instrumenten,
833 3511 36 31 in
899 3510 164 44 gleicher
1093 3512 213 47 Besetzung
1336 3516 68 32 wie
1435 3514 144 42 vorher,
1622 3513 87 35 oder
1736 3512 36 47 3)

258 3570 58 34 für
344 3570 106 34 Blas-
480 3570 75 33 und
585 3569 401 35 Saiten-Instrumente
1010 3572 36 33 in
1076 3571 242 46 Verbindung
1348 3575 66 32 mit
1440 3575 233 42 Pianoforte,
1703 3585 46 23 un-

256 3634 55 30 ter
338 3629 65 35 der
429 3630 181 34 Adresse:
642 3629 168 33 Julius
838 3629 291 47 Rühlinann,
1165 3632 266 35 Vorsitzender
1459 3634 65 34 des
1553 3634 193 35 Tonkünst-

254 3688 227 36 ler-Vereins
510 3700 46 22 zu
587 3689 182 42 Dresden,
802 3688 314 45 Georgenstrasse
1144 3690 61 35 Nr.
1237 3692 34 43 4,
1318 3693 196 33 einsenden
1546 3704 47 22 zu
1624 3694 145 36 wollen.

259 3747 120 35 Ueber
407 3749 57 33 die
493 3749 260 45 Zulässigkeit
782 3748 208 45 derartiger
1018 3750 208 34 Tonwerke
1260 3762 66 22 zur
1353 3752 243 46 Aufführung
1625 3765 46 22 an
1701 3753 68 34 den

257 3808 440 35 Productions-Abenden
728 3808 244 35 entscheiden
1011 3810 304 35 sämmtliche
1358 3813 220 34 anwesende
1605 3814 145 45 Mitglie-

259 3867 62 34 der
350 3867 63 35 des
441 3868 428 37 Tonkünstler-Vereins
900 3869 59 35 bei
988 3871 69 33 den
1090 3871 331 45 vorausgehenden
1444 3874 300 46 Uebungs-Aben-

261 3926 67 36 den
360 3928 115 35 durch
504 3930 167 34 einlache
702 3931 378 33 Stimmenmehrheit.

2209 3471 70 41 Die
2661 3473 323 50 £Kusiß-3eifuttcj

1843 3530 186 35 erschsint
2059 3530 114 45 jeden
2213 3532 171 46 Samstag
2425 3534 39 33 in
2507 3535 123 33 einem
2672 3546 146 34 ganzen
2854 3536 128 45 Bogen
3027 3535 69 33 mit
3130 3533 240 46 zwanglosen

1844 3581 193 46 Beilagen.
2068 3601 46 5 —
2144 3583 76 32 Der
2243 3583 384 47 Abonnementspreis
2648 3586 148 45 beträgt
2829 3587 59 32 für
2918 3587 64 32 das
3003 3585 186 44 Halbjahr
3218 3582 22 37 2
3257 3585 115 43 Thlr.,

1843 3632 59 34 bei
1931 3633 70 33 den
2023 3633 47 34 K.
2098 3644 142 34 preuss.
2263 3635 309 34 Post-Anstalten
2600 3635 23 36 2
2640 3636 102 33 Thlr.
2768 3636 21 37 5
2810 3636 80 45 Sgr.
2946 3637 95 33 Eine
3071 3635 167 34 einzelne
3258 3636 84 35 Num-

1843 3695 77 22 mer
1947 3681 24 37 4
2000 3683 81 45 Sgr,

1945 3735 124 33 Briefe
2097 3735 78 33 und
2195 3735 274 47 Zusendungen
2505 3737 92 35 aller
2615 3738 70 34 Art
2713 3736 150 36 werden
2892 3741 111 31 unter
3030 3737 63 35 der
3118 3737 164 36 Adresse
3311 3737 63 37 der

1843 3786 51 34 M.
1924 3786 540 48 DuMont-Schauberg'schen
2491 3789 305 46 Buchhandlung
2824 3789 38 33 in
2891 3789 102 34 Köln
3022 3790 162 34 erbeten.

1960 3894 356 34 Verantwortlicher
2344 3894 285 47 Herausgeber:
2660 3895 100 34 Prof.
2793 3894 35 33 L
2832 3919 10 11 ♦
2873 3894 173 45 Bischoff
3069 3897 39 32 in
3137 3895 114 37 Köln.

1917 3945 195 46 Verleger:
2145 3944 52 37 M.
2228 3944 427 47 DuMont-Schauberg'
2661 3946 88 33 sehe
2777 3947 303 46 Buchhandlung
3109 3948 40 33 in
3177 3948 116 35 Köln.

1876 3996 189 36 Drucker:
2097 3996 54 37 M,
2182 3997 64 35 Du
2250 3995 346 49 Mont-Schauberg
2625 3998 38 34 in
2692 3997 113 45 Köln,
2843 3998 242 37 Breitstrasse
3114 3998 49 38 76
3188 4011 36 24 u.
3256 3998 62 39 78.

2248 504 204 43 HEUE
2503 505 489 47 MUSICILIEIV

1916 575 66 53 im
2024 576 202 71 Verlage
2268 597 93 35 von
2401 580 272 71 Breitkopf
2706 584 41 51 &
2786 583 169 53 Härtel
2997 585 51 53 in
3088 586 214 71 Leipzig.

1858 668 35 34 B
1904 668 208 45 enedict,
2154 669 48 44 J.,
2255 670 67 45 Op.
2354 675 58 40 70,
2467 671 161 36 Undine.
2671 673 79 35 Ein
2793 675 187 36 Märchen
3020 677 100 36 nach
3165 680 59 35 La
3253 680 118 36 Motte

2172 723 151 44 Fouque
2341 723 79 46 für
2448 724 183 45 England
2662 725 88 45 frei
2777 725 201 37 bearbeitet
3013 740 74 24 von
3116 730 101 35 John
3250 733 125 34 Oxen-

2155 772 109 45 ford,
2293 772 59 34 ins
2380 774 188 35 Deutsche
2596 776 230 46 übertragen
2853 788 76 24 von
2958 778 48 36 K.
3037 779 276 47 Klingemann.

2218 823 322 48 Ciavier-Auszug
2570 828 22 32 5
2630 826 104 37 Thlr.

2218 873 271 37 Chorstimmen
2517 880 20 30 1
2575 877 104 35 Tlür.
2710 879 23 32 5
2761 877 98 47 Ngr.

1858 922 221 47 Bruyck,
2112 924 39 34 C.
2180 935 117 33 van,
2335 924 66 45 Op.
2432 927 60 42 21,
2533 927 247 36 Variationen
2799 930 76 44 für
2903 929 70 35 das
3001 930 158 44 Pianof.
3209 935 20 32 1
3268 932 106 36 Thlr.

2067 976 68 43 Op-
2164 976 60 42 22,
2265 974 248 38 Variationen
2532 979 76 44 für
2635 979 69 35 das
2733 979 150 47 Pianof
2884 986 87 29 orte.
3026 985 48 31 25
3105 983 98 45 Ngr.

1859 1025 258 44 Clementi,
2149 1026 68 42 3/.,
2244 1025 168 36 Sonaten
2431 1028 76 44 für
2535 1032 24 31 2
2587 1030 153 47 Pianof
2741 1037 88 31 orte.
2859 1032 107 36 Neue
2994 1032 185 48 Ausgabe.

2220 1077 71 35 Nr.
2323 1080 31 32 1.
2385 1077 140 44 B-dur,
2555 1082 50 32 25
2636 1082 94 45 Ngr.

2218 1127 72 35 Nr.
2319 1129 35 33 2.
2383 1129 143 43 B-dur,
2554 1132 51 33 20
2636 1134 96 44 Ngr.

1855 1178 185 45 David,
2072 1177 151 43 Ferd,
2258 1180 68 45 Op.
2356 1179 60 42 39,
2446 1179 90 35 Dur
2563 1182 83 34 und
2672 1185 107 34 Moll.
2809 1187 50 34 25
2880 1185 165 43 Etüden,
3078 1185 186 46 Capricen
3292 1188 84 35 und

2168 1229 339 36 Charakterstücke
2534 1231 41 35 in
2603 1233 102 35 allen
2737 1235 194 37 Tonarten
2951 1239 78 43 für
3056 1237 59 35 die
3146 1239 144 35 Violine
3318 1239 56 35 al-

2163 1280 75 34 lein
2266 1280 91 34 oder
2383 1282 67 33 mit
2478 1281 151 46 Pianof
2630 1286 333 48 orte-Begleitung,
2993 1300 69 23 zur
3088 1289 166 37 höheren
3277 1291 96 35 Aus-

2163 1331 156 46 bildung
2345 1331 41 35 in
2415 1332 69 34 der
2519 1333 166 36 Technik
2711 1338 83 33 und
2820 1338 50 34 im
2900 1338 193 48 Vortrage.
3123 1340 99 37 Zwei
3241 1341 131 47 Hefte.

2161 1385 35 31 1.
2226 1381 107 47 Heft,
2352 1382 77 46 für
2465 1383 145 36 Violine
2638 1385 128 45 allein,
2794 1390 23 32 2
2852 1389 107 35 Thlr.

2060 1432 179 36 Dasselbe
2265 1433 67 35 mit
2358 1433 149 47 Pianof
2508 1435 337 50 orte-Begleitung,
2873 1442 23 32 5
2932 1440 106 35 Thlr.

1855 1484 90 34 Elv
1959 1484 154 43 enich,
2147 1485 56 43 G.,
2233 1486 22 33 3
2295 1484 127 35 Valses
2444 1498 103 32 pour
2575 1487 32 35 le
2635 1487 140 47 Piano,
2805 1492 49 33 25
2885 1491 100 45 Ngr,

1855 1534 217 47 Händel,
2105 1534 43 35 Gr.
2183 1537 58 44 F.,
2280 1535 83 35 Der
2390 1538 171 34 Messias.
2610 1538 219 37 Oratorium
2855 1541 101 35 nach
2984 1542 183 36 Mozart*B
3193 1543 182 37 Bearbei-

2161 1592 104 41 tung.
2298 1588 166 35 Ciavier-
2470 1590 150 45 Auszug
2642 1602 72 24 von
2743 1592 47 34 E.
2820 1592 47 35 F.
2897 1593 113 36 Eicht
3012 1604 52 26 er.
3093 1597 23 32 5
3152 1595 107 35 Thlr.

1855 1635 108 38 Hill
1969 1649 63 33 er,
2066 1640 58 42 F.,
2160 1640 66 42 Op.
2257 1640 59 41 82,
2345 1641 51 32 24
2423 1639 68 34 dre
2509 1639 180 48 stimmige
2718 1642 194 37 Vocalisen
2932 1645 78 45 für
3032 1644 169 46 Sopran,
3231 1648 143 34 Mezzo-

2163 1688 156 45 Sopran
2359 1689 82 35 und
2468 1691 65 34 Alt
2572 1692 66 34 mit
2674 1693 266 46 begleitendem
2973 1695 399 50 Instrumentalbasse,

2161 1752 69 22 zur
2267 1740 153 47 Uebung
2446 1743 51 33 im
2525 1741 105 37 Solo-
2657 1744 84 35 und
2770 1745 275 49 Chorgesange.
3073 1748 76 35 Die
3176 1747 199 48 Singstim-

2166 1803 96 36 men,
2291 1795 23 32 2
2343 1792 128 45 Hefte,
2504 1794 22 34 h
2554 1796 50 32 22
2609 1794 7 19 l
2630 1797 9 17 '
2638 1819 16 22 2
2682 1795 109 48 Ngr,
2822 1800 19 31 1
2881 1797 106 36 Thlr.
3018 1800 48 34 15
3095 1799 97 47 Ngr.

2068 1844 65 43 Op.
2164 1845 60 41 83,
2255 1843 73 36 Die
2364 1844 204 45 Wallfahrt
2594 1846 99 35 nach
2720 1847 198 37 Kevelaer.
2948 1850 166 35 Ballade
3142 1862 74 24 von
3236 1850 136 45 Heine,

2153 1894 79 45 für
2260 1894 82 36 eine
2371 1894 240 47 Singstimme
2638 1898 66 35 mit
2732 1900 104 47 Begl.
2865 1900 64 36 des
2956 1900 159 48 Pianof.
3146 1905 50 33 20
3226 1903 97 46 Ngr-

1854 1943 68 35 Kr
1934 1955 60 24 au
2005 1955 61 33 se,
2097 1943 64 45 A.,
2210 1945 67 46 Op,
2308 1950 60 40 14,
2409 1947 99 34 Drei
2530 1948 141 36 Lieder
2688 1950 75 45 für
2792 1952 81 35 eine
2908 1952 142 36 Tenor-
3078 1953 93 35 oder
3201 1952 172 47 Sopran-

2162 1996 141 35 stimme
2330 1997 68 35 mit
2423 2000 229 47 Begleitung
2680 2002 64 35 des
2772 2002 153 48 Pianof
2926 2009 86 30 orte.
3043 2007 49 32 18
3122 2005 96 46 Ngr.

1854 2046 64 36 Le
1964 2046 242 47 Couppey,
2249 2049 163 44 Fölix,
2465 2050 67 45 Op.
2563 2054 59 39 21,
2665 2053 57 35 Le
2749 2052 116 47 Style.
2908 2057 51 32 25
2987 2055 146 36 Etudes
3171 2056 46 35 de
3248 2055 127 37 Genre

2152 2110 105 33 pour
2285 2100 33 35 le
2347 2100 136 35 Piano.
2539 2106 19 30 1
2592 2101 102 37 Thlr.
2723 2106 50 34 20
2804 2105 96 46 Ngr.

1853 2148 279 47 Lefebure-
2156 2150 143 45 Wely,
2336 2154 66 41 Op.
2432 2154 86 41 139,
2552 2154 159 34 Armide
2739 2155 46 34 de
2816 2157 131 34 Gluck.
2989 2159 185 33 Morceau
3203 2157 45 35 de
3280 2156 94 37 Con-

2159 2206 77 29 cert
2263 2202 107 35 variö
2394 2215 90 23 avec
2511 2202 168 37 Prelude
2697 2217 105 32 pour
2830 2207 32 34 le
2892 2207 137 35 Piano.
3083 2211 49 31 25
3162 2208 98 47 Ngr.

1853 2249 184 36 Lieder
2049 2251 131 35 kreis
2222 2252 224 48 Sammlung
2467 2255 259 47 vorzüglicher
2746 2256 142 37 Lieder
2906 2260 81 35 und
3012 2259 171 48 Gesänge
3194 2261 76 45 für
3292 2259 83 37 eine

2161 2302 237 48 Singstimme
2426 2307 66 33 mit
2518 2306 225 48 Begleitung
2771 2308 64 35 des
2862 2309 152 48 Pianof
3015 2317 86 30 orte.

2215 2355 73 35 Nr.
2321 2359 56 41 76,
2411 2360 182 44 Franz,
2624 2359 59 43 8.,
2718 2361 203 36 Gewittern
2926 2363 95 34 acht.
3053 2366 49 32 10
3132 2362 97 47 Ngr.

2213 2406 73 35 Nr.
2319 2411 56 40 77,
2405 2408 226 45 Brahms,
2662 2411 49 44 J.,
2742 2411 49 35 In
2821 2412 69 34 der
2920 2414 175 35 Fremde.
3125 2416 22 33 5
3177 2413 98 47 Ngr.

2215 2459 71 35 Nr.
2319 2462 57 40 78,
2415 2460 233 47 Taubert,
2690 2462 65 43 W.,
2786 2463 212 44 Alpenlied.
3029 2468 23 32 5
3083 2466 94 46 Ngr.

2216 2510 70 35 Nr.
2319 2513 58 41 79,
2408 2510 290 47 Schumann,
2729 2514 60 43 It.,
2822 2516 333 46 Frühlingsgruss.
3196 2518 23 32 5
3248 2515 97 47 Ngr.

1852 2557 147 36 Picht
2011 2571 66 31 er,
2121 2560 39 34 E
2200 2562 57 40 F,
2307 2563 67 43 Op.
2405 2565 60 41 27,
2516 2562 143 37 Sonate
2691 2566 77 45 für
2808 2566 70 35 das
2906 2566 153 47 Pianof
3060 2574 86 38 orte,
3192 2568 178 36 Cis-moll.

2159 2615 19 31 1
2211 2611 103 37 Thlr.
2343 2615 23 33 5
2397 2615 96 45 Ngr.

1853 2660 147 45 Seiss,
2031 2662 48 44 J.,
2126 2665 66 43 Op.
2222 2667 34 40 1,
2299 2664 338 37 Phantasiestücke
2667 2668 77 46 für
2772 2668 153 44 Pianof
2926 2676 75 29 orte
3029 2670 83 35 und
3149 2669 157 36 Violine.
3349 2673 20 32 1

2170 2715 106 35 Thlr.
2307 2719 49 31 15
2387 2717 96 46 Ngr.

1851 2762 326 50 Siedentopf,
2224 2769 53 41 C.,
2319 2770 66 42 Op.
2416 2770 34 41 3,
2494 2768 105 36 Trois
2627 2771 212 34 Morceaux
2867 2771 46 36 de
2942 2771 122 37 Salon
3084 2785 106 33 pour
3219 2773 33 35 le
3290 2770 84 38 Vio-

2156 2820 154 35 loncelle
2339 2832 87 23 avec
2454 2820 365 48 Accompagnement
2846 2823 42 35 de
2918 2823 137 37 Piano.
3087 2825 72 35 Nr.
3189 2827 21 32 1
3234 2824 82 35 und
3336 2825 35 42 3,

2158 2870 100 35 ä25
2289 2872 96 46 Ngr.
2442 2871 72 35 Nr.
2545 2876 23 31 2
2605 2876 47 32 15
2684 2875 96 44 Ngr.
2835 2877 23 32 2
2895 2876 105 34 Thlr.
3031 2878 23 32 5
3085 2877 95 46 Ngr.

2057 2922 66 44 Op.
2154 2924 32 39 5,
2222 2923 99 34 Zwei
2354 2922 340 39 Charakterstücke
2721 2926 66 40 für
2819 2926 207 37 Violoncell
3051 2928 66 34 mit
3143 2927 229 48 Begleitung

2156 2974 62 35 des
2246 2973 150 47 Pianof
2397 2980 86 30 orte.

2205 3025 73 35 Nr.
2310 3030 34 39 1,
2375 3026 235 36 Ständchen.
2641 3029 48 33 15
2721 3029 98 46 Ngr.

2206 3077 73 36 Nr.
2310 3080 34 41 2,
2375 3077 147 35 Bondo.
2554 3081 48 32 25
2634 3079 97 46 Ngr.

1949 3201 85 34 Alle
2072 3201 41 35 in
2151 3202 122 34 dieser
2302 3203 305 47 Musik-Zeitung
2646 3205 277 43 besprochenen
2951 3205 82 34 und
3060 3205 309 47 angekündigten

1846 3252 225 36 Musicalien
2100 3258 63 29 etc.
2194 3253 87 34 sind
2325 3266 45 22 zu
2406 3254 171 36 erhalten
2611 3255 41 35 in
2681 3255 68 35 der
2777 3261 85 29 stets
2890 3256 228 46 vollständig
3147 3257 222 35 assortirten

1846 3303 465 47 Musicalien-Handlung
2336 3305 82 34 und
2446 3305 243 36 Leihanstalt
2716 3318 73 23 von
2806 3306 312 35 BERNHARD
3138 3307 232 36 BREUER

1846 3353 38 36 in
1914 3355 115 35 Kölns
2058 3354 250 36 Hochstrasse
2336 3355 73 36 Nr.
2439 3359 59 33 97.
