3568 4391
1763 141 107 48 220

278 295 197 62 geleistet
503 309 51 30 zu
586 290 171 54 haben;
802 289 199 48 indessen
1033 285 155 48 wurde
1223 284 120 49 diese
1379 284 220 49 nämliche
1628 281 148 48 Musik

281 371 67 47 bei
388 367 190 51 anderer
619 366 308 64 Gelegenheit,
970 379 125 30 wozu
1139 362 277 46 13urmann
1459 361 129 47 einen
1631 375 146 32 neuen

280 449 113 44 Text
422 445 268 62 unterlegte,
728 440 237 49 mehrmals
996 436 166 49 wieder
1191 437 281 60 aufgeführt,
1509 436 110 47 iiier
1650 435 128 48 hörte

275 524 62 45 sie
366 521 77 48 der
473 520 346 47 wohlbekannte
850 513 335 65 Capellmeister
1214 513 179 55 Schulz,
1433 512 80 48 der
1555 512 82 47 mir
1675 512 77 46 dar-

278 598 112 47 über
433 597 210 47 manches
685 591 275 51 Belehrende
1001 597 142 57 sagte,
1199 605 94 32 was
1336 588 117 47 mich
1499 587 167 50 wieder
1708 604 48 31 er-

277 680 239 42 munterte.

402 748 219 63 „Zufällig
658 743 159 66 sprach
860 742 69 48 ich
970 746 149 61 später
1160 742 125 48 einen
1331 757 81 31 von
1458 739 320 65 Kirnberger's

277 827 234 56 Schülern,
540 825 79 45 der
647 822 39 47 in
718 821 170 48 meiner
915 819 346 49 Kirchenmusik
1294 818 313 62 milgesungen
1638 817 138 48 halte.

277 905 64 45 Er
381 901 118 47 lobte
541 897 145 49 meine
714 897 149 47 Musik
906 896 87 47 und
1035 903 125 55 sagte
1200 896 98 50 inir,
1343 893 283 64 Kirnberger
1656 893 121 47 halte

280 987 135 41 etwas
445 976 80 48 auf
548 974 130 49 mich.
733 974 74 47 Ich
851 974 164 47 konnte
1058 972 144 48 meine
1232 971 382 63 Verwunderung
1656 972 122 46 nicht

275 1054 246 63 verbergen
553 1051 89 48 und
672 1058 133 41 setzte
835 1052 88 46 ihm
955 1057 240 56 entgegen,
1238 1048 100 48 dass
1378 1048 69 48 ich
1491 1048 93 47 dies
1628 1048 151 48 besser

275 1131 212 48 wisse.—
508 1128 273 56 „„Wie?**
819 1133 216 56 sagteer,
1085 1162 16 17 „
1124 1126 99 53 „Sie
1266 1123 148 48 haben
1458 1124 92 47 ihm
1585 1124 47 64 ja
1678 1124 100 47 Ihre

273 1207 148 48 Musik
451 1206 146 47 selber
619 1203 231 65 gebracht,
882 1200 86 49 und
1000 1218 49 31 er
1078 1202 75 47 hat
1184 1202 82 47 mir
1297 1200 143 49 davon
1472 1209 175 56 gesagt,
1678 1200 100 49 dass

278 1302 49 31 er
357 1283 69 48 bei
455 1283 141 47 einem
625 1297 48 30 so
695 1280 170 63 jungen
896 1278 243 48 Menschen
1171 1278 153 48 weder
1365 1277 87 49 den
1482 1279 137 47 Ernst
1661 1278 115 48 noch

276 1360 70 49 die
388 1358 228 49 Kühnheit
656 1355 184 65 gesucht
1213 1357 160 54 „„Hat
1415 1373 48 31 er
1501 1355 144 49 Ihnen
1687 1355 92 47 dies

276 1437 195 48 wirklich
791 1432 143 63 fragte
962 1430 85 50 ich.
1129 1433 64 47 Er
1223 1432 294 49 wiederholte
1546 1433 85 47 mir
1660 1433 118 48 diese

278 1512 177 49 Worte.
508 1510 103 46 Nun
642 1508 191 48 erzählte
876 1508 68 48 ich
984 1508 92 48 ihm
1109 1515 115 49 treu,
1269 1510 84 47 wie
1382 1509 84 47 mir
1498 1509 281 64 Kirnberger

271 1589 104 47 alles
404 1585 302 64 Componiren
746 1585 81 49 auf
850 1585 265 49 Lebenszeit
1151 1587 211 47 verleidet
1402 1585 145 56 hätte;
1588 1587 82 47 seit
1699 1587 80 47 der

268 1665 94 49 Zeit
385 1665 117 47 hätte
527 1663 68 47 ich
624 1663 128 48 keine
776 1664 126 55 Lust,
931 1663 98 48 eine
1052 1665 117 46 Note
1193 1681 49 30 zu
1273 1663 266 56 schreiben.
1619 1663 26 56 „
1672 1663 106 56 „Das

441 1747 212 40 versetzte
686 1755 65 40 er,
804 1739 207 56 „„nichts
1044 1740 407 64 Ungewöhnliches
1482 1739 68 48 bei
1580 1740 113 55 ihm;
1731 1740 46 64 je

275 1819 144 47 besser
450 1834 101 31 man
581 1833 45 30 es
656 1816 90 47 ihm
779 1818 165 53 macht,
974 1816 123 49 desto
1130 1816 291 49 unleidlicher
1451 1816 110 49 wird
1592 1834 64 40 er,
1688 1816 88 49 und

272 1895 232 64 eigentlich
535 1893 93 48 lobt
662 1910 48 31 er
738 1910 86 31 nur
854 1894 87 56 die,
986 1910 82 31 von
1099 1894 143 48 denen
1274 1912 48 30 er
1350 1894 144 48 nichts
1524 1894 128 56 hofft,
1698 1894 51 48 be-

276 1971 222 47 kümmert
539 1970 90 47 sich
666 1970 148 65 wenig
851 1988 75 30 um
963 1970 62 48 sie
1068 1970 88 48 und
1188 1979 99 56 sagt
1316 1971 136 55 dann,
1492 1971 63 47 sie
1585 1971 189 47 hätten's

272 2049 136 47 schön

396 2125 160 55 „Diese
579 2122 124 49 Rede
722 2122 88 64 gab
836 2125 82 46 mir
943 2124 143 48 meine
1109 2142 138 45 ganze
1271 2124 300 48 Lebenskraft
1594 2124 182 49 wieder.

399 2201 180 55 „Wenn
610 2201 66 46 ich
706 2201 113 48 über
847 2201 151 50 diesen
1028 2210 146 39 ersten
1202 2202 199 49 Versuch
1435 2202 96 47 hier
1560 2204 187 45 ausführ-

280 2276 135 48 licher
445 2293 205 47 gewesen
680 2276 91 55 bin,
814 2279 62 45 als
911 2294 46 30 es
995 2277 144 49 meine
1170 2279 286 47 Schularbeit
1484 2277 215 55 verdient,
1729 2295 48 31 so

280 2354 102 48 darf
419 2354 66 47 ich
530 2352 294 57 hinzusetzen,
866 2354 101 48 dass
1009 2355 67 46 ich
1119 2355 74 47 ihn
1236 2371 112 49 ganz
1378 2371 234 47 vergessen
1644 2356 137 53 hätte,

282 2446 127 31 wenn
451 2429 121 48 nicht
610 2429 80 47 der
725 2431 105 46 sehr
865 2430 253 65 geschickte
1147 2432 88 46 und
1269 2432 225 47 bekannte
1524 2432 226 47 Musik-Di-

283 2515 146 39 rector
457 2506 229 47 Schicht
715 2507 40 46 in
786 2507 179 64 Leipzig
995 2507 118 49 diese
1136 2509 146 47 Musik
1313 2510 118 47 ohne
1463 2509 116 48 mein
1599 2510 180 47 Wissen

276 2583 90 46 sich
398 2582 311 48 anzuschaffen
741 2592 195 54 gewusst
964 2583 137 58 hätte,
1129 2583 80 49 der
1237 2586 62 47 sie
1324 2586 83 47 mir
1430 2585 118 48 dann
1572 2601 78 32 vor
1673 2586 85 47 eini-

277 2675 84 48 gen
389 2658 169 49 Jahren
591 2658 67 49 bei
691 2660 169 48 meiner
889 2661 318 48 Anwesenheit
1244 2663 40 46 in
1315 2662 198 65 Leipzig,
1543 2663 92 47 also
1666 2663 112 47 nach

280 2737 157 62 vierzig
465 2736 188 57 Jahren,
682 2738 234 64 vorzeigte.
973 2740 93 47 Der
1104 2740 180 48 nächste
1322 2740 219 54 Vortheil,
1583 2740 85 48 den
1711 2741 67 47 ich

277 2830 90 30 nun
396 2830 82 30 von
508 2812 145 48 dieser
672 2813 146 47 Musik
851 2815 136 53 hatte,
1019 2813 184 50 bestand
1233 2816 145 55 darin,
1407 2817 68 47 ein
1501 2817 172 47 Ganzes
1701 2835 52 46 ge-

281 2890 143 62 fertigt
452 2907 49 30 zu
534 2888 163 57 haben,
741 2890 155 49 dessen
930 2891 269 49 Ueberblick
1232 2893 84 49 mir
1345 2893 70 49 die
1444 2893 201 49 Einsicht
1673 2893 106 65 gab,

282 2982 89 32 was
402 2967 80 46 mir

394 3044 131 46 Diese
554 3044 201 64 wenigen
781 3044 212 65 Auszüge
1024 3046 183 49 werden
1237 3047 163 64 gewiss
1439 3051 227 61 genügen,
1706 3048 79 47 auf

282 3118 78 48 das
381 3119 287 49 interessante
692 3121 121 47 Buch
837 3122 304 48 aufmerksam
1166 3141 50 29 zu
1244 3123 205 56 machen,
1480 3125 194 46 welches
1703 3141 78 32 vor

282 3196 85 47 den
408 3194 484 66 Mode-Biographieen
936 3199 41 47 in
1021 3201 309 48 romanhafter
1368 3201 411 64 Ausschmückung

280 3272 83 48 den
395 3288 182 47 grossen
610 3274 21 44 \
650 3290 136 47 orzug
816 3274 77 47 der
923 3276 244 49 Wahrheit
1202 3278 92 56 hat,
1338 3278 88 47 und
1465 3295 77 31 vor
1579 3278 199 48 anderen

280 3349 115 49 auch
427 3349 103 55 den,
568 3348 99 48 dass
696 3367 102 31 man
828 3368 45 32 es
901 3352 137 49 lieber
1067 3354 154 65 länger
1249 3357 63 47 als
1343 3356 161 48 kürzer
1531 3357 247 48 wünschte.

391 3427 248 48 Schliessen
664 3427 80 47 wir
769 3427 94 48 hier
889 3429 112 49 noch
1030 3431 144 64 einige
1195 3433 167 48 Stellen
1391 3450 80 31 aus
1501 3433 102 48 dem
1627 3434 120 47 Nach-

280 3502 96 48 rufe
405 3519 74 37 an,
511 3502 84 48 den
624 3503 51 47 L.
706 3504 251 50 Rellstab
984 3507 191 48 Zelter'n
1205 3509 223 49 widmete.

1038 3586 190 55 „Berlin,
1265 3587 79 48 15.
1374 3588 89 48 Mai
1501 3587 159 51 1832.

400 3655 191 55 „Diesen
622 3657 191 63 Morgen
843 3674 77 31 vor
950 3658 29 48 6
1011 3659 94 48 Uhr
1139 3662 234 49 entschlief
1395 3663 237 50 hierselbst
1661 3664 113 50 nach

278 3732 418 64 xierzehntägigem,
737 3735 319 63 grossentheils
1096 3738 103 47 sehr
1236 3740 359 50 schmerzlichem
1626 3743 120 48 Kran-

280 3808 212 63 kenlager
521 3809 77 48 der
635 3810 205 65 würdige
871 3813 195 48 Veteran
1103 3813 78 48 der
1214 3817 146 48 Kunst
1401 3819 136 47 Karl
1581 3819 163 48 Fried-

281 3884 112 47 rich
435 3887 191 48 Zelter.
676 3889 90 47 Das
804 3890 271 49 äusserliche
1104 3890 152 49 Leben
1287 3893 139 49 dieses
1462 3895 312 50 bedeutenden

277 3961 187 49 Mannes
506 3963 99 47 lässt
649 3965 88 47 sich
784 3967 40 47 in
870 3968 206 63 wenigen
1130 3970 49 47 \\
1198 3978 126 39 orten
1368 3975 406 49 zusammenfassen

280 4053 39 32 u.
351 4053 30 33 s.
412 4054 54 33 w.
550 4040 93 47 Viel
675 4040 306 54 bedeutender
1019 4045 52 49 ist
1094 4045 165 65 jedoch
1291 4047 71 49 die
1393 4048 152 52 innere
1576 4052 201 49 Lebens-

1853 281 257 63 geschichte
2133 280 142 48 dieses
2296 281 215 52 seltenen,
2538 277 157 50 höchst
2718 277 414 64 eigentümlichen
3156 277 214 57 Mannes;

1853 357 131 47 allein
2026 358 62 47 sie
2126 357 139 47 bietet
2301 357 98 47 eine
2437 355 207 63 ungleich
2689 358 208 59 grössere
2926 356 231 62 Aufgabe,
3197 356 62 47 als
3289 356 82 47 der

1851 435 162 47 Zweck
2041 435 88 45 und
2154 435 80 45 der
2253 435 146 47 Raum
2425 433 143 46 dieser
2592 431 168 47 Blätter
2780 449 50 29 zu
2858 432 122 47 lösen
3006 441 224 52 gestattet.
3270 433 100 47 Von

1853 527 197 31 warmer
2074 511 272 62 Verehrung
2370 512 76 45 für
2469 510 78 47 das
2569 507 179 48 Schöne
2779 508 41 46 in
2844 507 131 64 jeder
3000 510 173 47 Gestalt
3203 510 138 47 durch-

1852 586 225 63 drungen,
2108 586 116 48 lebte
2246 588 149 45 Zelter
2425 586 57 47 im
2507 591 257 40 vertrauten
2790 585 240 62 Umgänge
3053 586 79 45 mit
3156 585 85 48 den
3267 602 78 31 aus-

1851 665 358 63 gezeichnetsten
2254 665 247 45 Künstlern
2544 662 76 47 des
2661 661 250 47 Zeitalters.
2969 662 87 46 Die
3098 662 118 47 nahe
3256 663 86 47 Ver-

1851 739 330 65 schvvisterung
2223 739 80 47 der
2332 741 147 47 Musik
2524 739 78 47 mit
2643 738 79 47 der
2752 736 275 48 Dichtkunst
3069 737 186 65 knüpfte
3298 739 70 47 ein

1851 816 127 48 Band
1997 817 80 47 der
2094 816 331 49 Freundschaft
2446 816 220 47 zwischen
2690 814 90 47 ihm
2807 813 86 47 und
2920 814 85 46 den
3033 813 160 48 beiden
3217 818 126 57 gröss-

1851 902 75 38 ten
1956 893 246 48 deutschen
2234 893 234 48 Dichtern.
2525 893 190 48 Schiller
2743 891 149 48 schied
2934 889 100 49 früh
3079 907 81 31 aus
3199 891 168 48 diesem

1851 971 196 47 schönen
2080 969 158 49 Bunde
2268 968 82 57 ab;
2398 971 149 47 Göthe
2577 968 88 48 und
2695 969 149 47 Zelter
2874 967 177 48 blieben
3086 968 65 46 bis
3182 985 54 30 an
3268 969 98 47 ihre

1852 1047 157 47 letzten
2040 1048 127 61 Tage
2195 1046 71 47 die
2295 1046 222 63 innigsten
2548 1044 227 49 Freunde.
2831 1046 95 47 Das
2954 1043 304 65 Dahingehen
3289 1044 79 49 des

1852 1124 359 64 Dichtergreises
2247 1122 155 48 wirkte
2431 1139 50 31 so
2510 1122 315 48 erschütternd
2856 1123 82 47 auf
2961 1120 85 49 den
3067 1122 274 48 Zurückblei-

1853 1199 194 57 benden,
2077 1216 45 31 es
2153 1198 161 49 raubte
2345 1199 90 47 ihm
2467 1214 48 32 so
2545 1198 79 48 das
2654 1199 254 47 kostbarste
2940 1199 106 56 Gut,
3076 1199 192 47 welches
3298 1199 72 48 die

1852 1277 123 48 Erde
2006 1277 76 47 für
2111 1277 75 47 ihn
2219 1275 165 55 besass,
2413 1274 102 48 dass
2544 1292 84 30 von
2651 1274 153 65 jenem
2837 1277 126 62 Tage
2992 1292 56 32 an
3079 1277 114 47 auch
3218 1293 50 32 er
3289 1275 81 49 das

1852 1354 259 65 Vorgefühl
2141 1353 78 48 des
2248 1353 147 48 Todes
2430 1353 43 47 in
2511 1353 93 47 sich
2633 1369 52 31 zu
2717 1360 158 55 tragen
2905 1353 166 47 schien.
3127 1354 65 47 Er
3222 1354 148 48 fühlte

1852 1432 213 55 deutlich,
2107 1430 102 49 dass
2249 1429 122 50 diese
2400 1429 131 50 Welt
2566 1429 92 47 ihm
2688 1447 54 29 zu
2773 1429 148 61 wenig
2953 1429 129 47 mehr
3113 1430 135 56 biete,
3292 1449 75 30 um

1852 1509 70 47 ihr
1951 1508 114 48 noch
2098 1509 131 62 lange
2260 1507 261 64 angehören
2550 1524 52 30 zu
2635 1507 196 48 können.
2886 1507 114 47 Eine
3039 1508 188 56 weiche,
3264 1508 104 48 dem

1853 1585 155 55 festen,
2033 1584 234 63 freudigen
2287 1584 253 48 Charakter
2555 1583 187 48 Zelter's
2764 1590 123 40 sonst
2912 1581 172 49 fremde
3107 1584 263 65 Stimmung

1852 1663 179 47 waltete
2054 1661 42 47 in
2121 1661 89 47 ihm
2238 1678 89 32 vor.
2357 1663 61 45 Es
2440 1678 81 46 zog
2552 1660 76 47 ihn
2653 1660 196 62 mächtig
2878 1659 102 48 dem
3005 1659 211 49 Freunde
3240 1660 130 50 nach.

1851 1740 85 47 Ein
1961 1739 349 63 wehmülhiges,
2327 1739 110 48 aber
2459 1738 204 48 dennoch
2689 1736 282 50 erhebendes
2990 1738 171 47 Gefühl
3185 1739 187 63 ergreift

1852 1834 98 40 uns,
1970 1834 128 29 wenn
2117 1816 82 47 wir
2214 1816 155 55 sehen,
2393 1816 85 47 wie
2501 1815 70 48 die
2595 1819 179 44 äussere
2798 1816 147 47 Natur
2967 1814 82 48 auf
3066 1814 121 48 diese
3211 1815 159 50 Weise

1851 1893 80 48 der
1959 1894 128 47 Seele
2116 1893 128 47 einen
2276 1893 232 63 traurigen
2540 1893 253 47 Gehorsam
2825 1891 156 49 leistet.
3100 1893 94 45 Der
3222 1891 148 50 Todte

1852 1970 121 57 fand,
2018 1970 88 47 und
2148 1970 153 64 häufig
2346 1971 113 46 auch
2505 1970 122 47 nicht
2668 1970 79 46 mit
2793 1969 213 53 Unrecht,
3048 1969 320 48 entschiedene

1851 2048 330 64 Gegnerschaft
2209 2049 40 46 in
2280 2049 167 46 seinem
2483 2048 208 48 Wirken.
2727 2048 108 47 Wie
2864 2064 103 31 man
2997 2045 112 50 aber
3140 2048 114 47 auch
3286 2064 82 32 von

1851 2124 100 48 dem
1980 2124 259 63 Würdigen
2266 2124 174 47 denken
2467 2128 149 58 möge,
2642 2122 85 49 den
2752 2124 82 47 wir
2858 2122 263 56 betrauern,
3151 2124 86 47 die
3269 2126 63 46 An-

1849 2202 268 63 erkennung
2162 2218 122 30 muss
2326 2201 88 47 ihm
2451 2200 140 48 Jeder
2630 2201 162 55 zollen,
2835 2200 100 47 dass
2966 2216 48 31 er
3044 2200 79 47 mit
3154 2201 210 64 heiligem

1852 2279 122 47 Eifer
2006 2279 74 45 für
2111 2277 79 49 das
2218 2277 114 47 Edle
2362 2279 41 47 in
2435 2277 80 47 der
2544 2279 149 45 Kunst
2721 2277 193 64 gewirkt
2943 2277 92 56 hat,
3081 2276 102 48 dass
3212 2295 50 29 er
3289 2277 82 49 der

1853 2355 174 48 festeste
2046 2356 164 46 Damm
2228 2371 143 47 gegen
2397 2355 95 47 ihre
2515 2354 308 64 leichtsinnige
2841 2355 266 62 Ausartung
3126 2371 111 38 war,
3269 2354 101 49 dass

1853 2449 64 38 er,
1942 2431 255 62 unablässig
2221 2432 41 47 in
2286 2432 146 49 seiner
2450 2431 274 64 Thätigkeit,
2743 2431 314 48 unermüdlich
3084 2432 40 46 in
3149 2431 80 48 der
3251 2434 88 47 Aus-

1852 2509 159 54 dauer,
2042 2510 78 46 mit
2141 2510 152 47 seinen
2319 2510 158 48 Gaben
2503 2509 89 48 und
2618 2510 172 47 Mitteln
2816 2509 85 48 den
2928 2510 295 63 möglichsten
3246 2510 124 48 Grad

1852 2586 80 48 der
1962 2587 184 63 Erfolge
2177 2604 179 47 errang.
2440 2587 150 47 Selbst
2618 2587 70 47 die
2718 2586 329 48 Besonderheit
3076 2587 79 47 der
3183 2587 161 49 Tüchti-

1851 2681 85 43 gen
1967 2662 105 48 darf
2096 2663 212 65 Achtung
2336 2663 258 64 verlangen.
2625 2665 168 45 Hätten
2821 2663 82 46 wir
2931 2662 101 48 dem
3065 2662 175 50 Todten
3272 2665 99 48 eine

1852 2740 286 49 Grabschrift
2164 2759 51 29 zu
2247 2750 164 47 setzen,
2440 2759 48 30 so
2521 2741 187 48 würden
2742 2741 81 47 wir
2853 2741 71 48 die
2947 2742 152 47 Zeilen
3131 2741 77 48 des
3232 2742 112 48 Dich-

1852 2826 107 50 ters,
1988 2817 85 48 den
2105 2834 48 31 er
2181 2835 47 30 so
2260 2818 114 47 hoch
2404 2817 226 56 verehrte,
2661 2818 203 47 wählen:

2906 2888 6 10 \

2133 2932 14 17 r
2153 2904 108 34 Denn
2289 2904 120 35 Recht
2439 2904 64 35 bat
2526 2904 106 45 jeder
2660 2905 130 45 eigene
2820 2904 229 37 Charakter!

2618 2973 197 55 „Berlin,
2853 2972 78 48 18.
2964 2975 89 45 Mai
3093 2972 158 51 1832.

1978 3048 191 56 „Diesen
2195 3050 189 62 Morgen
2408 3048 189 50 wurden
2620 3051 187 47 Zelter's
2828 3050 243 49 sterbliche
3096 3052 275 48 Ueberreste

1852 3126 40 47 in
1917 3135 189 47 ernster,
2130 3127 110 47 aber
2263 3126 287 49 erhebender
2567 3128 132 47 Feier
2723 3127 225 48 bestattet.
2978 3130 85 47 Um
3091 3130 30 47 6
3150 3130 95 48 Uhr
3270 3130 74 48 hat-

1849 3211 73 41 ten
1951 3203 91 47 sich
2074 3203 57 47 im
2158 3205 132 47 Saale
2319 3203 81 49 der
2423 3205 390 62 Sing-Akademie
2837 3205 70 48 die
2930 3207 311 48 sämmtlichen
3267 3208 78 47 Mit-

1849 3279 172 65 glieder
2050 3298 42 31 u.
2121 3297 33 32 s.
2186 3297 54 32 w.
2271 3282 300 48 versammelt.
2602 3282 83 48 Ein
2715 3283 193 47 schöner
2930 3285 99 63 Zug
3055 3301 95 31 war
3180 3301 63 39 es,
3267 3285 103 48 dass

1849 3357 79 48 das
1946 3357 192 48 löbliche
2160 3359 373 63 Maurergewerk
2563 3359 91 47 sich
2677 3359 80 49 der
2780 3361 269 64 Bestattung
3079 3362 263 65 angeschlos-

1848 3452 78 31 sen
1951 3434 136 49 hatte.
2117 3436 130 47 Auch
2272 3436 70 47 ein
2361 3436 258 48 fürstlicher
2643 3437 337 66 kunstsinniger
3005 3438 183 48 Freund
3213 3437 158 66 (Fürst

1849 3511 249 57 Radziwill,
2127 3512 82 48 der
2233 3513 263 65 Componist
2519 3514 77 47 des
2619 3514 157 65 Faust)
2807 3516 128 47 ehrte
2964 3516 80 47 das
3075 3514 296 50 Gedächtniss

1849 3588 77 48 des
1956 3588 175 48 Todten
2174 3588 141 50 durch
2359 3591 122 48 seine
2511 3592 293 63 Gegenwart.
2860 3592 212 47 Inmitten
3103 3592 79 48 des
3213 3593 157 48 Saales

1847 3666 129 48 stand
1998 3666 80 48 der
2098 3668 135 64 Sarg,
2262 3685 52 30 zu
2341 3669 170 47 Füssen
2543 3669 78 47 mit
2651 3669 124 47 einer
2794 3668 151 56 Leier,
2973 3686 51 30 zu
3052 3669 213 66 Häupten
3291 3671 81 48 mit

1848 3743 146 48 einem
2036 3743 343 50 Lorberkranze
2421 3746 311 63 geschmückt.
2789 3747 193 47 Blumen
3027 3747 196 48 bildeten
3272 3748 99 48 eine

1851 3820 276 49 freundliche
2159 3823 292 65 Umgebung,
2493 3840 80 33 aus
2614 3823 81 48 der
2722 3823 91 48 sich
2846 3824 107 47 fünf
2972 3826 290 48 Postamente
3293 3826 79 49 mit

1849 3899 167 47 Büsten
2054 3899 217 48 erhoben.
2320 3902 86 47 Die
2449 3902 195 47 mittlere
2676 3917 94 32 war
2806 3899 72 51 die
2920 3900 79 50 des
3029 3902 342 51 Verstorbenen

1847 3975 155 58 selbst,
2028 3993 80 31 zur
2131 3977 202 49 Rechten
2362 3978 131 48 stand
2522 3977 72 49 die
2623 3978 147 48 seiner
2794 3979 172 56 Gattin,
2995 3997 80 30 zur
3096 3980 177 50 Linken
3298 3979 73 50 die

1848 4053 142 49 seines
2019 4069 204 50 grossen,
2263 4054 94 50 ihm
2402 4055 109 49 kurz
2549 4071 446 50 vorangegangenen
3024 4057 257 59 Freundes,
3321 4073 49 33 so
