3558 4391
1708 157 104 53 387

204 287 90 49 und
325 286 305 51 überstrahlte
659 289 141 49 durch
835 290 264 51 HändePs
1140 294 167 65 Jephta
1350 294 91 48 und
1484 298 204 49 Beetho-

206 380 60 32 ve
280 365 65 49 n's
381 362 201 51 siebente
613 367 200 49 Sinfonie
856 367 69 49 bei
973 369 200 48 Weitem
1223 369 80 48 das
1333 371 269 64 Programm
1648 374 75 48 des

200 439 467 67 vorhergegangenen
690 444 177 48 Jahres.
880 446 164 46 —Das
1072 445 202 48 siebente
1303 447 234 50 Musikfest
1566 451 156 49 wurde

204 516 41 48 in
276 517 118 47 Köln
427 517 79 49 mit
534 520 363 48 Schneider's
926 522 263 56 Sündllulh,
1639 543 82 31 von

205 592 137 48 Ries
374 594 89 48 und
497 596 363 48 Beethoven's
886 599 499 49 Coriolan-Ouverture
1408 602 199 61 gefeiert.
1640 605 83 47 Die

202 670 131 48 Stadt
361 671 187 48 Aachen
590 672 169 49 schloss
800 674 91 48 sich
935 675 114 47 noch
1081 675 59 48 im
1169 676 139 48 Jahre
1345 677 143 49 1824
1531 696 56 31 an
1631 681 91 47 und

202 747 155 48 feierte
385 748 59 47 im
477 750 212 47 nächsten
710 751 141 48 Jahre
882 760 132 39 unter
1043 751 80 48 der
1146 754 195 64 Leitung
1371 771 82 32 von
1486 757 129 47 Ries
1644 757 78 49 das

201 825 131 48 achte
369 826 237 47 Musikfest
648 826 78 48 mit
769 826 261 49 HändePs
1074 830 360 57 Alexandeifest,
1479 834 208 49 Beetho-

198 902 143 46 ven's
370 911 244 38 neunter
640 903 256 47 Sinfonie
929 903 87 47 und
1052 905 204 48 Christus
1287 922 70 32 am
1390 908 327 65 Oelberge.—

198 978 97 47 Das
323 986 166 41 neunte
513 978 235 49 Musikfest
770 978 159 50 wurde
959 981 41 47 in
1024 982 276 48 Düsseldorf
1317 992 130 41 unter
1479 986 122 48 Ries
1630 987 89 47 und

200 1055 186 63 Spohr
422 1055 274 64 abgehalten
742 1056 89 47 und
865 1056 186 51 brachte
1090 1060 113 55 „Die
1232 1060 158 49 letzten
1637 1080 84 32 von

198 1131 210 63 Spohr,
439 1132 100 47 eine
571 1132 285 50 Vocalmesse
886 1151 82 31 von
999 1136 242 48 Schneid
1259 1154 81 40 er,
1377 1138 64 47 16
1467 1140 253 48 Nummern

197 1222 83 33 aus
309 1207 100 47 dem
444 1208 184 48 Messias
657 1209 90 49 und
776 1209 71 50 die
877 1211 393 51 D-t/wr-Sinfonie
1300 1231 82 32 von
1413 1216 144 48 Ries.
1575 1218 144 47 —lm

196 1284 142 47 Jahre
374 1283 141 50 1827
549 1301 95 32 war
675 1287 167 48 wieder
872 1287 71 49 die
971 1288 146 50 Reihe
1146 1306 56 32 an
1234 1291 250 56 Elberfeld,
1527 1295 194 47 welches

197 1359 80 50 das
318 1361 159 49 zehnte
505 1363 237 48 Musikfest
784 1373 131 40 unter
957 1367 414 48 Schornstein's
1402 1369 196 64 Leitung
1640 1372 81 48 mit

197 1437 358 51 Schneider's
588 1442 299 56 „Verlornem
1213 1444 79 49 mit
1320 1444 101 50 dem
1448 1444 151 68 Kyrie
1627 1448 92 48 und

223 1512 160 52 Gbria
398 1532 81 32 aus
508 1516 80 49 der
630 1536 230 46 grossen
1639 1519 77 49 D-
1367 1540 84 31 von
1482 1524 202 50 Beetho-

193 1608 98 33 ven
322 1593 91 48 und
437 1593 158 50 dessen
621 1594 177 51 C-moll-
808 1597 202 48 Sinfonie
1039 1598 417 65 ausschmückte*).
1486 1602 108 48 Dies
1625 1620 95 31 war

195 1668 111 48 aber
329 1669 116 48 auch
470 1670 78 49 das
572 1672 128 48 letzte
718 1673 250 55 Musikfest,
987 1674 193 47 welches
1204 1676 97 47 hier
1317 1677 210 62 gehalten
1546 1679 170 49 wurde.

197 1745 240 49 Während
470 1748 76 47 für
574 1748 72 48 die
676 1749 213 50 früheren
919 1752 141 47 Jahre
1099 1768 136 31 unser
1264 1753 259 50 Casinosaal
1555 1772 135 48 ausge-

192 1823 142 48 reicht
366 1824 140 56 halte,
548 1834 195 40 mussten
775 1827 79 48 das
884 1829 129 46 letzte
1037 1829 90 47 Mal
1159 1828 165 49 bereits
1354 1830 71 49 die
1456 1833 230 48 Räumlich-

193 1899 149 50 keiten
372 1900 80 49 der
484 1902 225 49 Reilbahn
742 1904 41 47 in
809 1904 239 65 Anspruch
1074 1922 273 47 genommen
1372 1908 204 57 werden;
1606 1909 111 50 aber

191 1977 115 48 auch
338 1977 121 49 diese
489 1979 188 48 würden
712 1982 74 45 für
817 1983 70 46 die
917 1982 144 64 Folge
1103 1983 123 48 nicht
1268 1984 128 48 mehr
1427 1988 288 62 ausgereicht

191 2054 168 57 haben,
389 2055 260 65 abgesehen
680 2057 161 57 davon,
886 2058 100 48 dass
1028 2076 46 31 es
1110 2059 82 48 der
1220 2060 130 50 Stadt
1380 2079 54 32 an
1467 2064 248 48 Gasthöfen

190 2149 81 31 zur
294 2133 378 65 Unterbringung
701 2134 80 48 der
812 2135 275 50 massenhaft
1114 2139 348 50 zuströmenden
1486 2142 229 48 Fremden

190 2208 214 64 gebrach.
437 2210 78 47 Als
544 2210 142 48 daher
717 2211 94 49 drei
840 2214 142 47 Jahre
1011 2218 151 61 später
1192 2215 169 49 wieder
1388 2217 72 48 die
1484 2219 143 47 Reihe
1656 2236 56 30 an

190 2286 233 49 Elberfeld
455 2286 121 59 kam,
605 2288 80 48 sah
715 2289 91 48 sich
839 2290 141 48 dieses
1010 2308 298 48 gezwungen,
1340 2295 80 47 mit
1447 2295 148 49 tiefem
1629 2298 56 46 Be-

190 2363 174 49 dauern
395 2380 80 32 aus
506 2365 101 48 dem
642 2366 245 50 Verbände
916 2385 51 30 zu
999 2369 227 49 scheiden.
1256 2369 127 49 Aber
1413 2372 69 48 die
1515 2373 201 65 Hebung

188 2458 186 32 unseres
417 2443 358 63 Gesangvereins
823 2462 96 30 war
974 2445 166 48 bereits
1192 2448 265 66 vollständig
1505 2452 209 47 erreicht.

188 2519 61 47 Es
298 2520 94 64 galt
426 2519 109 65 jetzt
581 2538 103 34 nur,
724 2520 71 50 die
839 2523 377 66 eingeschlagene
1254 2525 230 66 Richtung
1522 2544 158 32 unwan-

188 2594 162 49 delbar
393 2595 294 50 festzuhalten
733 2598 90 48 und
869 2599 70 48 bei
985 2599 85 48 den
1114 2600 189 65 eigenen
1335 2603 254 48 Concerten
1626 2603 85 49 den

187 2674 333 63 Programmen
562 2674 80 48 der
685 2679 208 61 späteren
934 2676 269 50 Musikfeste
1240 2679 61 47 als
1336 2680 286 48 Leitsternen
1658 2699 52 29 zu

187 2750 170 66 folgen.
411 2751 134 48 Diese
571 2751 213 66 Aufgabe
812 2755 74 62 lag
912 2772 115 47 ganz
1057 2755 57 47 im
1141 2756 137 49 Sinne
1307 2758 403 49 Schornstein's

185 2827 92 49 und
313 2827 161 50 wurde
511 2845 84 32 von
637 2830 90 48 ihm
775 2831 79 47 mit
888 2839 156 41 treuer
1080 2833 362 50 Beharrlichkeit
1482 2834 202 53 durchsre-

1632 2884 24 16 o

185 2905 135 48 führt.
364 2905 251 49 Ueberdies
644 2907 123 47 hatte
798 2907 80 49 der
908 2909 336 64 Gesangverein
1273 2928 84 32 von
1378 2913 116 47 Jahr
1521 2930 52 30 zu
1595 2913 116 48 Jahr

186 2999 56 32 an
273 2984 291 63 Mitgliedern
592 3001 349 49 zugenommen,
971 3004 49 32 so
1051 2986 101 50 dass
1180 3005 106 32 man
1311 2990 119 47 wohl
1462 2991 57 46 im
1540 2990 170 50 Stande

183 3076 115 41 war,
327 3061 138 47 selbst
487 3061 71 48 die
581 3066 207 60 grössten
812 3064 176 48 Werke
1011 3065 120 48 ohne
1156 3065 173 49 fremde
1353 3067 358 67 Unterstützung

182 3154 80 30 zur
305 3137 239 65 würdigen
583 3140 299 65 Darstellung
922 3159 52 29 zu
1020 3141 203 65 bringen.
1296 3145 61 47 So
1399 3145 153 63 zeigen
1590 3144 119 49 denn

182 3215 117 48 auch
343 3215 71 48 die
455 3216 525 67 Concert-Programme
1015 3219 81 48 der
1138 3221 400 65 nächstfolgenden
1568 3222 141 50 Jahre

181 3291 80 50 das
295 3299 131 42 treue
455 3294 249 64 Verfolgen
743 3295 87 48 der
872 3296 268 48 classischen
1183 3299 245 66 Richtung.
1485 3301 107 47 Wir
1630 3301 52 48 be-

181 3386 180 48 gegnen
385 3370 84 49 fast
491 3371 355 50 ausschliesslich
870 3391 88 30 nur
976 3375 371 65 Compositionen
1369 3394 84 32 von
1474 3377 231 59 Händel,

181 3447 216 66 Haydn,
427 3448 224 56 Mozart,
682 3451 338 56 Beethoven,
1051 3452 197 65 Spohr,
1275 3454 230 58 Weber,
1531 3456 176 56 Klein,

179 3525 317 48 Schneider
525 3526 93 47 und
648 3527 183 48 Fesca.
880 3528 145 49 Unter
1047 3528 214 50 Anderen
1293 3531 160 48 wurde
1482 3532 58 47 im
1566 3532 141 49 Jahre

190 3601 143 49 1834
364 3603 147 49 David
540 3621 84 32 von
653 3605 178 57 Klein,
868 3606 59 47 im
957 3606 142 49 Jahre
1133 3607 142 51 1835
1312 3607 80 50 das
1420 3610 258 48 Alexander-

179 3681 83 46 lest
300 3696 85 32 von
428 3681 220 49 Händel
691 3682 278 66 aufgeführt.
1038 3686 98 47 Für
1178 3685 70 49 die
1287 3687 302 65 Programme
1627 3687 82 48 der

177 3758 209 63 späteren
414 3758 99 47 Zeit
543 3758 160 50 wurde
746 3758 79 50 das
863 3760 312 50 düsseldorfer
1204 3763 239 49 Musikfest
1477 3765 60 47 im
1566 3765 143 48 Jahre

183 3829 144 53 1836
360 3851 82 31 von
474 3852 113 46 ganz
619 3837 278 50 besonderer
926 3838 288 68 Bedeutung.
1263 3842 62 47 Es
1354 3857 97 33 war
1481 3841 57 49 da
1561 3843 145 49 Men-

244 3960 37 47 •*)
310 3961 191 35 Hiernach
546 3963 51 34 ist
643 3963 60 36 die
743 3965 115 47 irrige
901 3966 185 48 Meinung
1133 3979 48 24 zu
1223 3967 246 49 berichtigen,
1514 3969 57 35 als
1613 3970 96 36 habe

306 4022 329 37 Schornstein
666 4024 145 39 damals
842 4026 58 37 die
930 4040 88 35 gan
1033 4022 23 53 z
1079 4022 24 53 6
1126 4022 257 53 D-dur-Messe
1406 4043 74 23 von
1500 4031 115 36 Beet
1627 4031 21 35 h
1662 4043 22 24 o-

305 4096 87 22 ven
422 4085 234 46 aufgeführt.
1221 4091 89 34 Die
1339 4092 287 37 Redaction.

2138 306 162 49 Paulus
2344 326 99 31 zum
2474 317 148 40 ersten
2653 313 117 48 Male
2811 315 268 64 aufgeführt
3117 320 185 50 worden

1796 378 90 47 und
1918 378 125 48 hatte
2070 380 130 48 einen
2224 400 111 47 ganz
2359 385 447 52 unbeschreiblichen
2825 392 343 52 Enthusiasmus
3199 397 76 49 her-

1794 454 287 63 vorgerufen.
2126 458 157 48 Einem
2307 460 191 65 jungen,
2529 461 65 49 bis
2623 463 136 49 dahin
2789 465 318 54 unbekannten
3135 473 139 47 Künst-

1795 529 65 47 ler
1888 545 97 32 war
2013 547 46 30 es
2088 534 243 65 gelungen,
2355 554 93 32 was
2469 539 83 47 seit
2576 538 69 49 30
2669 540 170 48 Jahren
2869 558 47 32 so
2943 545 108 49 viele
3080 549 221 64 gewiegle

1795 605 184 48 Meister
2007 610 250 61 vergebens
2286 614 196 48 erstrebt
2502 615 173 57 hatten,
2704 618 70 47 ein
2792 618 264 50 Oratorium
3080 640 51 30 zu
3154 625 122 49 schaf-

1797 681 87 55 fen,
1924 684 193 48 welches
2159 685 85 49 den
2275 705 183 47 grossen
2488 693 320 64 Schöpfungen
2852 694 77 48 des
2958 698 179 63 vorigen
3166 701 108 47 Jahr-

1796 759 219 49 hunderts
2045 762 178 66 würdig
2253 781 56 32 an
2338 765 70 48 die
2437 769 120 48 Seite
2584 776 144 42 treten
2759 770 164 60 durfte,
3050 776 68 46 ein
3139 778 162 56 Werk,

1799 836 193 47 welches
2021 839 80 47 mit
2129 839 81 48 der
2234 840 182 51 Würde
2445 844 90 47 und
2564 846 192 65 Strenge
2785 848 80 48 der
2895 850 117 47 alten
3041 850 165 51 Schule
3236 853 69 49 die

1795 912 277 64 glänzenden
2096 917 448 66 Errungenschaften
2573 920 82 48 der
2674 924 185 49 Neuzeit
2887 928 97 47 aufs
3013 928 291 64 glücklichste

1792 1005 54 30 zu
1875 990 208 48 vereinen
2109 1001 179 42 wusste.
2319 996 98 48 Von
2443 996 166 48 diesem
2627 999 308 63 Augenblicke
2966 1019 56 32 an
3045 1020 95 35 war
3163 1006 104 49 Men-

1795 1065 261 49 delssohn
2097 1067 80 50 der
2215 1072 318 50 entschiedene
2562 1075 208 65 Liebling
2807 1077 41 47 in
2878 1079 83 48 den
2991 1081 313 51 Rheinlanden

1797 1141 91 48 und
1927 1142 53 48 ist
2021 1160 46 30 es
2109 1143 67 50 bis
2215 1146 136 51 heute
2394 1150 254 65 geblieben.
2704 1152 150 49 Schon
2895 1155 57 47 im
2989 1156 137 50 Jahre
3161 1159 138 49 1837

1794 1218 151 50 führte
1973 1220 82 48 der
2083 1222 169 66 hiesige
2283 1226 332 66 Gesangverein
2658 1229 86 48 den
2782 1231 166 48 Paulus
2991 1234 79 47 auf
3100 1235 88 47 und
3219 1253 82 31 von

1794 1293 57 50 da
1895 1312 55 32 an
1996 1296 195 51 bildeten
2234 1300 71 49 die
2342 1303 395 50 Mendelssohn
2770 1307 165 49 sehen
2968 1309 337 66 Gesangwerke

1792 1371 87 48 den
1910 1375 460 64 Hauptbestandtheil
2408 1397 187 33 unserer
2624 1383 311 64 Programme.
2990 1387 74 47 Sie
3093 1387 94 49 sind
3219 1390 83 47 alle

1792 1447 120 48 ohne
1951 1449 281 61 Ausnahme,
2272 1456 110 48 viele
2420 1474 137 48 sogar
2599 1460 247 58 mehrfach,
2888 1479 79 30 zur
3006 1462 293 67 Aufführung

1790 1526 185 64 gelangt
2004 1527 92 48 und
2123 1546 121 32 zwar
2274 1533 208 49 meistens
2505 1536 138 47 sofort
2671 1537 113 47 nach
2810 1538 290 59 Erscheinen,
3125 1557 48 32 so
3193 1560 34 29 z.
3246 1543 50 47 B.

1790 1603 442 52 Mendelssohn's
2261 1608 443 69 Schwanengesang,
2733 1613 80 49 der
2844 1616 135 56 Elias,
3026 1617 138 50 schon
3203 1618 93 50 drei

1795 1679 209 50 Wochen
2048 1683 113 47 nach
2204 1684 216 66 erfolgter
2448 1690 316 63 Herausgabe.
2821 1693 61 46 Es
2910 1710 95 32 war
3041 1696 70 46 ein
3146 1696 125 63 eigen-

1790 1756 273 50 tümlicher
2093 1759 182 66 Vorzug
2303 1763 439 60 Schornstein's,
2784 1767 80 48 der
2902 1786 82 46 gar
3020 1771 122 47 nicht
3183 1771 112 48 hoch

1789 1850 151 48 genug
1963 1837 334 65 angeschlagen
2321 1841 183 48 werden
2528 1842 136 57 kann,
2694 1843 100 50 dass
2824 1861 48 32 er
2895 1852 110 41 trotz
3029 1846 75 48 des
3126 1856 149 57 streng-

1786 1918 98 41 sten
1914 1912 477 53 unverbrüchlichsten
2418 1921 280 48 Festhaltens
2726 1938 56 32 an
2811 1921 101 49 dem
2943 1923 118 48 alten
3080 1924 186 49 Bewähr-

1787 1994 93 51 ten,
1919 1988 93 48 sich
2041 1989 207 51 dennoch
2279 1992 71 49 die
2379 1994 158 51 leichte
2566 1998 410 65 Empfänglichkeit
3012 1999 81 50 der
3118 2002 179 63 Jugend

1789 2064 71 48 für
1888 2082 116 33 neue
2034 2068 260 51 Eindrücke
2337 2072 42 48 in
2420 2073 123 48 ihrer
2580 2091 170 48 ganzen
2782 2077 180 48 Frische
3003 2077 66 49 bis
3107 2079 65 47 ins
3198 2084 74 61 spä-

1787 2149 112 41 teste
1933 2143 131 48 Alter
2105 2144 247 54 bewahrte.
2424 2151 71 55 Ja,
2538 2151 120 49 diese
2693 2153 410 65 Empfänglichkeit
3144 2156 151 49 schien

1787 2234 136 50 sogar
1951 2220 80 49 mit
2058 2220 85 50 den
2171 2224 173 48 Jahren
2371 2228 323 50 zuzunehmen.
2750 2231 85 47 Ein
2865 2231 267 63 glänzender
3160 2233 137 66 Beleg

1789 2295 171 49 hierfür
1999 2298 55 47 ist
2095 2298 71 48 die
2201 2300 233 51 liebevolle
2477 2305 213 64 Hingabe
2732 2304 76 50 des
2853 2307 164 48 bereits
3061 2308 69 48 60
3158 2309 139 49 Jahre

1787 2373 118 47 alten
1935 2374 189 47 Mannes
2154 2392 56 32 an
2242 2378 312 49 Schumann
2598 2382 143 63 gleich
2780 2383 115 48 nach
2925 2383 154 49 dessen
3109 2385 162 49 Auftre-

1786 2455 89 42 ten.
1926 2450 85 49 Die
2040 2454 384 62 unergründliche
2443 2458 326 49 Gemüthstiefe
2797 2459 142 48 dieses
2962 2462 333 49 wunderbaren

1786 2526 298 50 Tondichters
2114 2529 52 48 ist
2189 2532 139 48 leider
2351 2551 81 30 von
2451 2535 174 49 Aussen
2650 2537 63 47 oft
2740 2553 48 32 so
2818 2538 176 48 schwer
3014 2540 282 64 zugänglich,

1785 2601 100 50 dass
1924 2620 46 32 es
2008 2604 139 49 selbst
2185 2605 65 50 bis
2288 2627 78 29 zur
2403 2610 212 66 heutigen
2653 2613 172 48 Stunde
2863 2631 86 30 nur
2979 2615 175 65 wenige
3183 2617 113 48 Orte

1783 2680 112 64 gibt,
1926 2698 71 32 wo
2029 2698 48 32 er
2102 2700 81 31 zur
2210 2685 145 48 vollen
2373 2688 198 65 Geltung
2600 2690 226 65 gelangte,
2857 2690 110 49 aber
2995 2690 124 50 desto
3150 2694 143 53 mehr,

1785 2774 71 31 wo
1874 2774 48 31 er
1940 2758 151 48 bisher
2106 2777 112 47 ganz
2238 2765 329 48 unverstanden
2592 2765 253 65 geblieben.
2871 2769 111 47 Hier
3004 2769 41 48 in
3062 2769 231 50 Elberfeld

1785 2835 158 47 wurde
1971 2836 92 47 sein
2087 2839 216 48 Paradies
2333 2840 92 48 und
2449 2843 100 47 Peri
2582 2843 163 49 bereits
2773 2845 57 47 im
2857 2845 139 48 Jahre
3026 2845 139 51 1845
3197 2849 72 47 auf-

1782 2911 184 65 geführt
2011 2914 91 48 und
2140 2932 136 49 sogar
2318 2918 104 48 bald
2463 2918 168 50 darauf
2658 2921 279 50 wiederholt.
3000 2923 159 49 Dieses
3184 2925 113 48 Jahr

1782 3007 98 31 war
1904 2990 260 67 überhaupt
2185 2994 105 48 sehr
2312 2996 119 47 reich
2457 3014 55 31 an
2538 2999 336 49 musicalischen
2899 3000 372 67 Erscheinungen
3290 3020 10 39 ;

1782 3084 46 30 es
1858 3066 188 51 brachte
2090 3087 82 31 uns
2213 3073 259 48 ausserdem
2514 3075 114 48 noch
2665 3075 70 50 die
2768 3078 409 66 Walpurgisnacht
3207 3080 93 47 und

1782 3142 71 50 die
1890 3145 147 47 Musik
2076 3164 99 30 zum
2214 3149 522 52 Sommernachtstraum
2779 3169 85 33 von
2907 3154 390 51 Mendelssohn

1783 3221 91 47 und
1912 3221 78 48 das
2020 3222 269 51 Oratorium
2326 3227 148 49 Moses
2516 3245 83 32 von
2631 3230 168 50 Marx.
2868 3231 75 49 Sie
2986 3233 85 48 alle
3109 3233 187 49 wurden

1781 3297 137 49 schon
1949 3299 41 48 in
2022 3299 80 49 der
2131 3302 214 50 nächsten
2369 3305 98 48 Zeit
2490 3305 97 48 hier
2615 3306 271 65 aufgeführt
2914 3309 91 47 und
3036 3309 144 49 haben
3210 3311 85 47 alle

1780 3393 100 30 zum
1912 3376 125 48 Theil
2070 3379 263 49 mehrfache
2365 3382 428 66 Wiederholungen
2822 3385 157 49 erlebt.

1896 3455 60 47 So
1998 3456 216 50 schritten
2251 3459 212 66 Dirigent
2502 3461 94 48 und
2625 3462 167 49 Verein
2827 3464 82 48 auf
2942 3462 78 50 der
3057 3465 212 48 Künstler-

1782 3530 121 49 bahn
1936 3532 141 65 rüstig
2106 3550 156 43 voran,
2302 3544 101 40 treu
2446 3554 73 32 am
2556 3539 264 49 bewährten
2857 3541 134 47 Alten
3029 3541 268 50 festhaltend

1782 3608 90 47 und
1917 3608 79 49 das
2041 3610 286 52 bedeutende
2364 3615 132 49 Neue
2538 3617 81 49 mit
2647 3634 215 32 warmem
2892 3619 177 48 Herzen
3109 3620 162 48 aufneh-

1781 3685 135 48 mend
1947 3686 89 49 und
2069 3687 80 50 der
2172 3690 375 51 Oeffentlichkeit
2568 3694 297 55 vermittelnd,
2896 3694 66 48 bis
2992 3696 204 64 plötzlich
3219 3697 78 49 das

1778 3762 116 50 Jahr
1942 3765 141 49 1853
2129 3765 79 49 das
2250 3767 168 51 schöne
2449 3771 276 47 Verhältniss
2763 3771 169 48 zerriss.
2999 3774 96 47 Der
3135 3791 134 32 unver-

1781 3840 265 64 gleichliche
2076 3845 157 57 Mann,
2265 3845 81 49 der
2374 3846 86 50 den
2493 3849 162 47 Verein
2684 3849 80 47 seit
2793 3849 64 48 41
2892 3850 172 48 Jahren
3094 3852 80 49 mit
3202 3851 71 51 bei-

1782 3918 231 65 spielloser
2044 3922 283 67 Hingebung
2357 3925 91 48 und
2477 3926 202 48 Einsicht
2705 3926 182 65 geleitet
2918 3927 141 59 hatte,
3089 3929 95 58 der,
3215 3931 54 48 ob-

1781 3997 145 64 gleich
1959 3997 167 51 bereits
2154 4001 60 48 im
2248 4002 85 48 65.
2364 4002 307 66 Lebensjahre
2699 4003 206 58 stehend,
2948 4006 89 48 sich
3076 4009 115 48 noch
3221 4009 76 48 des

1781 4073 295 52 Vollbesitzes
2125 4078 212 65 geistiger
2379 4080 132 48 Kraft
2552 4080 214 58 erfreute,
2808 4081 160 49 wurde
3009 4100 81 32 uns
3133 4101 70 32 am
3249 4086 47 47 2.

2922 4154 68 69 [*]
