3558 4391
1836 211 0 0 390

236 306 91 49 sich
360 306 95 47 hier
484 302 174 49 Händel
695 301 193 51 bedient.
949 301 239 51 Während
1231 302 192 49 nämlich
1466 301 279 50 sämratliche

238 384 150 47 Chöre
416 381 74 47 des
520 386 144 41 ersten
694 380 134 47 Actes
857 396 86 31 nur
971 379 289 63 vierstimmig
1297 379 114 54 sind,
1453 380 186 65 beginnt
1666 377 80 49 der

234 457 154 49 zweite
416 457 86 46 Act
531 456 79 47 mit
639 455 145 48 einem
814 456 360 64 achtstimmigen
1205 456 310 64 Doppelchor,
1551 455 194 48 welcher

233 536 43 45 in
306 532 187 49 breitem
525 527 15 29 4
541 532 332 65 /4-Bhythmus
1609 531 137 52 [D-du
1132 531 246 65 prachtvoll
1419 531 300 51 einherschrei-

233 617 62 40 tet
316 609 89 48 und
431 607 244 50 besonders
697 609 41 46 in
762 609 167 46 seinem
954 609 235 46 Schlüsse:
1230 609 158 54 „Hoch
1415 610 127 48 feiert
1565 609 176 46 uns'ren

235 685 189 63 heil'gen
686 700 83 32 von
799 685 300 63 grossartiger
1131 685 233 63 Wirkung
1392 687 66 46 ist.
1508 683 232 50 Nachdem

230 761 70 47 ein
323 761 339 63 vierstimmiges
676 762 148 46 Tutti:
852 761 152 63 „Sing'
1028 761 193 63 freudig,
1242 761 136 56 Juda,
1402 761 174 48 deinem

231 831 50 70 (V
281 831 51 70 4,
361 836 211 63 D-moll),
601 836 193 47 welches
816 837 78 47 das
917 837 362 64 Fugen-Thema
1305 837 78 47 der
1405 836 307 62 vorhergehen-

230 915 85 47 den
347 913 149 49 Chöre
525 912 80 47 der
631 912 285 64 Jungfrauen
954 913 90 49 und
1078 915 194 45 Priester
1311 913 156 47 weiter
1512 912 228 55 ausführt,

229 991 84 47 den
342 990 184 46 zweiten
558 990 85 45 Act
672 988 301 65 geschlossen,
1005 990 146 62 folgen
1181 990 57 46 im
1270 987 164 49 dritten
1465 988 81 48 der
1572 988 167 48 schöne

228 1064 328 65 achtstimmige
587 1066 146 48 Chor:
774 1067 204 65 „Sprich,
1009 1067 185 62 heil'ger

258 1141 185 64 Grave),
455 1141 80 47 der
563 1142 341 63 vierstimmige:
944 1142 68 56 „0
1043 1142 129 47 Licht
1203 1141 80 48 der

228 1216 45 47 V
295 1218 32 62 4),
371 1219 81 47 der
493 1218 354 65 achtstimmige:
899 1219 138 56 „Wir
1073 1218 143 48 steh'n
1255 1236 50 29 zu
1339 1219 82 47 Dir
1453 1219 85 49 voll

226 1296 198 61 [B-dur,
443 1289 64 65 %
526 1293 217 50 Andante
762 1293 198 67 allegro),
986 1293 89 48 und
1100 1294 81 47 der
1203 1294 353 66 achtstimmige:
1590 1296 148 55 „Laut

225 1374 81 47 auf
329 1373 81 47 voll
438 1372 135 47 Jubel
597 1372 219 62 jauchzen
997 1371 201 64 [D-dur,
1230 1367 15 29 k
1246 1372 84 66 /£),
1360 1373 85 48 alle
1467 1390 121 31 zwar
1611 1372 125 56 kurz,

222 1449 111 49 aber
375 1447 155 48 keiner
572 1448 118 47 ohne
733 1447 381 63 eigentümliche
1143 1448 262 50 Schönheit.
1459 1451 97 45 Das
1585 1449 151 49 Ganze

217 1524 200 50 schliesst
446 1525 77 46 mit
551 1524 80 47 der
658 1524 366 66 Wiederholung
1053 1525 76 47 des
1160 1527 157 48 letzten
1349 1527 179 48 Theiles
1556 1525 77 49 des
1663 1543 47 31 er-

217 1602 211 48 wähnten
466 1602 403 63 Eingangs-Chors
910 1603 78 47 des
1030 1603 186 48 zweiten
1260 1604 133 47 Actes
1437 1603 91 48 und
1570 1603 165 48 erhöht

217 1678 201 49 dadurch
463 1678 120 47 nicht
623 1696 86 29 nur
744 1678 79 47 das
863 1679 170 47 Gefühl
1071 1678 76 48 des
1185 1680 423 63 Zusammenhangs
1651 1679 82 48 der

216 1755 229 49 einzelnen
471 1755 174 54 Theile,
675 1755 193 49 sondern
892 1755 251 49 hinterlässt
1166 1758 113 46 auch
1305 1757 140 48 durch
1471 1757 71 48 die
1566 1758 168 47 Pracht

215 1832 91 48 und
336 1832 247 48 Schönheit
612 1832 141 48 dieses
785 1833 142 47 Chors
957 1833 128 47 einen
1115 1849 183 47 grossen
1331 1832 245 50 Eindruck.

330 1909 136 47 Diese
497 1909 258 63 klanglosen
780 1909 197 48 Umrisse
1007 1909 78 48 des
1111 1910 197 49 Werkes
1338 1914 242 61 vermögen
1609 1928 122 32 zwar

217 2000 83 33 von
329 1985 168 47 seinem
530 1985 336 48 musicalischen
889 1985 177 48 Inhalte
1096 1986 130 49 keine
1251 1988 291 64 Vorstellung
1569 2006 50 30 zu
1651 2004 51 48 ge-

212 2063 103 47 ben.
346 2061 73 47 Sie
440 2061 232 47 erreichen
696 2061 126 49 ihren
845 2063 181 56 Zweck,
1059 2079 130 32 wenn
1213 2064 61 48 sie
1305 2064 82 48 auf
1409 2065 122 48 seine
1553 2065 145 48 Schön-

212 2139 149 48 heiten
384 2139 305 47 aufmerksam
713 2139 189 48 machen
932 2140 91 47 und
1048 2140 198 48 anderen
1274 2141 222 49 Vereinen
1523 2141 70 49 die
1614 2143 84 47 Auf-

214 2215 205 64 führung
447 2215 268 65 empfehlen.
747 2216 99 47 Alle
875 2216 263 49 erwähnten
1164 2218 350 63 Eigenschaften
1538 2219 189 48 machen

215 2293 204 48 dasselbe
463 2293 76 45 für
579 2293 70 47 die
680 2293 299 64 Aufführung
1021 2312 51 29 zu
1117 2295 146 48 einem
1302 2296 104 47 sehr
1434 2295 293 57 dankbaren;

215 2370 115 48 auch
375 2369 138 48 bietet
548 2385 45 31 es
629 2369 154 48 weder
823 2370 42 47 in
908 2370 87 47 den
1025 2371 361 57 Solo-Partieen,
1424 2374 115 48 noch
1570 2374 42 47 in
1644 2373 86 48 den

216 2446 196 54 Chören,
442 2446 57 47 im
534 2445 237 65 Vergleich
813 2446 79 48 mit
921 2446 84 48 den
1038 2447 308 50 bekannteren
1374 2453 209 64 späteren
1612 2450 89 48 Ora-

214 2522 141 49 torien
389 2522 228 56 Händel's,
648 2521 251 50 besondere
927 2524 419 64 Schwierigkeiten.

325 2599 177 48 Sonach
534 2615 96 32 war
659 2599 70 47 die
756 2600 141 47 Wahl
929 2600 141 48 dieses
1103 2601 198 48 Werkes
1331 2602 76 47 für
1437 2601 69 50 die
1536 2601 168 66 diesjäh-

210 2676 94 64 rige
323 2676 352 48 Cäcilien-Feier
697 2676 98 47 eine
816 2676 265 65 glückliche.
1106 2680 70 46 An
1195 2679 80 48 der
1292 2680 301 62 Aufführung
1616 2682 83 45 nah-

211 2770 102 32 men
343 2754 126 47 Theil
502 2754 68 47 ein
602 2754 123 48 Chor
752 2770 84 32 von
874 2755 102 47 142
1010 2756 220 47 Stimmen
1261 2756 89 48 und
1381 2759 67 47 ein
1481 2757 249 49 Orchester

209 2848 81 30 von
328 2830 62 48 17
426 2831 221 56 Violinen,
678 2830 31 48 6
743 2831 177 57 Violen,
960 2832 30 49 6
1024 2834 322 55 Violoncellen,
1386 2836 32 46 4
1449 2835 249 48 Contrabäs-

207 2922 94 41 sen,
337 2907 61 48 17
435 2907 180 48 Bläsern
647 2907 87 47 und
780 2908 19 47 1
838 2908 197 54 Pauker,
1064 2911 248 47 sämmtlich
1339 2911 284 65 Mitgliedern
1650 2911 77 48 des

209 2983 196 65 hiesigen
429 2985 378 48 Musik-Vereins.
838 2986 86 47 Die
954 2986 284 49 Solo-Partie
1268 2987 80 48 der
1378 2988 181 49 Athalia
1590 2987 109 66 (Mez-

206 3061 270 65 zo-Sopran)
517 3062 158 48 wurde
720 3079 83 31 von
845 3065 123 45 Frau
1011 3065 208 48 Bertha
1260 3066 321 65 Bargheer,
1625 3067 101 64 geb.

210 3138 280 64 Wagner,
521 3155 77 30 aus
629 3140 230 55 Detmold,
888 3140 74 47 die
991 3140 76 48 des
1096 3141 159 48 Abner
1284 3142 142 65 (Bass)
1459 3160 82 30 von
1574 3145 150 45 Herrn

207 3215 200 57 Albes,
447 3216 174 63 Sänger
650 3217 80 47 der
758 3216 199 65 hiesigen
988 3220 143 63 Oper,
1175 3220 70 47 die
1274 3220 81 48 der
1382 3221 218 48 Josabeth
1635 3221 87 48 und

206 3292 76 47 des
310 3292 109 47 Joas
449 3291 149 63 (beide
626 3292 195 65 Sopran)
863 3293 88 49 und
997 3295 71 48 die
1110 3295 76 48 des
1226 3296 115 49 Joad
1374 3296 110 67 (Alt)
1526 3297 90 48 und
1647 3297 77 50 des

205 3368 185 48 Malhan
437 3368 187 65 (Tenor)
668 3386 82 32 von
795 3371 282 65 Mitgliedern
1120 3372 78 50 des
1242 3375 187 48 Vereins
1472 3392 249 47 gesungen.

207 3447 121 46 Herr
355 3446 388 48 Musik-Director
770 3448 40 46 J.
841 3448 56 48 0.
922 3449 174 47 Grimm
1127 3451 146 47 leitete
1302 3452 71 47 die
1402 3453 320 64 Aufführung,

205 3522 84 48 wie
310 3522 90 48 sich
427 3524 112 47 nach
565 3523 158 48 dessen
747 3526 311 62 vorzüglichen
1077 3528 644 65 Dirigenten-Eigenschaften

205 3608 223 41 erwarten
449 3602 113 53 liess,
586 3602 114 48 nach
727 3602 114 48 allen
861 3603 149 47 Seiten
1037 3604 71 47 hin
1133 3606 41 47 in
1198 3607 333 48 vortrefflicher
1548 3608 174 49 Weise.

203 3677 102 48 Alle
329 3678 147 48 Chöre
508 3678 118 48 ohne
649 3679 267 49 Ausnahme
945 3679 164 65 gingen
1139 3683 103 47 sehr
1272 3691 92 56 gut.
1395 3684 170 56 Voller,
1588 3686 104 48 schö-

203 3770 80 31 ner
313 3757 115 54 Ton,
471 3756 207 48 Reinheit
720 3757 80 47 der
830 3758 240 55 Stimmen,
1113 3759 241 49 besonders
1396 3762 113 47 auch
1548 3762 41 47 in
1633 3762 86 49 den

205 3830 147 50 hohen
376 3834 155 47 Tönen
563 3833 76 48 des
662 3836 216 63 Soprans,
910 3837 191 63 präcises
1125 3837 232 48 Einsetzen
1390 3839 89 49 und
1508 3841 70 47 ein
1602 3841 90 48 Vor-

201 3916 121 57 trag,
357 3911 42 46 in
431 3911 213 48 welchem
685 3912 79 48 das
797 3912 312 49 Verständniss
1141 3913 144 48 dieser
1317 3917 149 48 Chöre
1508 3917 90 48 und
1639 3918 78 48 das

201 3985 326 65 Ergriffensein
558 4003 81 32 von
671 3989 120 47 ihrer
816 3989 247 50 Schönheit
1092 4008 53 30 zu
1170 3992 127 59 Tage
1327 3999 103 50 trat,
1459 3994 257 49 zeichneten

202 4062 87 49 den
322 4064 137 57 Chor,
488 4064 190 50 schöner
706 4068 167 63 Klang,
902 4074 232 44 accurales
1158 4069 119 65 Spiel
1311 4071 88 47 und
1430 4088 176 48 genaue
1631 4074 84 49 Be-

1816 302 200 64 Achtung
2046 301 81 50 der
2155 304 226 64 Dynamik
2423 301 79 50 das
2531 304 248 48 Orchester
2807 320 95 33 aus.
2957 308 122 48 Frau
3110 306 50 49 B.
3192 308 114 63 Barg-

1816 379 126 56 heer,
1971 379 99 47 eine
2096 380 235 47 Schülerin
2362 379 77 48 des
2469 379 405 49 Musik-Directors
2900 382 194 58 Grimm,
3123 400 112 46 sang
3265 384 73 47 die

1816 456 150 47 Partie
1988 455 81 48 der
2089 456 183 48 Athalia
2303 457 78 47 mit
2408 456 150 48 tiefem
2586 456 362 57 Verständnisse;
2976 460 99 47 ihre
3104 461 233 64 prächtige

1815 531 330 53 Declamation,
2195 534 71 47 ihr
2305 532 290 49 seelenvoller
2638 534 89 47 und
2771 534 567 67 dramatisch-lebendiger

1815 607 199 64 Vortrag
2055 607 150 48 hoben
2246 609 85 48 den
2361 610 151 62 Klang
2555 609 122 46 ihrer
2722 609 263 49 kraftvollen
3016 611 191 48 Stimme
3244 612 91 49 und

1813 683 264 64 gewährten
2107 685 128 47 einen
2266 701 184 47 grossen
2478 686 189 47 Genuss.
2699 686 122 47 Herr
2846 687 157 55 Albes,
3032 689 70 45 ein
3133 687 176 64 gebilde-

1813 767 67 40 ter
1903 761 190 62 Sänger,
2124 777 95 31 war
2247 762 147 47 seiner
2417 762 151 47 Partie
2596 761 304 48 vollkommen
2930 765 296 61 gewachsen;
3258 766 58 46 lei-

1813 836 80 47 der
1922 836 122 48 halte
2073 837 91 47 sein
2197 837 216 64 kräftiger
2435 840 110 45 Bass
2573 837 42 47 in
2647 838 142 64 Folge
2818 856 83 31 von
2929 841 255 47 Heiserkeit
3212 842 122 47 nicht

1811 913 151 49 seinen
2007 913 142 49 vollen
2195 916 164 63 Klang.
2425 916 83 47 Die
2553 915 192 64 übrigen
2788 916 348 49 Solo-Partieen
3180 935 154 32 waren

1811 988 142 48 durch
1984 990 183 55 schöne,
2199 990 269 66 klangvolle,
2505 992 292 64 jugendliche
2825 993 222 49 Stimmen
3091 1002 243 47 vertreten,

1811 1082 84 32 von
1926 1066 144 48 denen
2112 1067 197 48 einzelne
2352 1067 70 48 bei
2453 1068 294 65 sorgfältiger
2775 1070 291 66 Ausbildung
3098 1071 208 65 Vorzügli-

1810 1143 107 47 ches
1943 1161 52 29 zu
2027 1143 154 48 leisten
2211 1144 314 65 versprechen.

1928 1221 94 45 Für
2049 1218 71 50 die
2149 1221 114 47 nach
2295 1219 189 50 alledem
2515 1219 105 49 sehr
2642 1222 258 63 gelungene
2924 1223 302 66 Aufführung
3254 1223 77 50 des

1811 1294 65 49 bis
1905 1294 135 50 dahin
2072 1296 96 48 hier
2196 1297 324 48 unbekannten
2550 1297 199 48 schönen
2783 1299 199 49 Werkes
3011 1301 96 48 sind
3138 1302 72 48 die
3240 1302 70 48 hie-

1809 1373 123 64 sigen
1976 1373 341 50 Kunstfreunde
2354 1373 101 48 dem
2495 1374 194 49 Vereine
2732 1374 91 49 und
2864 1376 169 48 seinem
3065 1378 266 66 Dirigenten

1807 1467 51 31 zu
1890 1466 202 48 grossem
2124 1451 164 48 Danke
2317 1451 294 64 verpflichtet.

1922 1527 280 48 Schliesslich
2241 1532 134 61 möge
2404 1528 99 48 eine
2533 1528 292 65 Mittheilung
2867 1529 115 49 über
3020 1529 71 49 die
3121 1531 182 48 Leistun-

1806 1621 87 45 gen
1922 1603 77 48 des
2030 1604 189 48 Vereins
2257 1605 83 49 seit
2368 1605 179 49 meinen
2577 1605 240 49 Berichten
2846 1607 42 47 in
2919 1608 78 47 Nr.
3030 1607 73 48 24
3136 1607 90 48 und
3259 1608 70 48 50

1804 1680 77 49 des
1910 1682 184 64 vorigen
2116 1683 262 65 Jahrgangs
2403 1683 146 48 dieser
2573 1684 184 54 Blätter,
2790 1684 97 47 hier
2916 1684 117 48 noch
3063 1685 98 47 eine
3192 1685 138 49 Stelle

1804 1758 166 48 finden.
2002 1760 59 46 Es
2087 1759 188 48 wurden
2304 1760 188 49 seitdem
2522 1760 44 49 in
2596 1760 217 49 achtzehn
2842 1762 252 48 Concerten
3121 1762 209 64 folgende

1802 1835 259 49 Tonwerke
2091 1837 290 63 aufgeführt:
2417 1839 32 47 I.
2479 1838 287 48 Sinfonieen:
2796 1854 83 31 von
2910 1838 258 48 Beethoven
3201 1839 40 47 in
3276 1838 27 51 C-

1819 1912 91 48 dur
1936 1912 96 63 (Nr.
2069 1913 64 65 1),
2566 1912 174 52 Eroica
2390 1913 97 66 (Nr.
2520 1914 68 66 3),
2842 1917 97 62 (Nr.
2972 1915 69 65 5),

1802 1988 98 64 (Nr.
1931 1988 68 64 6),
2028 1988 163 51 A-dur
2218 1990 97 62 (Nr.
2348 1990 50 66 7)
2430 1992 91 48 und
2549 1992 161 49 F-dur
2738 1992 98 63 (Nr.
2863 1990 76 65 8);
2969 2008 83 32 von
3083 1993 176 48 Mozart
3286 1993 43 48 in

1821 2065 173 51 G-moll
2002 2066 87 49 und
2122 2068 41 47 in
2608 2068 151 49 C-dur
2373 2069 80 48 mit
2474 2069 80 48 der
2576 2072 151 62 Fuge;
2756 2086 84 31 von
2865 2069 164 65 Haydn
3055 2070 41 47 in
3243 2070 64 49 fer-

1802 2160 80 30 ner
1913 2144 40 46 in
1988 2143 67 48 Es
2084 2145 82 46 mit
2195 2144 100 48 dem
2329 2146 374 54 Paukenwirbel;
2732 2146 43 47 in
2808 2145 42 50 G
2878 2146 80 47 mit
2987 2145 102 48 dem
3114 2146 185 49 Pauken-

1801 2220 179 64 schlag;
2027 2238 81 30 von
2143 2223 143 47 Franz
2318 2223 225 48 Schubert
2583 2223 42 48 in
2658 2223 171 54 C-dur;
2874 2239 82 32 von
2990 2223 265 49 Schumann
3286 2225 42 46 in

1802 2296 167 49 B-dur
1998 2295 96 66 (Nr.
2133 2298 43 64 1)
2207 2299 91 47 und
2329 2300 99 47 eine
2459 2300 201 48 Sinfonie
2688 2317 82 30 von
2801 2301 39 46 J.
2872 2300 58 47 O.
2962 2300 190 48 Grimm.
3274 2301 54 47 11.

1804 2375 289 47 Ouvertüren
2139 2376 90 47 und
2274 2378 433 48 Orchesterslücke:
2756 2378 259 47 Ouvertüre
3057 2394 99 32 zum
3202 2379 100 47 Frei-

1802 2450 169 55 schütz,
2000 2469 51 31 zu
2078 2450 208 60 Oberon,
2314 2472 51 29 zu
2392 2454 265 65 Euryanthe
2682 2453 89 48 und
2797 2453 423 49 Jubel-Ouverlure
3244 2472 82 31 von

1804 2529 47 47 C.
1880 2529 58 47 M.
1970 2545 83 32 von
2088 2529 177 48 Weber
2276 2548 12 38 ;
2315 2548 80 30 zur
2415 2530 294 50 Zauberflöte
2741 2530 88 47 und
2859 2548 53 29 zu
2939 2531 204 64 Figaro's
3170 2533 124 47 Hoch-

1800 2604 84 48 zeit
1913 2620 81 32 von
2028 2606 197 56 Mozart;
2254 2624 51 30 zu
2340 2609 99 63 Ruy
2470 2609 102 47 Blas
2601 2606 89 48 und
2722 2607 294 47 Meeresstille
3046 2606 91 48 und
3169 2609 130 63 glück-

1800 2682 113 47 liche
1931 2682 157 54 Fahrt,
2108 2684 484 49 Concert-Ouverture
2609 2701 81 31 von
2713 2684 342 56 Mendelssohn;
3077 2703 79 30 zur
3173 2686 123 48 Stum-

1802 2776 101 30 men
1933 2776 83 31 von
2050 2761 161 47 Porliei
2242 2778 82 31 von
2352 2762 182 55 Auber;
2563 2780 51 29 zu
2643 2762 263 55 Anakreon,
2935 2780 79 29 zur
3043 2762 163 50 Medea
3236 2764 90 48 und

1799 2854 52 29 zu
1875 2836 85 48 den
1989 2837 354 66 Abencerragen
2368 2856 82 32 von
2478 2840 274 55 Cherubini;
2780 2856 52 31 zu
2863 2840 218 48 Wilhelm
3116 2841 95 47 Teil
3243 2858 82 31 von

1801 2914 202 55 Hossini;
2046 2931 51 30 zu
2131 2915 230 49 Genovefa
2402 2934 82 30 von
2517 2906 54 58 ß.
2602 2916 287 56 Schumann;
2934 2916 260 48 Ouvertüre
3235 2917 89 49 und

1799 2991 337 48 Zwischenacte
2164 3010 51 29 zu
2249 2994 187 48 Göthe's
2468 2995 202 63 Egmont
2707 3010 82 31 von
2823 2992 284 57 Beethoven;
3150 2995 146 48 Ouver-

1799 3075 100 40 türe
1942 3086 50 29 zu
2026 3068 212 50 Coriolan
2280 3088 84 30 von
2394 3072 285 54 Beethoven;
2722 3070 361 48 Trauermarsch
3126 3088 82 31 aus
3249 3071 81 48 der

1797 3146 169 47 Sonate
1997 3146 87 65 Op.
2119 3146 68 49 26
2234 3164 83 33 von
2357 3149 277 52 Beethoven,
2676 3147 268 48 orchestrirt
2986 3164 83 31 von
3102 3149 198 49 Mendels-

1797 3223 140 55 sohn;
1988 3223 148 47 Musik
2180 3242 52 30 zu
2275 3226 353 63 Shakespeare's
2670 3225 529 49 Sommernachtstraum
3244 3244 84 32 von

1797 3301 337 55 Mendelssohn,
2166 3303 78 46 mit
2272 3302 355 50 verbindendem
2652 3303 145 47 Texte
2821 3320 82 30 von
2930 3302 123 48 Gisb.
3079 3302 247 50 Freiherrn

1802 3377 193 56 Vincke;
2026 3378 127 49 Suite
2182 3380 42 47 in
2324 3380 444 49 Dvon
2430 3381 40 48 J.
2493 3381 108 48 Seb.
2627 3381 146 48 Bach:
2803 3381 280 56 Ouvertüre,
3109 3381 98 57 Air,
3232 3382 62 48 Ga-

1795 3462 120 41 votte
1946 3456 32 47 I.
2009 3455 92 48 und
2133 3458 71 52 11.,
2246 3458 207 47 Bourree
2496 3457 91 48 und
2624 3458 173 66 Gique;
2839 3458 236 47 Pastorale
3117 3475 81 32 aus
3246 3457 82 50 der

1799 3533 522 51 Weihnachts-Cantate
2351 3554 84 31 von
2465 3537 40 47 J.
2535 3538 45 46 S.
2611 3537 139 47 Bach.
2849 3537 76 46 111.
2956 3536 95 47 Für
3081 3536 125 48 Chor
3235 3536 91 48 und

1795 3610 274 49 Orchester:
2114 3612 151 48 Chöre
2310 3613 91 49 und
2446 3615 92 47 Soli
2568 3615 80 47 Nr.
2681 3615 31 48 9
2745 3612 67 50 bis
2848 3612 64 48 16
2959 3629 82 31 aus
3084 3612 120 50 Elias
3241 3630 85 32 von

1793 3688 346 59 Mendelssohn;
2185 3691 191 48 Cantate
2425 3692 71 56 „0
2529 3692 138 48 weint
2695 3709 75 30 um
2945 3706 84 32 von
3071 3691 52 48 F.
3154 3691 171 56 Hiller;

1805 3766 321 56 „Meeresstille
2155 3768 92 49 und
2279 3768 252 64 glückliche
2784 3785 84 32 von
2909 3768 111 47 Karl
3056 3767 164 51 Ludw.
3249 3770 51 47 Fi-

1791 3843 156 55 scher;
1992 3844 264 65 Elegischer
2286 3847 183 64 Gesang
2512 3848 76 47 für
2632 3847 179 48 kleinen
2841 3846 126 48 Chor
3005 3846 90 48 und
3126 3846 198 49 Streich-

1792 3921 216 57 Quartett
2050 3938 84 32 von
2178 3923 262 48 Beethoven
2482 3923 108 66 (Op.
2638 3923 154 64 118);
2858 3923 324 57 „Meeresstille
3231 3923 92 48 und

1790 3998 254 64 glückliche
2286 4018 83 32 von
2399 4003 261 47 Beethoven
2691 3999 107 68 (Op.
2837 4001 150 64 112);
3028 4002 269 65 Schlachtge-

1788 4091 113 49 sang
1931 4092 83 32 von
2042 4078 41 47 J.
2114 4077 124 49 Rietz
2270 4077 105 67 (Op.
2415 4078 107 65 12);
2573 4079 145 49 Scene
2746 4095 81 33 aus
2858 4078 101 50 dem
2991 4079 187 49 zweiten
3211 4079 113 49 Acte
