3487 4572
902 391 110 60 180

1961 391 223 54 Glossen

2090 626 160 44 unter
2274 611 178 57 dieser
2476 609 339 68 Bedingung,
2847 606 107 58 daß
2982 606 89 58 die
3100 606 143 66 Idee,

2091 689 108 59 daß
2217 690 90 58 die
2324 687 155 60 Seele
2497 686 175 58 selber
2690 686 114 58 sich
2823 686 135 65 rein,
2977 684 266 58 identisch

2094 771 116 56 rein
2254 794 124 33 vom
2423 766 368 60 Widerstreite
2834 765 145 57 ihrer
3021 765 222 68 eigenen

2095 847 464 68 Verwirklichung
2597 845 129 66 hält,
2871 866 106 36 nur
3013 868 60 33 so
3110 844 136 57 wird

2096 930 97 57 der
2237 927 336 60 Widerstreit
2617 948 95 35 zur
2758 924 318 66 Harmonie,
3120 948 127 33 zum

2096 1005 516 72 widerspiegelnden
2669 1002 272 59 Ebenbild
2994 1002 97 59 der
3132 1026 86 33 see-

2098 1087 204 60 lischen
2345 1085 249 58 Reinheit
2634 1108 105 34 von
2778 1082 129 57 aller
2947 1081 300 58 Differenz.

2099 1167 295 59 Trotzdem
2441 1164 275 59 Schleichs
2762 1162 152 59 Buch
2959 1161 287 70 eigentlich

2099 1249 128 57 dem
2262 1245 250 60 Problem
2545 1244 287 69 gewidmet
2866 1244 86 63 ist,
2988 1242 99 56 wie
3123 1265 123 32 man

2103 1329 98 56 mit
2226 1327 244 69 eigenem
2495 1324 196 58 Willen
2716 1321 93 58 auf
2832 1322 89 56 die
2949 1320 298 58 Korrektur

2102 1409 95 56 der
2245 1405 252 58 Polarität
2545 1401 294 60 hinwirken
2889 1400 194 66 könne,
3132 1399 116 58 faßt

2102 1509 57 36 er
2185 1484 237 59 dieselbe
2450 1482 141 59 doch
2617 1480 292 72 gleichsam
2935 1479 77 58 als
3040 1494 178 54 gottge-

2102 1565 174 71 geben
2311 1562 126 59 fatal
2471 1561 118 59 auf:
2626 1561 172 67 „Und
2832 1584 60 33 so
2927 1559 144 58 steht
3105 1559 143 58 wohl

2102 1669 87 33 am
2232 1642 157 58 Ende
2430 1641 94 57 das
2571 1641 186 57 Konto
2799 1663 105 34 von
2951 1637 137 59 Lust
3132 1637 115 59 und

2104 1722 139 59 Leid
2264 1722 86 58 bei
2372 1745 102 35 uns
2495 1720 140 58 allen
2658 1744 133 46 ganz
2811 1716 232 72 gleich.“
3086 1716 63 58 Ei
3172 1717 76 57 ei!

2104 1802 117 59 Wie
2257 1800 359 65 harmonisch,
2651 1800 266 63 saturiert,
2951 1795 299 71 abgeklärt!

2102 1881 146 59 Aber
2288 1881 88 57 ich
2420 1880 134 57 bitte
2591 1879 90 57 Sie
2724 1876 338 60 flehentlich:
3107 1877 143 57 ohne

2103 1961 147 57 Dero
2279 1959 352 58 allerhöchste
2664 1956 587 69 Willensanstrengung

2103 2040 141 58 steht
2262 2064 54 32 es
2334 2036 190 61 schief.
2563 2037 226 58 Merken
2808 2036 91 59 Sie
2917 2037 143 56 denn
3078 2035 170 66 nicht.

2103 2117 533 69 Vertrauensseliger,
2667 2115 105 60 daß
2803 2116 94 57 das
2931 2115 184 58 Konto
3147 2136 103 35 nur

2102 2200 226 65 stimmt,
2362 2222 157 34 wenn
2554 2197 96 58 der
2686 2195 284 58 Kontorist
3003 2195 247 57 stimmt?

2103 2279 405 70 Naturgesetze,
2582 2275 340 65 Polaritäten,
2997 2274 222 58 Inkarna-

2100 2359 186 57 tionen
2323 2357 208 69 hängen
2565 2380 127 33 vom
2725 2355 273 68 eigensten
3036 2352 214 64 Willen,

2100 2437 289 70 allerdings
2415 2437 56 58 in
2499 2436 174 57 seiner
2698 2435 214 68 religiös
2938 2431 313 71 göttlichen,

2104 2515 514 72 weltprinzipiellen,
2651 2514 152 58 nicht
2833 2528 135 43 etwa
3002 2510 214 58 mensch-

2104 2597 107 58 lich
2232 2632 23 12 -
2276 2594 539 61 allzumenschlichen
2880 2590 373 61 Wirksamkeit

2107 2676 87 59 ab.
2257 2675 91 58 Sie
2396 2675 310 58 verbessern
2757 2674 88 57 die
2894 2670 159 66 Welt,
3096 2694 155 33 wenn

2109 2755 90 58 Sie
2229 2756 118 57 sicß
2386 2755 328 63 verbessern,
2761 2754 56 56 d.
2847 2751 55 57 h.
2931 2750 113 57 sich
3072 2751 150 55 inner-

2109 2834 159 58 lichst
2307 2858 104 34 von
2452 2832 128 59 aller
2621 2829 471 61 Gebrechlichkeit
3130 2853 92 33 aus-

2109 2914 197 58 heilen.
2357 2912 147 59 Alles
2537 2911 196 59 Außen
2766 2912 70 56 ist
2869 2911 89 57 die
2992 2907 261 69 Wirkung

2108 2994 95 57 des
2229 2994 222 67 eigenen
2479 2992 217 58 Innern.
2740 2990 125 58 Wer
2889 2990 173 56 dieses
3086 2986 139 58 allzu-

2109 3071 329 59 menschlich
2479 3070 288 65 kultiviert,
2806 3083 200 44 anstatt
3044 3090 56 33 es
3140 3067 113 56 rein

2109 3178 66 32 zu
2232 3151 406 70 vergöttlichen,
2696 3149 242 58 schreibe
2996 3146 114 57 sich
3167 3147 89 56 die

2112 3231 318 59 Gebrechen
2483 3231 94 57 des
2625 3229 225 58 Außens
2899 3226 121 58 aufs
3069 3226 186 69 eigene

2110 3311 204 59 Konto.
2389 3310 288 58 Probieren
2735 3309 92 57 Sie
2885 3306 114 59 sich
3057 3304 198 59 einmal

2109 3390 165 58 selbst
2333 3389 92 58 auf
2484 3389 316 58 erhabenste
2862 3386 233 65 Manier,
3157 3385 99 56 mit

2109 3467 409 60 unmenschlich
2560 3467 191 59 freiem
2792 3465 196 60 Willen
3142 3464 114 55 und

2110 3574 192 46 passen
2321 3549 92 57 Sie
2430 3547 111 68 auf,
2561 3563 198 43 warten
2778 3546 92 57 Sie
2885 3545 88 66 ab,
2992 3545 99 56 wie
3110 3544 143 57 dann

2109 3629 95 57 das
2243 3627 195 59 Außen
2476 3627 259 69 langsam,
2773 3625 129 57 aber
2937 3622 175 59 sicher
3149 3622 106 56 den

2112 3707 178 59 Herrn
2310 3718 154 59 spürt
2484 3707 114 58 und
2618 3706 115 59 sich
2752 3705 114 57 ihm
2885 3702 371 64 unterordnet,

2110 3787 100 58 wie
2243 3787 125 58 dem
2403 3786 252 70 Orpheus
2688 3785 94 57 das
2815 3796 150 45 sonst
2997 3795 113 43 tote
3144 3780 75 57 Ge-

2112 3867 157 56 stein.
2342 3864 356 58 Meistenteils
2749 3864 196 57 nimmt
2997 3859 114 58 sich
3163 3860 94 56 das

2112 3946 184 68 eigene
2324 3945 179 58 Selbst
2531 3944 75 58 als
2635 3937 624 73 Geburtstagsgeschenk

895 615 428 60 wiederholende
1343 611 455 73 Gegenseitigkeit
1815 634 96 36 vor
1928 611 115 59 sich

896 696 157 66 habe,
1074 696 70 57 ist
1164 694 334 58 unachtsam.
1539 691 157 59 Auch
1719 691 325 59 Dimension

894 776 70 57 ist
979 775 195 58 bereits
1190 775 54 56 in
1262 772 114 59 sich
1390 771 353 70 gegenseitig;
1760 770 113 58 und
1886 770 128 57 Drei-

896 852 452 61 dimensionalität
1401 854 69 56 ist
1526 850 244 58 dreierlei
1829 849 182 71 Gegen-

896 932 286 70 seitigkeit.
1241 931 114 57 Der
1392 954 166 46 ganze
1597 927 141 63 Text
1778 929 95 58 des
1912 929 102 58 Ver-

896 1012 195 59 fassers
1154 1011 136 69 (und
1354 1009 257 71 beiläufig
1672 1009 139 58 auch
1873 1010 175 57 seines

899 1089 494 72 Leibphilosophen
1469 1087 319 70 Mauthner)
1860 1086 191 60 bedarf

898 1172 149 58 einer
1086 1164 395 76 Überprüfung
1516 1194 67 33 an
1620 1169 97 58 der
1754 1167 165 59 Hand
1954 1169 97 57 der

898 1250 336 58 identischen
1261 1249 143 66 Idee,
1428 1247 201 60 welche
1653 1247 113 60 sich
1790 1246 233 60 differen-

898 1331 148 65 ziert,
1089 1327 474 66 unterschiedlich,
1608 1326 444 65 kontrastierend,

899 1410 326 70 gegenseitig
1280 1409 428 57 widerstreitend
1764 1406 288 66 offenbart,

901 1491 75 56 sei
1008 1513 56 33 es
1096 1513 113 33 nun
1241 1487 252 66 sinnlich,
1524 1486 369 73 phantastisch
1924 1486 131 57 oder

901 1567 94 59 auf
1031 1567 199 59 andere
1268 1567 177 59 Weise
1479 1566 273 70 tatkräftig
1788 1565 267 60 wirksam.

904 1646 432 60 Unterscheiden
1355 1646 255 59 bedeutet
1625 1645 310 58 wesentlich
1952 1645 68 56 im-

904 1750 140 36 mer:
1101 1727 406 67 kontrastieren,
1562 1726 327 70 gegenseitig
1943 1748 75 34 ma-

905 1807 159 67 chen,
1102 1807 324 65 entzweien;
1461 1806 72 57 ob
1568 1830 125 33 man
1728 1804 94 58 auf
1856 1805 32 57 3
1924 1804 132 57 oder

905 1886 69 57 88
1007 1886 216 59 Weisen
1253 1886 275 65 entzweie,
1558 1886 69 56 ist
1656 1882 237 69 zufällig.
1942 1881 114 57 Der

906 1965 407 58 vermeintliche
1389 1964 293 70 Philosoph
1762 1961 294 59 Mauthner

906 2044 307 59 idenfiziert
1286 2044 228 57 Denken
1588 2044 98 56 mit
1759 2040 296 71 Sprechen,

910 2125 174 69 Logik
1126 2126 98 56 mit
1266 2121 354 67 Grammatik,
1662 2121 226 59 welches
1928 2120 128 57 aber

909 2227 104 35 nur
1049 2202 259 66 komisch,
1343 2202 150 59 nicht
1526 2199 405 72 philosophisch
1967 2200 88 56 ist.

909 2284 283 58 Zwischen
1227 2282 147 59 Kant
1401 2282 115 59 und
1547 2280 294 58 Mauthner
1869 2281 69 55 ist
1967 2279 86 57 ein

912 2362 363 59 Unterschied
1315 2362 98 58 wie
1454 2360 265 58 zwischen
1760 2359 126 57 dem
1929 2357 96 58 Kri-

909 2441 138 60 tiker
1079 2442 98 58 der
1210 2440 173 60 Sache
1417 2440 166 57 selbst
1616 2439 115 58 und
1765 2439 126 57 dem
1929 2436 96 57 Kri-

912 2521 156 68 tiker,
1102 2522 114 65 der,
1251 2521 94 57 das
1376 2519 235 59 Zeichen
1644 2519 89 57 für
1764 2520 87 57 die
1884 2516 173 59 Sache

913 2600 236 66 haltend,
1182 2601 97 56 mit
1308 2600 175 57 seiner
1511 2623 202 46 ganzen
1747 2596 181 60 Kritik
1954 2618 104 35 nur

912 2683 95 55 das
1050 2680 235 58 Zeichen
1327 2679 168 58 trifft:
1539 2680 118 56 eine
1702 2676 358 61 bestechende

912 2757 621 72 scheinphilosophische
1558 2757 279 69 Leistung,
1862 2755 199 58 welche

913 2839 307 58 bestenfalls
1275 2837 353 70 philologisch
1681 2834 377 62 verdienstlich

914 2920 89 57 ist.
1053 2917 119 59 Von
1209 2917 146 59 Kant
1384 2916 236 57 versteht
1651 2916 127 57 aber
1808 2912 252 61 Schleich

914 2997 142 59 noch
1097 2997 232 68 weniger
1366 2996 78 57 als
1486 2995 313 57 Mauthner.
1858 2994 170 57 Natur-

914 3093 211 53 gesetze
1181 3076 167 57 sollen
1406 3075 135 58 nach
1599 3074 247 59 Schleich
1903 3074 158 64 „eine

919 3157 197 58 Gnade
1143 3157 96 58 der
1265 3154 355 70 Vorsehung“
1651 3156 133 56 sein.
1830 3152 146 58 Aber
2001 3175 61 33 so

914 3236 166 59 denkt
1103 3236 122 57 kein
1251 3235 244 57 Denker:
1519 3235 186 65 Beten,
1729 3259 59 32 so
1811 3232 212 59 wunder-

915 3316 108 59 voll
1051 3315 348 69 rückständig
1426 3339 56 32 es
1511 3314 114 57 sein
1656 3337 138 45 mag,
1822 3314 69 56 ist
1919 3310 139 58 noch

917 3395 119 58 kein
1070 3394 249 66 Denken,
1350 3392 151 60 nicht
1531 3391 196 59 einmal
1757 3390 303 71 populäres.

918 3476 105 57 Die
1050 3475 124 58 Idee
1199 3475 69 56 ist
1293 3472 121 59 kein
1442 3471 305 70 Gegensatz
1770 3471 142 56 ihrer
1939 3469 82 57 Ma-

913 3555 367 65 terialisation,
1309 3554 89 58 die
1427 3551 154 59 Seele
1609 3551 120 57 kein
1761 3550 301 69 Gegensatz

915 3636 96 57 des
1047 3635 214 65 Leibes,
1296 3632 234 59 sondern
1566 3632 76 56 sie
1677 3629 385 58 materialisiert

918 3714 113 58 sich
1074 3712 178 72 polar;
1294 3711 293 59 inkarniert
1630 3709 115 58 sich
1788 3710 54 56 in
1887 3709 175 56 einem

920 3794 355 65 Widerstreit,
1417 3817 48 33 z.
1502 3791 64 57 B.
1604 3790 185 57 beider
1827 3787 202 59 Gehirn-

920 3873 224 58 hälften.
1202 3873 131 57 Und
1369 3873 176 57 dieser
1582 3869 80 58 oft
1699 3893 58 33 so
1797 3866 265 71 qualvolle

922 3953 332 58 Widerstreit
1272 3950 282 60 schlichtet
1571 3949 113 58 sich
1702 3947 186 59 restlos
1905 3946 156 59 allein
