3331 4572
1012 388 184 52 Franz
1221 388 125 53 Blei
1384 409 19 22 *
1442 393 112 53 Der
1582 394 211 70 Geizige

2437 394 108 61 129

366 582 414 86 Geiziger:
833 586 185 72 Ganz
1069 591 179 72 recht
1298 601 100 62 so!
1454 593 183 74 Grob
1688 601 235 70 wieder
1926 601 225 84 geben,
2204 633 129 41 was
2381 604 160 83 grob

272 679 283 72 herkam.
608 679 111 71 Ich
772 681 161 71 bitte
981 682 183 75 Euch
1216 715 112 41 um
1362 686 427 93 Verzeihung,
1843 694 415 82 Demoiselle,
2296 696 104 73 für
2436 699 105 71 die

272 773 689 74 Unverschämtheiten
1012 808 243 42 meines
1290 779 272 86 Sohnes,
1614 787 113 71 der
1761 789 178 71 nicht
1971 790 305 82 versteht,
2310 823 127 41 was
2474 822 67 43 er

268 868 244 85 spricht
561 869 137 70 und
749 872 229 71 dessen
1030 870 175 74 Herz
1253 878 244 70 seinem
1534 878 194 75 Vater
1778 883 387 76 entfremdet
2217 888 103 70 ist.
2373 886 167 73 Gott

266 963 187 72 allein
489 962 185 81 weiß,
711 964 211 73 wofür
954 966 176 72 diese
1163 968 235 75 Strafe.

362 1056 453 75 Marianne:
867 1060 88 71 Er
988 1062 110 73 hat
1124 1063 172 73 mich
1327 1066 178 72 nicht
1530 1067 327 89 beleidigt.
1895 1074 109 72 Ich
2032 1076 112 71 bin
2171 1079 135 69 ihm
2334 1077 163 71 dank-

264 1154 133 78 bar,
435 1151 129 71 daß
598 1182 67 41 er
700 1183 124 42 mir
858 1156 206 84 gleich
1097 1189 174 41 seine
1305 1161 256 73 wahren
1596 1162 283 78 Gefühle
1912 1201 83 40 zu
2029 1171 322 74 erkennen
2386 1174 146 84 gab.

263 1245 202 72 Hätte
498 1274 69 42 er
600 1249 233 72 anders
868 1251 420 84 gesprochen,
1326 1255 101 71 ich
1462 1260 222 70 würde
1717 1260 110 71 ihn
1862 1267 278 83 weniger
2171 1268 253 71 achten.

358 1339 416 89 Geiziger:
838 1345 173 71 Eure
1044 1345 180 74 Güte
1260 1350 434 88 entschuldigt
1728 1359 175 70 seine
1938 1358 250 76 Fehler.
2253 1362 86 72 Er
2372 1364 161 72 wird

261 1436 136 72 sich
433 1436 283 72 bessern.
769 1439 129 71 Die
932 1438 142 74 Zeit
1107 1443 165 71 wird
1305 1444 112 70 ihn
1451 1447 440 88 vernünftiger
1924 1456 292 72 machen.

353 1531 396 84 Joachim:
804 1535 110 71 Ich
948 1536 287 73 schwöre
1268 1537 205 85 Euch,
1511 1540 316 87 Fräulein,
1872 1547 203 74 hierin
2100 1552 258 71 werden
2391 1555 140 71 sich

260 1627 212 69 meine
490 1623 286 77 Gefühle
794 1630 265 71 niemals
1078 1632 268 71 ändern.
1374 1634 251 73 Dessen
1644 1637 108 72 ruf
1775 1640 102 71 ich
1896 1640 164 75 Gott
2079 1676 147 41 zum
2245 1644 283 89 Zeugen.

358 1717 414 89 Geiziger;
823 1723 263 73 Welche
1119 1725 369 75 Frechheit!

352 1814 396 84 Joachim:
800 1818 137 71 Soll
973 1820 102 70 ich
1108 1822 389 86 verleugnen
1531 1856 129 42 was
1696 1828 103 74 ich
1834 1828 179 75 fühle
2025 1837 31 65 ?

353 1908 416 85 Geiziger:
829 1912 485 77 Immernoch?
1365 1917 199 73 Wirst
1597 1921 92 71 du
1723 1922 206 86 gleich
1961 1928 231 71 anders
2227 1931 226 71 reden!

349 2003 395 84 Joachim:
796 2008 104 71 Da
937 2008 108 74 Ihr
1072 2041 63 40 es
1163 2013 316 82 wünscht,
1515 2013 216 85 Vater,
1766 2018 129 73 will
1923 2021 102 71 ich
2050 2025 231 70 anders
2309 2027 218 70 reden.

255 2096 268 74 Erlaubt
552 2104 142 78 mir,
734 2102 363 83 Marianne,
1131 2106 126 71 daß
1286 2109 103 71 ich
1413 2140 82 40 an
1521 2114 243 71 meines
1792 2112 223 75 Vaters
2044 2116 169 74 Statt
2239 2151 81 39 zu
2345 2119 183 75 Euch

254 2195 269 83 spreche
581 2198 139 69 und
776 2196 185 74 Euch
1020 2201 279 84 gestehe,
1361 2203 128 72 daß
1548 2205 103 71 ich
1710 2209 106 70 nie
1872 2209 114 72 auf
2039 2213 115 71 der
2203 2213 172 73 Welt
2424 2218 102 70 ein

254 2286 357 75 Schöneres
646 2291 113 73 sah
794 2294 90 71 als
918 2291 206 74 Euch.
1178 2294 168 74 Kein
1383 2298 300 85 größeres
1719 2300 215 75 Glück
1968 2305 226 83 kenne,
2230 2309 90 71 als
2344 2308 182 76 Euch

252 2412 81 40 zu
368 2383 271 84 gefallen
673 2387 137 71 und
844 2387 170 72 Euer
1050 2388 278 76 Gemahl
1364 2422 77 41 zu
1489 2394 234 73 heißen
1759 2398 306 87 Seligkeit
2098 2416 186 70 wäre,
2335 2403 190 74 allem

251 2476 111 71 auf
386 2477 214 72 Erden
631 2483 447 71 vorzuziehen.
1116 2485 133 71 Das
1285 2485 234 86 Glück,
1556 2488 181 77 Euch
1765 2524 81 41 zu
1874 2493 305 86 besitzen,
2216 2512 168 58 wäre
2409 2501 113 71 das

251 2571 374 75 herrlichste
675 2576 152 83 Los,
877 2579 113 71 das
1042 2581 209 70 einem
1288 2581 403 76 Sterblichen
1724 2587 279 75 zufallen
2037 2591 260 74 könnte.
2352 2594 169 72 Kein

250 2665 354 75 Hindernis

343 2760 417 89 Geiziger:
811 2765 85 73 Es
940 2782 264 71 genügt,
1241 2786 260 72 genügt,
1535 2774 322 84 Joachim!

340 2857 398 83 Joachim:
791 2862 112 72 Ich
937 2864 268 84 spreche
1238 2867 60 85 ja
1331 2896 123 42 nur
1486 2899 81 41 an
1603 2869 204 74 Eurer
1841 2872 219 74 Stelle.

341 2949 421 91 Geiziger:
815 2957 293 72 Brauche
1143 2958 227 74 keinen
1404 2961 477 79 Dolmetscher.

1370 3104 36 37 *

1063 3223 361 61 SIEBENTE
1457 3226 254 61 SZENE.

967 3332 127 59 Die
1127 3332 322 74 Vorigen.
1498 3337 310 61 Babette.

335 3424 372 77 Babette:
759 3429 336 89 Gnädiger
1144 3434 191 84 Herr,
1388 3438 81 71 da
1521 3441 82 68 ist
1642 3443 103 69 ein
1787 3441 232 84 Mann,
2070 3445 115 71 der
2217 3443 182 75 Euch
2434 3479 79 39 zu

241 3522 309 80 sprechen
584 3527 317 70 wünscht.

335 3612 415 92 Geiziger:
801 3621 123 70 Bin
959 3622 156 86 jetzt
1148 3624 180 73 nicht
1357 3657 83 40 zu
1474 3629 338 84 sprechen.

333 3708 370 78 Babette:
753 3714 88 71 Er
874 3735 158 68 sagt,
1068 3747 68 43 er
1171 3718 226 89 bringe
1431 3720 196 75 Geld.

334 3803 411 92 Geiziger:
797 3809 205 74 Einen
1035 3810 437 89 Augenblick!
1507 3828 107 65 (Ab
1647 3829 96 58 mit
1775 3829 261 72 Babette.)
