<?xml version="1.0" encoding="UTF-8"?>
<alto xmlns:xsi="http://www.w3.org/2001/XMLSchema-instance" xmlns="http://www.loc.gov/standards/alto/ns-v2#" xsi:schemaLocation="http://www.loc.gov/standards/alto/ns-v2# http://www.loc.gov/standards/alto/v2/alto-2-0.xsd" xmlns:xlink="http://www.w3.org/1999/xlink">
	<Description>
		<MeasurementUnit>mm10</MeasurementUnit>
		<sourceImageInformation>
			<fileName>./bmtnabr_1916-11_01_0088.jp2</fileName>
		</sourceImageInformation>
		<OCRProcessing ID="OCRPROCESSING_1">
			<preProcessingStep>
				<processingSoftware>
					<softwareCreator>CCS Content Conversion Specialists GmbH, Germany</softwareCreator>
					<softwareName>CCS docWorks</softwareName>
					<softwareVersion>6.8-1.27</softwareVersion>
				</processingSoftware>
			</preProcessingStep>
			<ocrProcessingStep>
				<processingSoftware>
					<softwareCreator>ABBYY (BIT Software), Russia</softwareCreator>
					<softwareName>FineReader</softwareName>
					<softwareVersion>11.0</softwareVersion>
				</processingSoftware>
			</ocrProcessingStep>
			<postProcessingStep>
				<processingSoftware>
					<softwareCreator>CCS Content Conversion Specialists GmbH, Germany</softwareCreator>
					<softwareName>CCS docWorks</softwareName>
					<softwareVersion>6.8-1.27</softwareVersion>
					<applicationDescription>docWorks: Text modified manually, or automatically replaced</applicationDescription>
				</processingSoftware>
			</postProcessingStep>
		</OCRProcessing>
	</Description>
	<Styles>
		<TextStyle ID="TXT_0" FONTSIZE="20" FONTFAMILY="Times New Roman" FONTSTYLE="bold italics"/>
		<TextStyle ID="TXT_1" FONTSIZE="27" FONTFAMILY="Times New Roman"/>
		<TextStyle ID="TXT_2" FONTSIZE="20" FONTFAMILY="Times New Roman"/>
		<TextStyle ID="TXT_3" FONTSIZE="25" FONTFAMILY="Times New Roman" FONTSTYLE="italics"/>
		<ParagraphStyle ID="PAR_RIGHT" ALIGN="Right"/>
		<ParagraphStyle ID="PAR_LEFT" ALIGN="Left"/>
		<ParagraphStyle ID="PAR_BLOCK" ALIGN="Block"/>
	</Styles>
	<Layout>
		<Page ID="P88" PHYSICAL_IMG_NR="88" HEIGHT="4572" WIDTH="3510" PRINTED_IMG_NR="176" PC="0.970">
			<TopMargin ID="P88_TM00001" HPOS="0" VPOS="0" WIDTH="3510" HEIGHT="492">
				<TextBlock ID="P88_TB00001" HPOS="1896" VPOS="411" WIDTH="225" HEIGHT="56" STYLEREFS="TXT_0 PAR_RIGHT">
					<TextLine ID="P88_TL00001" HPOS="1898" VPOS="412" WIDTH="223" HEIGHT="55">
						<String ID="P88_ST00001" HPOS="1898" VPOS="412" WIDTH="223" HEIGHT="55" CONTENT="Glossen" WC="0.98" CC="3056474"/>
					</TextLine>
				</TextBlock>
				<TextBlock ID="P88_TB00002" HPOS="854" VPOS="428" WIDTH="107" HEIGHT="62" STYLEREFS="TXT_1 PAR_LEFT">
					<TextLine ID="P88_TL00002" HPOS="854" VPOS="428" WIDTH="107" HEIGHT="62">
						<String ID="P88_ST00002" HPOS="854" VPOS="428" WIDTH="107" HEIGHT="62" CONTENT="176" WC="1.00" CC="000"/>
					</TextLine>
				</TextBlock>
			</TopMargin>
			<LeftMargin ID="P88_LM00001" HPOS="0" VPOS="492" WIDTH="0" HEIGHT="3560"/>
			<RightMargin ID="P88_RM00001" HPOS="2061" VPOS="492" WIDTH="1449" HEIGHT="3560">
				<TextBlock ID="P88_TB00003" HPOS="2033" VPOS="611" WIDTH="1162" HEIGHT="1030" STYLEREFS="TXT_2 PAR_BLOCK">
					<TextLine ID="P88_TL00003" HPOS="2035" VPOS="612" WIDTH="1146" HEIGHT="77">
						<String ID="P88_ST00003" HPOS="2035" VPOS="630" WIDTH="173" HEIGHT="59" CONTENT="bleibt" WC="0.98" CC="060603"/>
						<SP ID="P88_SP00001" HPOS="2208" VPOS="689" WIDTH="34"/>
						<String ID="P88_ST00004" HPOS="2242" VPOS="626" WIDTH="140" HEIGHT="59" CONTENT="noch" WC="0.98" CC="0007"/>
						<SP ID="P88_SP00002" HPOS="2382" VPOS="689" WIDTH="33"/>
						<String ID="P88_ST00005" HPOS="2415" VPOS="624" WIDTH="89" HEIGHT="58" CONTENT="die" WC="1.00" CC="000"/>
						<SP ID="P88_SP00003" HPOS="2504" VPOS="689" WIDTH="34"/>
						<String ID="P88_ST00006" HPOS="2538" VPOS="622" WIDTH="183" HEIGHT="67" CONTENT="Frage," WC="1.00" CC="001002"/>
						<SP ID="P88_SP00004" HPOS="2721" VPOS="689" WIDTH="55"/>
						<String ID="P88_ST00007" HPOS="2776" VPOS="616" WIDTH="71" HEIGHT="58" CONTENT="ob" WC="0.65" CC="07"/>
						<SP ID="P88_SP00005" HPOS="2847" VPOS="689" WIDTH="33"/>
						<String ID="P88_ST00008" HPOS="2880" VPOS="613" WIDTH="170" HEIGHT="61" CONTENT="durch" WC="0.98" CC="01507"/>
						<SP ID="P88_SP00006" HPOS="3050" VPOS="689" WIDTH="33"/>
						<String ID="P88_ST00009" HPOS="3083" VPOS="612" WIDTH="98" HEIGHT="58" CONTENT="das" WC="1.00" CC="000"/>
					</TextLine>
					<TextLine ID="P88_TL00004" HPOS="2038" VPOS="689" WIDTH="1142" HEIGHT="79">
						<String ID="P88_ST00010" HPOS="2038" VPOS="707" WIDTH="251" HEIGHT="61" CONTENT="Rotbuch" WC="0.99" CC="0007200"/>
						<SP ID="P88_SP00007" HPOS="2289" VPOS="768" WIDTH="17"/>
						<String ID="P88_ST00011" HPOS="2306" VPOS="706" WIDTH="198" HEIGHT="58" CONTENT="ebenso" WC="0.99" CC="073100"/>
						<SP ID="P88_SP00008" HPOS="2504" VPOS="768" WIDTH="17"/>
						<String ID="P88_ST00012" HPOS="2521" VPOS="701" WIDTH="97" HEIGHT="58" CONTENT="wie" WC="1.00" CC="000"/>
						<SP ID="P88_SP00009" HPOS="2618" VPOS="768" WIDTH="18"/>
						<String ID="P88_ST00013" HPOS="2636" VPOS="696" WIDTH="136" HEIGHT="61" CONTENT="Graf" WC="0.98" CC="0007"/>
						<SP ID="P88_SP00010" HPOS="2772" VPOS="768" WIDTH="17"/>
						<String ID="P88_ST00014" HPOS="2789" VPOS="694" WIDTH="233" HEIGHT="60" CONTENT="Czernin" WC="0.90" CC="0000060"/>
						<SP ID="P88_SP00011" HPOS="3022" VPOS="768" WIDTH="22"/>
						<String ID="P88_ST00015" HPOS="3044" VPOS="689" WIDTH="136" HEIGHT="61" CONTENT="auch" WC="0.98" CC="0007"/>
					</TextLine>
					<TextLine ID="P88_TL00005" HPOS="2038" VPOS="771" WIDTH="1144" HEIGHT="77">
						<String ID="P88_ST00016" HPOS="2038" VPOS="791" WIDTH="90" HEIGHT="57" CONTENT="die" WC="0.99" CC="030"/>
						<SP ID="P88_SP00012" HPOS="2128" VPOS="848" WIDTH="17"/>
						<String ID="P88_ST00017" HPOS="2145" VPOS="787" WIDTH="214" HEIGHT="60" CONTENT="Wiener" WC="1.00" CC="030000"/>
						<SP ID="P88_SP00013" HPOS="2359" VPOS="848" WIDTH="22"/>
						<String ID="P88_ST00018" HPOS="2381" VPOS="777" WIDTH="368" HEIGHT="65" CONTENT="Zentralstelle" WC="1.00" CC="0030605000240"/>
						<SP ID="P88_SP00014" HPOS="2749" VPOS="848" WIDTH="20"/>
						<String ID="P88_ST00019" HPOS="2769" VPOS="774" WIDTH="77" HEIGHT="59" CONTENT="als" WC="0.98" CC="040"/>
						<SP ID="P88_SP00015" HPOS="2846" VPOS="848" WIDTH="16"/>
						<String ID="P88_ST00020" HPOS="2862" VPOS="771" WIDTH="320" HEIGHT="68" CONTENT="vollständig" WC="1.00" CC="03210002060"/>
					</TextLine>
					<TextLine ID="P88_TL00006" HPOS="2039" VPOS="857" WIDTH="751" HEIGHT="70">
						<String ID="P88_ST00021" HPOS="2039" VPOS="867" WIDTH="250" HEIGHT="60" CONTENT="entlastet" WC="1.00" CC="030000600"/>
						<SP ID="P88_SP00016" HPOS="2289" VPOS="927" WIDTH="32"/>
						<String ID="P88_ST00022" HPOS="2321" VPOS="859" WIDTH="302" HEIGHT="63" CONTENT="anzusehen" WC="1.00" CC="030000000"/>
						<SP ID="P88_SP00017" HPOS="2623" VPOS="927" WIDTH="32"/>
						<String ID="P88_ST00023" HPOS="2655" VPOS="857" WIDTH="135" HEIGHT="57" CONTENT="sei.“" WC="0.98" CC="00638"/>
					</TextLine>
					<TextLine ID="P88_TL00007" HPOS="2122" VPOS="932" WIDTH="1063" HEIGHT="73">
						<String ID="P88_ST00024" HPOS="2122" VPOS="948" WIDTH="112" HEIGHT="57" CONTENT="Das" WC="1.00" CC="000"/>
						<SP ID="P88_SP00018" HPOS="2234" VPOS="1005" WIDTH="20"/>
						<String ID="P88_ST00025" HPOS="2254" VPOS="945" WIDTH="142" HEIGHT="59" CONTENT="Blatt" WC="0.99" CC="25000"/>
						<SP ID="P88_SP00019" HPOS="2396" VPOS="1005" WIDTH="33"/>
						<String ID="P88_ST00026" HPOS="2429" VPOS="942" WIDTH="178" HEIGHT="57" CONTENT="zitiert" WC="0.99" CC="0606040"/>
						<SP ID="P88_SP00020" HPOS="2607" VPOS="1005" WIDTH="32"/>
						<String ID="P88_ST00027" HPOS="2639" VPOS="937" WIDTH="146" HEIGHT="57" CONTENT="dann" WC="1.00" CC="0000"/>
						<SP ID="P88_SP00021" HPOS="2785" VPOS="1005" WIDTH="26"/>
						<String ID="P88_ST00028" HPOS="2811" VPOS="933" WIDTH="183" HEIGHT="59" CONTENT="weiter" WC="0.99" CC="006005"/>
						<SP ID="P88_SP00022" HPOS="2994" VPOS="1005" WIDTH="31"/>
						<String ID="P88_ST00029" HPOS="3025" VPOS="932" WIDTH="160" HEIGHT="56" CONTENT="einen" WC="0.99" CC="07000"/>
					</TextLine>
					<TextLine ID="P88_TL00008" HPOS="2043" VPOS="1009" WIDTH="1142" HEIGHT="78">
						<String ID="P88_ST00030" HPOS="2043" VPOS="1028" WIDTH="215" HEIGHT="59" CONTENT="Wiener" WC="1.00" CC="020000"/>
						<SP ID="P88_SP00023" HPOS="2258" VPOS="1087" WIDTH="33"/>
						<String ID="P88_ST00031" HPOS="2291" VPOS="1021" WIDTH="205" HEIGHT="61" CONTENT="Artikel" WC="0.99" CC="0404000"/>
						<SP ID="P88_SP00024" HPOS="2496" VPOS="1087" WIDTH="33"/>
						<String ID="P88_ST00032" HPOS="2529" VPOS="1019" WIDTH="96" HEIGHT="58" CONTENT="der" WC="0.99" CC="002"/>
						<SP ID="P88_SP00025" HPOS="2625" VPOS="1087" WIDTH="34"/>
						<String ID="P88_ST00033" HPOS="2659" VPOS="1012" WIDTH="382" HEIGHT="71" CONTENT="„Frankfurter" WC="0.99" CC="306000704006"/>
						<SP ID="P88_SP00026" HPOS="3041" VPOS="1087" WIDTH="22"/>
						<String ID="P88_ST00034" HPOS="3063" VPOS="1009" WIDTH="92" HEIGHT="57" CONTENT="Zei" SUBS_TYPE="HypPart1" SUBS_CONTENT="Zeitung“," WC="0.98" CC="005"/>
						<HYP HPOS="3155" VPOS="1009" WIDTH="30" CONTENT="-"/>
					</TextLine>
					<TextLine ID="P88_TL00009" HPOS="2043" VPOS="1087" WIDTH="1144" HEIGHT="89">
						<String ID="P88_ST00035" HPOS="2043" VPOS="1116" WIDTH="192" HEIGHT="60" CONTENT="tung“," SUBS_TYPE="HypPart2" SUBS_CONTENT="Zeitung“," WC="0.99" CC="005002"/>
						<SP ID="P88_SP00027" HPOS="2235" VPOS="1176" WIDTH="18"/>
						<String ID="P88_ST00036" HPOS="2253" VPOS="1105" WIDTH="95" HEIGHT="57" CONTENT="der" WC="0.98" CC="005"/>
						<SP ID="P88_SP00028" HPOS="2348" VPOS="1176" WIDTH="14"/>
						<String ID="P88_ST00037" HPOS="2362" VPOS="1097" WIDTH="372" HEIGHT="62" CONTENT="feststellenzu" WC="1.00" CC="6000000220000"/>
						<SP ID="P88_SP00029" HPOS="2734" VPOS="1176" WIDTH="16"/>
						<String ID="P88_ST00038" HPOS="2750" VPOS="1093" WIDTH="214" HEIGHT="59" CONTENT="können" WC="0.98" CC="060505"/>
						<SP ID="P88_SP00030" HPOS="2964" VPOS="1176" WIDTH="19"/>
						<String ID="P88_ST00039" HPOS="2983" VPOS="1087" WIDTH="204" HEIGHT="71" CONTENT="glaubt," WC="0.99" CC="0400713"/>
					</TextLine>
					<TextLine ID="P88_TL00010" HPOS="2046" VPOS="1167" WIDTH="1141" HEIGHT="77">
						<String ID="P88_ST00040" HPOS="2046" VPOS="1186" WIDTH="105" HEIGHT="58" CONTENT="daß" WC="1.00" CC="000"/>
						<SP ID="P88_SP00031" HPOS="2151" VPOS="1244" WIDTH="51"/>
						<String ID="P88_ST00041" HPOS="2202" VPOS="1206" WIDTH="123" HEIGHT="36" CONTENT="man" WC="1.00" CC="000"/>
						<SP ID="P88_SP00032" HPOS="2325" VPOS="1244" WIDTH="48"/>
						<String ID="P88_ST00042" HPOS="2373" VPOS="1182" WIDTH="57" HEIGHT="56" CONTENT="in" WC="0.65" CC="60"/>
						<SP ID="P88_SP00033" HPOS="2430" VPOS="1244" WIDTH="33"/>
						<String ID="P88_ST00043" HPOS="2463" VPOS="1177" WIDTH="178" HEIGHT="60" CONTENT="Berlin" WC="0.98" CC="007670"/>
						<SP ID="P88_SP00034" HPOS="2641" VPOS="1244" WIDTH="36"/>
						<String ID="P88_ST00044" HPOS="2677" VPOS="1173" WIDTH="119" HEIGHT="59" CONTENT="sehr" WC="0.98" CC="0072"/>
						<SP ID="P88_SP00035" HPOS="2796" VPOS="1244" WIDTH="42"/>
						<String ID="P88_ST00045" HPOS="2838" VPOS="1167" WIDTH="349" HEIGHT="72" CONTENT="empfindlich" WC="1.00" CC="00077201200"/>
					</TextLine>
					<TextLine ID="P88_TL00011" HPOS="2048" VPOS="1247" WIDTH="1142" HEIGHT="89">
						<String ID="P88_ST00046" HPOS="2048" VPOS="1290" WIDTH="168" HEIGHT="46" CONTENT="gegen" WC="0.99" CC="00004"/>
						<SP ID="P88_SP00036" HPOS="2216" VPOS="1336" WIDTH="32"/>
						<String ID="P88_ST00047" HPOS="2248" VPOS="1263" WIDTH="147" HEIGHT="71" CONTENT="jedes" WC="0.99" CC="62010"/>
						<SP ID="P88_SP00037" HPOS="2395" VPOS="1336" WIDTH="32"/>
						<String ID="P88_ST00048" HPOS="2427" VPOS="1256" WIDTH="316" HEIGHT="67" CONTENT="aufrichtige" WC="1.00" CC="00705000602"/>
						<SP ID="P88_SP00038" HPOS="2743" VPOS="1336" WIDTH="21"/>
						<String ID="P88_ST00049" HPOS="2764" VPOS="1251" WIDTH="154" HEIGHT="61" CONTENT="Wort" WC="0.98" CC="0172"/>
						<SP ID="P88_SP00039" HPOS="2918" VPOS="1336" WIDTH="27"/>
						<String ID="P88_ST00050" HPOS="2945" VPOS="1248" WIDTH="134" HEIGHT="58" CONTENT="über" WC="0.97" CC="0760"/>
						<SP ID="P88_SP00040" HPOS="3079" VPOS="1336" WIDTH="22"/>
						<String ID="P88_ST00051" HPOS="3101" VPOS="1247" WIDTH="89" HEIGHT="57" CONTENT="die" WC="0.98" CC="060"/>
					</TextLine>
					<TextLine ID="P88_TL00012" HPOS="2048" VPOS="1327" WIDTH="1143" HEIGHT="77">
						<String ID="P88_ST00052" HPOS="2048" VPOS="1346" WIDTH="318" HEIGHT="58" CONTENT="Bukarester" WC="0.91" CC="4005000000"/>
						<SP ID="P88_SP00041" HPOS="2366" VPOS="1404" WIDTH="48"/>
						<String ID="P88_ST00053" HPOS="2414" VPOS="1334" WIDTH="354" HEIGHT="63" CONTENT="Machthaber" WC="1.00" CC="0007060000"/>
						<SP ID="P88_SP00042" HPOS="2768" VPOS="1404" WIDTH="41"/>
						<String ID="P88_ST00054" HPOS="2809" VPOS="1352" WIDTH="241" HEIGHT="47" CONTENT="gewesen" WC="0.99" CC="0080001"/>
						<SP ID="P88_SP00043" HPOS="3050" VPOS="1404" WIDTH="45"/>
						<String ID="P88_ST00055" HPOS="3095" VPOS="1327" WIDTH="96" HEIGHT="56" CONTENT="sei." WC="0.98" CC="0053"/>
					</TextLine>
					<TextLine ID="P88_TL00013" HPOS="2049" VPOS="1404" WIDTH="1145" HEIGHT="84">
						<String ID="P88_ST00056" HPOS="2049" VPOS="1426" WIDTH="87" HEIGHT="57" CONTENT="An" WC="0.93" CC="10"/>
						<SP ID="P88_SP00044" HPOS="2136" VPOS="1483" WIDTH="51"/>
						<String ID="P88_ST00057" HPOS="2187" VPOS="1423" WIDTH="342" HEIGHT="65" CONTENT="Warnungen" WC="1.00" CC="002004002"/>
						<SP ID="P88_SP00045" HPOS="2529" VPOS="1488" WIDTH="55"/>
						<String ID="P88_ST00058" HPOS="2584" VPOS="1413" WIDTH="135" HEIGHT="60" CONTENT="habe" WC="0.98" CC="7000"/>
						<SP ID="P88_SP00046" HPOS="2719" VPOS="1488" WIDTH="53"/>
						<String ID="P88_ST00059" HPOS="2772" VPOS="1436" WIDTH="56" HEIGHT="32" CONTENT="es" WC="1.00" CC="00"/>
						<SP ID="P88_SP00047" HPOS="2828" VPOS="1488" WIDTH="48"/>
						<String ID="P88_ST00060" HPOS="2876" VPOS="1404" WIDTH="318" HEIGHT="69" CONTENT="wahrhaftig" WC="0.99" CC="0070707036"/>
					</TextLine>
					<TextLine ID="P88_TL00014" HPOS="2052" VPOS="1483" WIDTH="1142" HEIGHT="88">
						<String ID="P88_ST00061" HPOS="2052" VPOS="1503" WIDTH="150" HEIGHT="59" CONTENT="nicht" WC="0.99" CC="06003"/>
						<SP ID="P88_SP00048" HPOS="2202" VPOS="1562" WIDTH="21"/>
						<String ID="P88_ST00062" HPOS="2223" VPOS="1500" WIDTH="220" HEIGHT="71" CONTENT="gefehlt." WC="0.99" CC="00620423"/>
						<SP ID="P88_SP00049" HPOS="2443" VPOS="1571" WIDTH="48"/>
						<String ID="P88_ST00063" HPOS="2491" VPOS="1497" WIDTH="106" HEIGHT="57" CONTENT="Die" WC="0.95" CC="066"/>
						<SP ID="P88_SP00050" HPOS="2597" VPOS="1571" WIDTH="24"/>
						<String ID="P88_ST00064" HPOS="2621" VPOS="1493" WIDTH="109" HEIGHT="67" CONTENT="„D." WC="0.77" CC="402"/>
						<SP ID="P88_SP00051" HPOS="2730" VPOS="1571" WIDTH="22"/>
						<String ID="P88_ST00065" HPOS="2752" VPOS="1491" WIDTH="67" HEIGHT="57" CONTENT="V." WC="0.81" CC="03"/>
						<SP ID="P88_SP00052" HPOS="2819" VPOS="1571" WIDTH="22"/>
						<String ID="P88_ST00066" HPOS="2841" VPOS="1488" WIDTH="66" HEIGHT="60" CONTENT="C." WC="0.78" CC="04"/>
						<SP ID="P88_SP00053" HPOS="2907" VPOS="1571" WIDTH="62"/>
						<String ID="P88_ST00067" HPOS="2969" VPOS="1483" WIDTH="225" HEIGHT="61" CONTENT="schließt" WC="1.00" CC="00050001"/>
					</TextLine>
					<TextLine ID="P88_TL00015" HPOS="2056" VPOS="1569" WIDTH="946" HEIGHT="72">
						<String ID="P88_ST00068" HPOS="2056" VPOS="1583" WIDTH="153" HEIGHT="58" CONTENT="ihren" WC="0.99" CC="50200"/>
						<SP ID="P88_SP00054" HPOS="2209" VPOS="1641" WIDTH="33"/>
						<String ID="P88_ST00069" HPOS="2242" VPOS="1577" WIDTH="205" HEIGHT="61" CONTENT="Artikel" WC="0.99" CC="1007005"/>
						<SP ID="P88_SP00055" HPOS="2447" VPOS="1641" WIDTH="34"/>
						<String ID="P88_ST00070" HPOS="2481" VPOS="1577" WIDTH="99" HEIGHT="56" CONTENT="mit" WC="0.98" CC="050"/>
						<SP ID="P88_SP00056" HPOS="2580" VPOS="1641" WIDTH="33"/>
						<String ID="P88_ST00071" HPOS="2613" VPOS="1574" WIDTH="106" HEIGHT="56" CONTENT="den" WC="1.00" CC="000"/>
						<SP ID="P88_SP00057" HPOS="2719" VPOS="1641" WIDTH="34"/>
						<String ID="P88_ST00072" HPOS="2753" VPOS="1569" WIDTH="249" HEIGHT="59" CONTENT="Worten:" WC="0.99" CC="0360040"/>
					</TextLine>
				</TextBlock>
				<TextBlock ID="P88_TB00004" HPOS="2054" VPOS="1641" WIDTH="1165" HEIGHT="1665" STYLEREFS="TXT_2 PAR_BLOCK">
					<TextLine ID="P88_TL00016" HPOS="2136" VPOS="1643" WIDTH="1061" HEIGHT="85">
						<String ID="P88_ST00073" HPOS="2136" VPOS="1662" WIDTH="143" HEIGHT="66" CONTENT="„Die" WC="0.98" CC="0060"/>
						<SP ID="P88_SP00058" HPOS="2279" VPOS="1728" WIDTH="33"/>
						<String ID="P88_ST00074" HPOS="2312" VPOS="1658" WIDTH="120" HEIGHT="57" CONTENT="Zeit" WC="0.99" CC="0060"/>
						<SP ID="P88_SP00059" HPOS="2432" VPOS="1728" WIDTH="49"/>
						<String ID="P88_ST00075" HPOS="2481" VPOS="1656" WIDTH="178" HEIGHT="67" CONTENT="eignet" WC="0.99" CC="070000"/>
						<SP ID="P88_SP00060" HPOS="2659" VPOS="1728" WIDTH="48"/>
						<String ID="P88_ST00076" HPOS="2707" VPOS="1649" WIDTH="112" HEIGHT="59" CONTENT="sich" WC="0.99" CC="0600"/>
						<SP ID="P88_SP00061" HPOS="2819" VPOS="1728" WIDTH="46"/>
						<String ID="P88_ST00077" HPOS="2865" VPOS="1648" WIDTH="128" HEIGHT="69" CONTENT="jetzt" WC="0.98" CC="70030"/>
						<SP ID="P88_SP00062" HPOS="2993" VPOS="1728" WIDTH="34"/>
						<String ID="P88_ST00078" HPOS="3027" VPOS="1643" WIDTH="170" HEIGHT="65" CONTENT="nicht," WC="0.99" CC="060002"/>
					</TextLine>
					<TextLine ID="P88_TL00017" HPOS="2057" VPOS="1722" WIDTH="1140" HEIGHT="82">
						<String ID="P88_ST00079" HPOS="2057" VPOS="1742" WIDTH="85" HEIGHT="59" CONTENT="die" WC="0.98" CC="060"/>
						<SP ID="P88_SP00063" HPOS="2142" VPOS="1801" WIDTH="23"/>
						<String ID="P88_ST00080" HPOS="2165" VPOS="1740" WIDTH="114" HEIGHT="58" CONTENT="hier" WC="0.99" CC="0300"/>
						<SP ID="P88_SP00064" HPOS="2279" VPOS="1801" WIDTH="21"/>
						<String ID="P88_ST00081" HPOS="2300" VPOS="1732" WIDTH="392" HEIGHT="72" CONTENT="aufgeworfene" WC="1.00" CC="027000007000"/>
						<SP ID="P88_SP00065" HPOS="2692" VPOS="1804" WIDTH="20"/>
						<String ID="P88_ST00082" HPOS="2712" VPOS="1729" WIDTH="165" HEIGHT="68" CONTENT="Frage" WC="1.00" CC="00000"/>
						<SP ID="P88_SP00066" HPOS="2877" VPOS="1804" WIDTH="23"/>
						<String ID="P88_ST00083" HPOS="2900" VPOS="1727" WIDTH="94" HEIGHT="57" CONTENT="des" WC="1.00" CC="000"/>
						<SP ID="P88_SP00067" HPOS="2994" VPOS="1804" WIDTH="24"/>
						<String ID="P88_ST00084" HPOS="3018" VPOS="1722" WIDTH="144" HEIGHT="59" CONTENT="Nähe" SUBS_TYPE="HypPart1" SUBS_CONTENT="Näheren" WC="1.00" CC="0000"/>
						<HYP HPOS="3162" VPOS="1722" WIDTH="35" CONTENT="-"/>
					</TextLine>
					<TextLine ID="P88_TL00018" HPOS="2057" VPOS="1801" WIDTH="1142" HEIGHT="78">
						<String ID="P88_ST00085" HPOS="2057" VPOS="1844" WIDTH="94" HEIGHT="35" CONTENT="ren" SUBS_TYPE="HypPart2" SUBS_CONTENT="Näheren" WC="0.94" CC="077"/>
						<SP ID="P88_SP00068" HPOS="2151" VPOS="1879" WIDTH="50"/>
						<String ID="P88_ST00086" HPOS="2201" VPOS="1844" WIDTH="67" HEIGHT="33" CONTENT="zu" WC="1.00" CC="00"/>
						<SP ID="P88_SP00069" HPOS="2268" VPOS="1879" WIDTH="49"/>
						<String ID="P88_ST00087" HPOS="2317" VPOS="1827" WIDTH="238" HEIGHT="46" CONTENT="erörtern" WC="0.98" CC="67270707"/>
						<SP ID="P88_SP00070" HPOS="2555" VPOS="1879" WIDTH="48"/>
						<String ID="P88_ST00088" HPOS="2603" VPOS="1811" WIDTH="113" HEIGHT="58" CONTENT="und" WC="0.97" CC="070"/>
						<SP ID="P88_SP00071" HPOS="2716" VPOS="1879" WIDTH="41"/>
						<String ID="P88_ST00089" HPOS="2757" VPOS="1809" WIDTH="106" HEIGHT="56" CONTENT="den" WC="0.97" CC="070"/>
						<SP ID="P88_SP00072" HPOS="2863" VPOS="1879" WIDTH="33"/>
						<String ID="P88_ST00090" HPOS="2896" VPOS="1801" WIDTH="303" HEIGHT="60" CONTENT="Aufschluß" WC="1.00" CC="016000500"/>
					</TextLine>
					<TextLine ID="P88_TL00019" HPOS="2058" VPOS="1881" WIDTH="1143" HEIGHT="77">
						<String ID="P88_ST00091" HPOS="2058" VPOS="1925" WIDTH="66" HEIGHT="32" CONTENT="zu" WC="1.00" CC="00"/>
						<SP ID="P88_SP00073" HPOS="2124" VPOS="1957" WIDTH="33"/>
						<String ID="P88_ST00092" HPOS="2157" VPOS="1896" WIDTH="292" HEIGHT="62" CONTENT="erstreben," WC="0.99" CC="0700037400"/>
						<SP ID="P88_SP00074" HPOS="2449" VPOS="1958" WIDTH="35"/>
						<String ID="P88_ST00093" HPOS="2484" VPOS="1892" WIDTH="72" HEIGHT="57" CONTENT="ob" WC="0.64" CC="07"/>
						<SP ID="P88_SP00075" HPOS="2556" VPOS="1958" WIDTH="32"/>
						<String ID="P88_ST00094" HPOS="2588" VPOS="1905" WIDTH="133" HEIGHT="43" CONTENT="etwa" WC="0.98" CC="3302"/>
						<SP ID="P88_SP00076" HPOS="2721" VPOS="1958" WIDTH="33"/>
						<String ID="P88_ST00095" HPOS="2754" VPOS="1888" WIDTH="96" HEIGHT="56" CONTENT="der" WC="0.98" CC="050"/>
						<SP ID="P88_SP00077" HPOS="2850" VPOS="1958" WIDTH="21"/>
						<String ID="P88_ST00096" HPOS="2871" VPOS="1882" WIDTH="203" HEIGHT="59" CONTENT="Ausruf" WC="0.99" CC="000025"/>
						<SP ID="P88_SP00078" HPOS="3074" VPOS="1958" WIDTH="33"/>
						<String ID="P88_ST00097" HPOS="3107" VPOS="1881" WIDTH="63" HEIGHT="57" CONTENT="be" SUBS_TYPE="HypPart1" SUBS_CONTENT="begründet" WC="0.96" CC="06"/>
						<HYP HPOS="3170" VPOS="1881" WIDTH="31" CONTENT="-"/>
					</TextLine>
					<TextLine ID="P88_TL00020" HPOS="2058" VPOS="1963" WIDTH="1142" HEIGHT="85">
						<String ID="P88_ST00098" HPOS="2058" VPOS="1977" WIDTH="230" HEIGHT="71" CONTENT="gründet" SUBS_TYPE="HypPart2" SUBS_CONTENT="begründet" WC="1.00" CC="0200000"/>
						<SP ID="P88_SP00079" HPOS="2288" VPOS="2048" WIDTH="17"/>
						<String ID="P88_ST00099" HPOS="2305" VPOS="2000" WIDTH="99" HEIGHT="33" CONTENT="sei:" WC="0.99" CC="0060"/>
						<SP ID="P88_SP00080" HPOS="2404" VPOS="2048" WIDTH="24"/>
						<String ID="P88_ST00100" HPOS="2428" VPOS="1973" WIDTH="137" HEIGHT="57" CONTENT="Was" WC="0.98" CC="500"/>
						<SP ID="P88_SP00081" HPOS="2565" VPOS="2048" WIDTH="23"/>
						<String ID="P88_ST00101" HPOS="2588" VPOS="1980" WIDTH="237" HEIGHT="48" CONTENT="nützen" WC="0.99" CC="100006"/>
						<SP ID="P88_SP00082" HPOS="2825" VPOS="2048" WIDTH="23"/>
						<String ID="P88_ST00102" HPOS="2848" VPOS="1967" WIDTH="103" HEIGHT="56" CONTENT="die" WC="0.97" CC="070"/>
						<SP ID="P88_SP00083" HPOS="2951" VPOS="2048" WIDTH="22"/>
						<String ID="P88_ST00103" HPOS="2973" VPOS="1963" WIDTH="227" HEIGHT="57" CONTENT="besten" WC="1.00" CC="000000"/>
					</TextLine>
					<TextLine ID="P88_TL00021" HPOS="2062" VPOS="2046" WIDTH="1141" HEIGHT="71">
						<String ID="P88_ST00104" HPOS="2062" VPOS="2046" WIDTH="873" HEIGHT="71" CONTENT="Gesandtschaftsberichte," WC="1.00" CC="00005000070500006007202"/>
						<SP ID="P88_SP00084" HPOS="2935" VPOS="2117" WIDTH="87"/>
						<String ID="P88_ST00105" HPOS="3022" VPOS="2062" WIDTH="181" HEIGHT="37" CONTENT="wenn" WC="0.99" CC="0030"/>
					</TextLine>
					<TextLine ID="P88_TL00022" HPOS="2061" VPOS="2122" WIDTH="1144" HEIGHT="76">
						<String ID="P88_ST00106" HPOS="2061" VPOS="2136" WIDTH="278" HEIGHT="62" CONTENT="siedort," WC="0.99" CC="06000603"/>
						<SP ID="P88_SP00085" HPOS="2339" VPOS="2198" WIDTH="18"/>
						<String ID="P88_ST00107" HPOS="2357" VPOS="2156" WIDTH="89" HEIGHT="34" CONTENT="wo" WC="0.77" CC="04"/>
						<SP ID="P88_SP00086" HPOS="2446" VPOS="2198" WIDTH="16"/>
						<String ID="P88_ST00108" HPOS="2462" VPOS="2132" WIDTH="89" HEIGHT="56" CONTENT="sie" WC="0.98" CC="050"/>
						<SP ID="P88_SP00087" HPOS="2551" VPOS="2198" WIDTH="23"/>
						<String ID="P88_ST00109" HPOS="2574" VPOS="2122" WIDTH="631" HEIGHT="67" CONTENT="Berücksichtigung" WC="1.00" CC="0050140100050500"/>
					</TextLine>
					<TextLine ID="P88_TL00023" HPOS="2062" VPOS="2199" WIDTH="1143" HEIGHT="82">
						<String ID="P88_ST00110" HPOS="2062" VPOS="2240" WIDTH="74" HEIGHT="33" CONTENT="zu" WC="1.00" CC="00"/>
						<SP ID="P88_SP00088" HPOS="2136" VPOS="2273" WIDTH="19"/>
						<String ID="P88_ST00111" HPOS="2155" VPOS="2208" WIDTH="494" HEIGHT="73" CONTENT="beanspruchen" WC="1.00" CC="700000400002"/>
						<SP ID="P88_SP00089" HPOS="2649" VPOS="2281" WIDTH="24"/>
						<String ID="P88_ST00112" HPOS="2673" VPOS="2206" WIDTH="231" HEIGHT="62" CONTENT="haben," WC="0.99" CC="006041"/>
						<SP ID="P88_SP00090" HPOS="2904" VPOS="2281" WIDTH="37"/>
						<String ID="P88_ST00113" HPOS="2941" VPOS="2199" WIDTH="227" HEIGHT="59" CONTENT="beharr" SUBS_TYPE="HypPart1" SUBS_CONTENT="beharrlich" WC="0.99" CC="007000"/>
						<HYP HPOS="3168" VPOS="2199" WIDTH="37" CONTENT="-"/>
					</TextLine>
					<TextLine ID="P88_TL00024" HPOS="2062" VPOS="2278" WIDTH="1146" HEIGHT="75">
						<String ID="P88_ST00114" HPOS="2062" VPOS="2293" WIDTH="128" HEIGHT="60" CONTENT="lich" SUBS_TYPE="HypPart2" SUBS_CONTENT="beharrlich" WC="0.96" CC="3607"/>
						<SP ID="P88_SP00091" HPOS="2190" VPOS="2353" WIDTH="61"/>
						<String ID="P88_ST00115" HPOS="2251" VPOS="2295" WIDTH="65" HEIGHT="54" CONTENT="in" WC="0.69" CC="60"/>
						<SP ID="P88_SP00092" HPOS="2316" VPOS="2353" WIDTH="65"/>
						<String ID="P88_ST00116" HPOS="2381" VPOS="2291" WIDTH="121" HEIGHT="57" CONTENT="den" WC="0.99" CC="003"/>
						<SP ID="P88_SP00093" HPOS="2502" VPOS="2353" WIDTH="62"/>
						<String ID="P88_ST00117" HPOS="2564" VPOS="2286" WIDTH="188" HEIGHT="59" CONTENT="Wind" WC="0.98" CC="5300"/>
						<SP ID="P88_SP00094" HPOS="2752" VPOS="2353" WIDTH="64"/>
						<String ID="P88_ST00118" HPOS="2816" VPOS="2278" WIDTH="392" HEIGHT="74" CONTENT="geschlagen" WC="1.00" CC="0000040000"/>
					</TextLine>
					<TextLine ID="P88_TL00025" HPOS="2062" VPOS="2362" WIDTH="1148" HEIGHT="71">
						<String ID="P88_ST00119" HPOS="2062" VPOS="2372" WIDTH="281" HEIGHT="61" CONTENT="werden!" WC="1.00" CC="0020023"/>
						<SP ID="P88_SP00095" HPOS="2343" VPOS="2433" WIDTH="89"/>
						<String ID="P88_ST00120" HPOS="2432" VPOS="2364" WIDTH="284" HEIGHT="63" CONTENT="Vielleicht" WC="1.00" CC="0500307000"/>
						<SP ID="P88_SP00096" HPOS="2716" VPOS="2433" WIDTH="69"/>
						<String ID="P88_ST00121" HPOS="2785" VPOS="2362" WIDTH="251" HEIGHT="66" CONTENT="erlangen" WC="0.99" CC="05600000"/>
						<SP ID="P88_SP00097" HPOS="3036" VPOS="2433" WIDTH="66"/>
						<String ID="P88_ST00122" HPOS="3102" VPOS="2371" WIDTH="108" HEIGHT="43" CONTENT="erst" WC="0.98" CC="0503"/>
					</TextLine>
					<TextLine ID="P88_TL00026" HPOS="2063" VPOS="2437" WIDTH="1147" HEIGHT="75">
						<String ID="P88_ST00123" HPOS="2063" VPOS="2475" WIDTH="193" HEIGHT="37" CONTENT="unsere" WC="0.98" CC="360072"/>
						<SP ID="P88_SP00098" HPOS="2256" VPOS="2512" WIDTH="55"/>
						<String ID="P88_ST00124" HPOS="2311" VPOS="2447" WIDTH="168" HEIGHT="63" CONTENT="Enkel" WC="0.99" CC="50005"/>
						<SP ID="P88_SP00099" HPOS="2479" VPOS="2512" WIDTH="67"/>
						<String ID="P88_ST00125" HPOS="2546" VPOS="2443" WIDTH="253" HEIGHT="60" CONTENT="hierüber" WC="0.98" CC="06070737"/>
						<SP ID="P88_SP00100" HPOS="2799" VPOS="2512" WIDTH="57"/>
						<String ID="P88_ST00126" HPOS="2856" VPOS="2437" WIDTH="354" HEIGHT="67" CONTENT="Aufklärung," WC="1.00" CC="00703000004"/>
					</TextLine>
					<TextLine ID="P88_TL00027" HPOS="2065" VPOS="2516" WIDTH="1146" HEIGHT="76">
						<String ID="P88_ST00127" HPOS="2065" VPOS="2533" WIDTH="116" HEIGHT="59" CONTENT="falls" WC="0.98" CC="50550"/>
						<SP ID="P88_SP00101" HPOS="2181" VPOS="2592" WIDTH="34"/>
						<String ID="P88_ST00128" HPOS="2215" VPOS="2531" WIDTH="163" HEIGHT="57" CONTENT="ihnen" WC="0.98" CC="67000"/>
						<SP ID="P88_SP00102" HPOS="2378" VPOS="2592" WIDTH="23"/>
						<String ID="P88_ST00129" HPOS="2401" VPOS="2526" WIDTH="196" HEIGHT="59" CONTENT="einmal" WC="0.99" CC="070005"/>
						<SP ID="P88_SP00103" HPOS="2597" VPOS="2592" WIDTH="23"/>
						<String ID="P88_ST00130" HPOS="2620" VPOS="2526" WIDTH="87" HEIGHT="57" CONTENT="die" WC="0.99" CC="030"/>
						<SP ID="P88_SP00104" HPOS="2707" VPOS="2592" WIDTH="22"/>
						<String ID="P88_ST00131" HPOS="2729" VPOS="2535" WIDTH="273" HEIGHT="57" CONTENT="gesamten" WC="1.00" CC="00000005"/>
						<SP ID="P88_SP00105" HPOS="3002" VPOS="2592" WIDTH="34"/>
						<String ID="P88_ST00132" HPOS="3036" VPOS="2516" WIDTH="175" HEIGHT="58" CONTENT="Akten" WC="1.00" CC="00000"/>
					</TextLine>
					<TextLine ID="P88_TL00028" HPOS="2067" VPOS="2596" WIDTH="1146" HEIGHT="80">
						<String ID="P88_ST00133" HPOS="2067" VPOS="2613" WIDTH="94" HEIGHT="57" CONTENT="des" WC="1.00" CC="000"/>
						<SP ID="P88_SP00106" HPOS="2161" VPOS="2670" WIDTH="18"/>
						<String ID="P88_ST00134" HPOS="2179" VPOS="2608" WIDTH="368" HEIGHT="68" CONTENT="Auswärtigen" WC="1.00" CC="03000504000"/>
						<SP ID="P88_SP00107" HPOS="2547" VPOS="2676" WIDTH="18"/>
						<String ID="P88_ST00135" HPOS="2565" VPOS="2603" WIDTH="187" HEIGHT="59" CONTENT="Amtes" WC="1.00" CC="00000"/>
						<SP ID="P88_SP00108" HPOS="2752" VPOS="2676" WIDTH="17"/>
						<String ID="P88_ST00136" HPOS="2769" VPOS="2596" WIDTH="313" HEIGHT="72" CONTENT="zugänglich" WC="0.99" CC="0000703700"/>
						<SP ID="P88_SP00109" HPOS="3082" VPOS="2676" WIDTH="16"/>
						<String ID="P88_ST00137" HPOS="3098" VPOS="2616" WIDTH="115" HEIGHT="35" CONTENT="sein" WC="0.98" CC="0035"/>
					</TextLine>
					<TextLine ID="P88_TL00029" HPOS="2068" VPOS="2678" WIDTH="1147" HEIGHT="71">
						<String ID="P88_ST00138" HPOS="2068" VPOS="2691" WIDTH="213" HEIGHT="58" CONTENT="sollten." WC="0.99" CC="00450024"/>
						<SP ID="P88_SP00110" HPOS="2281" VPOS="2749" WIDTH="64"/>
						<String ID="P88_ST00139" HPOS="2345" VPOS="2687" WIDTH="146" HEIGHT="58" CONTENT="Aber" WC="0.98" CC="0600"/>
						<SP ID="P88_SP00111" HPOS="2491" VPOS="2749" WIDTH="46"/>
						<String ID="P88_ST00140" HPOS="2537" VPOS="2686" WIDTH="146" HEIGHT="56" CONTENT="dann" WC="1.00" CC="0000"/>
						<SP ID="P88_SP00112" HPOS="2683" VPOS="2749" WIDTH="47"/>
						<String ID="P88_ST00141" HPOS="2730" VPOS="2678" WIDTH="210" HEIGHT="61" CONTENT="freilich" WC="0.98" CC="60076607"/>
						<SP ID="P88_SP00113" HPOS="2940" VPOS="2749" WIDTH="34"/>
						<String ID="P88_ST00142" HPOS="2974" VPOS="2687" WIDTH="137" HEIGHT="47" CONTENT="wäre" WC="0.99" CC="0050"/>
						<SP ID="P88_SP00114" HPOS="3111" VPOS="2749" WIDTH="47"/>
						<String ID="P88_ST00143" HPOS="3158" VPOS="2697" WIDTH="57" HEIGHT="33" CONTENT="es" WC="1.00" CC="00"/>
					</TextLine>
					<TextLine ID="P88_TL00030" HPOS="2070" VPOS="2759" WIDTH="1147" HEIGHT="80">
						<String ID="P88_ST00144" HPOS="2070" VPOS="2797" WIDTH="67" HEIGHT="32" CONTENT="zu" WC="1.00" CC="00"/>
						<SP ID="P88_SP00115" HPOS="2137" VPOS="2829" WIDTH="29"/>
						<String ID="P88_ST00145" HPOS="2166" VPOS="2781" WIDTH="137" HEIGHT="58" CONTENT="spät," WC="1.00" CC="00012"/>
						<SP ID="P88_SP00116" HPOS="2303" VPOS="2839" WIDTH="36"/>
						<String ID="P88_ST00146" HPOS="2339" VPOS="2764" WIDTH="291" HEIGHT="69" CONTENT="Schuldige" WC="0.99" CC="200060700"/>
						<SP ID="P88_SP00117" HPOS="2630" VPOS="2839" WIDTH="21"/>
						<String ID="P88_ST00147" HPOS="2651" VPOS="2783" WIDTH="94" HEIGHT="37" CONTENT="zur" WC="0.98" CC="005"/>
						<SP ID="P88_SP00118" HPOS="2745" VPOS="2839" WIDTH="21"/>
						<String ID="P88_ST00148" HPOS="2766" VPOS="2759" WIDTH="451" HEIGHT="63" CONTENT="Verantwortung" WC="1.00" CC="0000000004000"/>
					</TextLine>
					<TextLine ID="P88_TL00031" HPOS="2072" VPOS="2847" WIDTH="348" HEIGHT="61">
						<String ID="P88_ST00149" HPOS="2072" VPOS="2875" WIDTH="68" HEIGHT="33" CONTENT="zu" WC="1.00" CC="00"/>
						<SP ID="P88_SP00119" HPOS="2140" VPOS="2908" WIDTH="33"/>
						<String ID="P88_ST00150" HPOS="2173" VPOS="2847" WIDTH="247" HEIGHT="60" CONTENT="ziehen.“" WC="0.99" CC="07000438"/>
					</TextLine>
					<TextLine ID="P88_TL00032" HPOS="2157" VPOS="2970" WIDTH="685" HEIGHT="69">
						<String ID="P88_ST00151" HPOS="2157" VPOS="2977" WIDTH="153" HEIGHT="57" CONTENT="Dazu" WC="1.00" CC="1000"/>
						<SP ID="P88_SP00120" HPOS="2310" VPOS="3034" WIDTH="34"/>
						<String ID="P88_ST00152" HPOS="2344" VPOS="2973" WIDTH="95" HEIGHT="57" CONTENT="der" WC="0.99" CC="002"/>
						<SP ID="P88_SP00121" HPOS="2439" VPOS="3034" WIDTH="35"/>
						<String ID="P88_ST00153" HPOS="2474" VPOS="2970" WIDTH="368" HEIGHT="69" CONTENT="„Vorwärts“;" WC="0.99" CC="30400000087"/>
					</TextLine>
					<TextLine ID="P88_TL00033" HPOS="2159" VPOS="3071" WIDTH="1060" HEIGHT="82">
						<String ID="P88_ST00154" HPOS="2159" VPOS="3086" WIDTH="149" HEIGHT="67" CONTENT="„Das" WC="0.99" CC="3000"/>
						<SP ID="P88_SP00122" HPOS="2308" VPOS="3153" WIDTH="63"/>
						<String ID="P88_ST00155" HPOS="2371" VPOS="3084" WIDTH="70" HEIGHT="56" CONTENT="ist" WC="0.95" CC="605"/>
						<SP ID="P88_SP00123" HPOS="2441" VPOS="3153" WIDTH="52"/>
						<String ID="P88_ST00156" HPOS="2493" VPOS="3078" WIDTH="282" HEIGHT="60" CONTENT="zweifellos" WC="0.99" CC="3006705610"/>
						<SP ID="P88_SP00124" HPOS="2775" VPOS="3153" WIDTH="54"/>
						<String ID="P88_ST00157" HPOS="2829" VPOS="3074" WIDTH="212" HEIGHT="69" CONTENT="richtig," WC="0.99" CC="26000303"/>
						<SP ID="P88_SP00125" HPOS="3041" VPOS="3153" WIDTH="64"/>
						<String ID="P88_ST00158" HPOS="3105" VPOS="3071" WIDTH="114" HEIGHT="58" CONTENT="und" WC="0.99" CC="030"/>
					</TextLine>
					<TextLine ID="P88_TL00034" HPOS="2079" VPOS="3149" WIDTH="1140" HEIGHT="75">
						<String ID="P88_ST00159" HPOS="2079" VPOS="3189" WIDTH="137" HEIGHT="35" CONTENT="zwar" WC="0.98" CC="0037"/>
						<SP ID="P88_SP00126" HPOS="2216" VPOS="3224" WIDTH="47"/>
						<String ID="P88_ST00160" HPOS="2263" VPOS="3162" WIDTH="150" HEIGHT="60" CONTENT="nicht" WC="0.98" CC="66000"/>
						<SP ID="P88_SP00127" HPOS="2413" VPOS="3224" WIDTH="45"/>
						<String ID="P88_ST00161" HPOS="2458" VPOS="3159" WIDTH="129" HEIGHT="60" CONTENT="bloß" WC="0.97" CC="7400"/>
						<SP ID="P88_SP00128" HPOS="2587" VPOS="3224" WIDTH="50"/>
						<String ID="P88_ST00162" HPOS="2637" VPOS="3184" WIDTH="56" HEIGHT="33" CONTENT="in" WC="0.67" CC="60"/>
						<SP ID="P88_SP00129" HPOS="2693" VPOS="3224" WIDTH="47"/>
						<String ID="P88_ST00163" HPOS="2740" VPOS="3158" WIDTH="125" HEIGHT="57" CONTENT="dem" WC="1.00" CC="010"/>
						<SP ID="P88_SP00130" HPOS="2865" VPOS="3224" WIDTH="48"/>
						<String ID="P88_ST00164" HPOS="2913" VPOS="3149" WIDTH="306" HEIGHT="75" CONTENT="Spezialfall" WC="0.99" CC="00507026555"/>
					</TextLine>
					<TextLine ID="P88_TL00035" HPOS="2080" VPOS="3245" WIDTH="408" HEIGHT="58">
						<String ID="P88_ST00165" HPOS="2080" VPOS="3245" WIDTH="408" HEIGHT="58" CONTENT="Rumänien..“" WC="0.99" CC="10003600338"/>
					</TextLine>
				</TextBlock>
				<TextBlock ID="P88_TB00005" HPOS="2082" VPOS="3476" WIDTH="1154" HEIGHT="552" STYLEREFS="TXT_2 PAR_LEFT">
					<TextLine ID="P88_TL00036" HPOS="2084" VPOS="3477" WIDTH="1142" HEIGHT="67">
						<String ID="P88_ST00166" HPOS="2084" VPOS="3511" WIDTH="61" HEIGHT="33" CONTENT="so" WC="0.70" CC="50"/>
						<SP ID="P88_SP00131" HPOS="2145" VPOS="3544" WIDTH="43"/>
						<String ID="P88_ST00167" HPOS="2188" VPOS="3483" WIDTH="197" HEIGHT="58" CONTENT="könnte" WC="1.00" CC="030000"/>
						<SP ID="P88_SP00132" HPOS="2385" VPOS="3544" WIDTH="50"/>
						<String ID="P88_ST00168" HPOS="2435" VPOS="3504" WIDTH="123" HEIGHT="34" CONTENT="man" WC="1.00" CC="000"/>
						<SP ID="P88_SP00133" HPOS="2558" VPOS="3544" WIDTH="34"/>
						<String ID="P88_ST00169" HPOS="2592" VPOS="3477" WIDTH="361" HEIGHT="60" CONTENT="hinzusetzen," WC="1.00" CC="773000030002"/>
						<SP ID="P88_SP00134" HPOS="2953" VPOS="3544" WIDTH="61"/>
						<String ID="P88_ST00170" HPOS="3014" VPOS="3494" WIDTH="105" HEIGHT="34" CONTENT="was" WC="1.00" CC="000"/>
						<SP ID="P88_SP00135" HPOS="3119" VPOS="3544" WIDTH="50"/>
						<String ID="P88_ST00171" HPOS="3169" VPOS="3490" WIDTH="57" HEIGHT="36" CONTENT="er" WC="0.89" CC="02"/>
					</TextLine>
					<TextLine ID="P88_TL00037" HPOS="2421" VPOS="3547" WIDTH="808" HEIGHT="71">
						<String ID="P88_ST00172" HPOS="2421" VPOS="3560" WIDTH="190" HEIGHT="58" CONTENT="darum" WC="0.99" CC="04004"/>
						<SP ID="P88_SP00136" HPOS="2611" VPOS="3618" WIDTH="41"/>
						<String ID="P88_ST00173" HPOS="2652" VPOS="3556" WIDTH="281" HEIGHT="59" CONTENT="kümmern" WC="0.99" CC="0044403"/>
						<SP ID="P88_SP00137" HPOS="2933" VPOS="3618" WIDTH="48"/>
						<String ID="P88_ST00174" HPOS="2981" VPOS="3549" WIDTH="112" HEIGHT="59" CONTENT="sich" WC="0.97" CC="4700"/>
						<SP ID="P88_SP00138" HPOS="3093" VPOS="3618" WIDTH="35"/>
						<String ID="P88_ST00175" HPOS="3128" VPOS="3547" WIDTH="101" HEIGHT="59" CONTENT="alle" WC="0.98" CC="4051"/>
					</TextLine>
					<TextLine ID="P88_TL00038" HPOS="2088" VPOS="3629" WIDTH="1141" HEIGHT="81">
						<String ID="P88_ST00176" HPOS="2088" VPOS="3669" WIDTH="86" HEIGHT="33" CONTENT="am" WC="1.00" CC="00"/>
						<SP ID="P88_SP00139" HPOS="2174" VPOS="3702" WIDTH="33"/>
						<String ID="P88_ST00177" HPOS="2207" VPOS="3641" WIDTH="293" HEIGHT="69" CONTENT="eifrigsten." WC="0.99" CC="06657400004"/>
						<SP ID="P88_SP00140" HPOS="2500" VPOS="3710" WIDTH="64"/>
						<String ID="P88_ST00178" HPOS="2564" VPOS="3638" WIDTH="338" HEIGHT="59" CONTENT="Gewesenes," WC="1.00" CC="0000002000"/>
						<SP ID="P88_SP00141" HPOS="2902" VPOS="3710" WIDTH="34"/>
						<String ID="P88_ST00179" HPOS="2936" VPOS="3629" WIDTH="261" HEIGHT="59" CONTENT="Bestehen" SUBS_TYPE="HypPart1" SUBS_CONTENT="Bestehendes," WC="0.88" CC="30000002"/>
						<HYP HPOS="3197" VPOS="3629" WIDTH="32" CONTENT="-"/>
					</TextLine>
					<TextLine ID="P88_TL00039" HPOS="2091" VPOS="3706" WIDTH="1141" HEIGHT="81">
						<String ID="P88_ST00180" HPOS="2091" VPOS="3724" WIDTH="111" HEIGHT="63" CONTENT="des," SUBS_TYPE="HypPart2" SUBS_CONTENT="Bestehendes," WC="0.99" CC="0003"/>
						<SP ID="P88_SP00142" HPOS="2202" VPOS="3787" WIDTH="35"/>
						<String ID="P88_ST00181" HPOS="2237" VPOS="3719" WIDTH="378" HEIGHT="67" CONTENT="Zukünftiges:" WC="1.00" CC="000006070010"/>
						<SP ID="P88_SP00143" HPOS="2615" VPOS="3787" WIDTH="45"/>
						<String ID="P88_ST00182" HPOS="2660" VPOS="3712" WIDTH="157" HEIGHT="60" CONTENT="Noch" WC="1.00" CC="1000"/>
						<SP ID="P88_SP00144" HPOS="2817" VPOS="3787" WIDTH="24"/>
						<String ID="P88_ST00183" HPOS="2841" VPOS="3712" WIDTH="87" HEIGHT="55" CONTENT="nie" WC="1.00" CC="000"/>
						<SP ID="P88_SP00145" HPOS="2928" VPOS="3787" WIDTH="24"/>
						<String ID="P88_ST00184" HPOS="2952" VPOS="3709" WIDTH="119" HEIGHT="58" CONTENT="sind" WC="0.99" CC="0600"/>
						<SP ID="P88_SP00146" HPOS="3071" VPOS="3787" WIDTH="33"/>
						<String ID="P88_ST00185" HPOS="3104" VPOS="3706" WIDTH="128" HEIGHT="57" CONTENT="aller" WC="0.98" CC="03504"/>
					</TextLine>
					<TextLine ID="P88_TL00040" HPOS="2092" VPOS="3790" WIDTH="1140" HEIGHT="81">
						<String ID="P88_ST00186" HPOS="2092" VPOS="3804" WIDTH="189" HEIGHT="67" CONTENT="Augen" WC="0.99" CC="50003"/>
						<SP ID="P88_SP00147" HPOS="2281" VPOS="3871" WIDTH="36"/>
						<String ID="P88_ST00187" HPOS="2317" VPOS="3801" WIDTH="96" HEIGHT="56" CONTENT="mit" WC="0.98" CC="060"/>
						<SP ID="P88_SP00148" HPOS="2413" VPOS="3871" WIDTH="43"/>
						<String ID="P88_ST00188" HPOS="2456" VPOS="3796" WIDTH="207" HEIGHT="59" CONTENT="solcher" WC="1.00" CC="0020000"/>
						<SP ID="P88_SP00149" HPOS="2663" VPOS="3871" WIDTH="36"/>
						<String ID="P88_ST00189" HPOS="2699" VPOS="3794" WIDTH="301" HEIGHT="68" CONTENT="Spannung" WC="0.99" CC="00303050"/>
						<SP ID="P88_SP00150" HPOS="3000" VPOS="3871" WIDTH="33"/>
						<String ID="P88_ST00190" HPOS="3033" VPOS="3790" WIDTH="171" HEIGHT="66" CONTENT="gleich" SUBS_TYPE="HypPart1" SUBS_CONTENT="gleichzeitig" WC="0.66" CC="070605"/>
						<HYP HPOS="3204" VPOS="3790" WIDTH="28" CONTENT="-"/>
					</TextLine>
					<TextLine ID="P88_TL00041" HPOS="2089" VPOS="3869" WIDTH="1143" HEIGHT="80">
						<String ID="P88_ST00191" HPOS="2089" VPOS="3883" WIDTH="158" HEIGHT="66" CONTENT="zeitig" SUBS_TYPE="HypPart2" SUBS_CONTENT="gleichzeitig" WC="0.98" CC="306078"/>
						<SP ID="P88_SP00151" HPOS="2247" VPOS="3949" WIDTH="21"/>
						<String ID="P88_ST00192" HPOS="2268" VPOS="3878" WIDTH="261" HEIGHT="58" CONTENT="zwischen" WC="1.00" CC="50500000"/>
						<SP ID="P88_SP00152" HPOS="2529" VPOS="3949" WIDTH="23"/>
						<String ID="P88_ST00193" HPOS="2552" VPOS="3876" WIDTH="183" HEIGHT="56" CONTENT="diesen" WC="0.99" CC="070000"/>
						<SP ID="P88_SP00153" HPOS="2735" VPOS="3949" WIDTH="22"/>
						<String ID="P88_ST00194" HPOS="2757" VPOS="3872" WIDTH="112" HEIGHT="56" CONTENT="drei" WC="0.99" CC="0401"/>
						<SP ID="P88_SP00154" HPOS="2869" VPOS="3949" WIDTH="24"/>
						<String ID="P88_ST00195" HPOS="2893" VPOS="3869" WIDTH="339" HEIGHT="64" CONTENT="Richtungen" WC="1.00" CC="0700012000"/>
					</TextLine>
					<TextLine ID="P88_TL00042" HPOS="2092" VPOS="3949" WIDTH="1144" HEIGHT="78">
						<String ID="P88_ST00196" HPOS="2092" VPOS="3963" WIDTH="93" HEIGHT="57" CONTENT="hin" WC="0.98" CC="060"/>
						<SP ID="P88_SP00155" HPOS="2185" VPOS="4020" WIDTH="30"/>
						<String ID="P88_ST00197" HPOS="2215" VPOS="3959" WIDTH="113" HEIGHT="60" CONTENT="und" WC="0.99" CC="200"/>
						<SP ID="P88_SP00156" HPOS="2328" VPOS="4020" WIDTH="33"/>
						<String ID="P88_ST00198" HPOS="2361" VPOS="3958" WIDTH="93" HEIGHT="57" CONTENT="her" WC="1.00" CC="000"/>
						<SP ID="P88_SP00157" HPOS="2454" VPOS="4020" WIDTH="29"/>
						<String ID="P88_ST00199" HPOS="2483" VPOS="3956" WIDTH="180" HEIGHT="71" CONTENT="geirrt," WC="0.98" CC="0066603"/>
						<SP ID="P88_SP00158" HPOS="2663" VPOS="4027" WIDTH="50"/>
						<String ID="P88_ST00200" HPOS="2713" VPOS="3977" WIDTH="99" HEIGHT="33" CONTENT="wie" WC="0.98" CC="060"/>
						<SP ID="P88_SP00159" HPOS="2812" VPOS="4027" WIDTH="43"/>
						<String ID="P88_ST00201" HPOS="2855" VPOS="3949" WIDTH="192" HEIGHT="70" CONTENT="gerade" WC="1.00" CC="004000"/>
						<SP ID="P88_SP00160" HPOS="3047" VPOS="4027" WIDTH="39"/>
						<String ID="P88_ST00202" HPOS="3086" VPOS="3959" WIDTH="150" HEIGHT="57" CONTENT="jetzt." WC="0.99" CC="100604"/>
					</TextLine>
				</TextBlock>
			</RightMargin>
			<BottomMargin ID="P88_BM00001" HPOS="0" VPOS="4052" WIDTH="3510" HEIGHT="520"/>
			<PrintSpace ID="P88_PS00001" HPOS="0" VPOS="492" WIDTH="2061" HEIGHT="3560">
				<TextBlock ID="P88_TB00006" HPOS="850" VPOS="638" WIDTH="1163" HEIGHT="1019" STYLEREFS="TXT_2 PAR_LEFT">
					<TextLine ID="P88_TL00043" HPOS="851" VPOS="641" WIDTH="1145" HEIGHT="72">
						<String ID="P88_ST00203" HPOS="851" VPOS="652" WIDTH="96" HEIGHT="59" CONTENT="der" WC="0.98" CC="005"/>
						<SP ID="P88_SP00161" HPOS="947" VPOS="711" WIDTH="46"/>
						<String ID="P88_ST00204" HPOS="993" VPOS="650" WIDTH="157" HEIGHT="60" CONTENT="allein" WC="0.98" CC="005064"/>
						<SP ID="P88_SP00162" HPOS="1150" VPOS="711" WIDTH="45"/>
						<String ID="P88_ST00205" HPOS="1195" VPOS="641" WIDTH="405" HEIGHT="72" CONTENT="maßgebenden" WC="1.00" CC="00001704002"/>
						<SP ID="P88_SP00163" HPOS="1600" VPOS="713" WIDTH="49"/>
						<String ID="P88_ST00206" HPOS="1649" VPOS="649" WIDTH="316" HEIGHT="47" CONTENT="verantwort" SUBS_TYPE="HypPart1" SUBS_CONTENT="verantwortlichen" WC="1.00" CC="0000300020"/>
						<HYP HPOS="1965" VPOS="649" WIDTH="31" CONTENT="-"/>
					</TextLine>
					<TextLine ID="P88_TL00044" HPOS="852" VPOS="715" WIDTH="1144" HEIGHT="75">
						<String ID="P88_ST00207" HPOS="852" VPOS="730" WIDTH="176" HEIGHT="60" CONTENT="lichen" SUBS_TYPE="HypPart2" SUBS_CONTENT="verantwortlichen" WC="0.97" CC="660755"/>
						<SP ID="P88_SP00164" HPOS="1028" VPOS="790" WIDTH="33"/>
						<String ID="P88_ST00208" HPOS="1061" VPOS="721" WIDTH="367" HEIGHT="65" CONTENT="Zentralstelle" WC="0.99" CC="0060745062455"/>
						<SP ID="P88_SP00165" HPOS="1428" VPOS="790" WIDTH="50"/>
						<String ID="P88_ST00209" HPOS="1478" VPOS="717" WIDTH="202" HEIGHT="70" CONTENT="befolgt" WC="0.99" CC="7060300"/>
						<SP ID="P88_SP00166" HPOS="1680" VPOS="790" WIDTH="49"/>
						<String ID="P88_ST00210" HPOS="1729" VPOS="715" WIDTH="130" HEIGHT="58" CONTENT="oder" WC="0.97" CC="0047"/>
						<SP ID="P88_SP00167" HPOS="1859" VPOS="790" WIDTH="48"/>
						<String ID="P88_ST00211" HPOS="1907" VPOS="736" WIDTH="60" HEIGHT="46" CONTENT="ge" SUBS_TYPE="HypPart1" SUBS_CONTENT="geflissentlich" WC="0.96" CC="07"/>
						<HYP HPOS="1967" VPOS="736" WIDTH="29" CONTENT="-"/>
					</TextLine>
					<TextLine ID="P88_TL00045" HPOS="854" VPOS="792" WIDTH="1145" HEIGHT="78">
						<String ID="P88_ST00212" HPOS="854" VPOS="807" WIDTH="314" HEIGHT="63" CONTENT="flissentlich" SUBS_TYPE="HypPart2" SUBS_CONTENT="geflissentlich" WC="1.00" CC="006000004607"/>
						<SP ID="P88_SP00168" HPOS="1168" VPOS="870" WIDTH="50"/>
						<String ID="P88_ST00213" HPOS="1218" VPOS="801" WIDTH="290" HEIGHT="61" CONTENT="mißachtet" WC="1.00" CC="040500000"/>
						<SP ID="P88_SP00169" HPOS="1508" VPOS="870" WIDTH="41"/>
						<String ID="P88_ST00214" HPOS="1549" VPOS="796" WIDTH="218" HEIGHT="60" CONTENT="worden" WC="0.99" CC="007000"/>
						<SP ID="P88_SP00170" HPOS="1767" VPOS="870" WIDTH="50"/>
						<String ID="P88_ST00215" HPOS="1817" VPOS="792" WIDTH="182" HEIGHT="59" CONTENT="sind.“" WC="0.98" CC="060038"/>
					</TextLine>
					<TextLine ID="P88_TL00046" HPOS="937" VPOS="875" WIDTH="1062" HEIGHT="81">
						<String ID="P88_ST00216" HPOS="937" VPOS="889" WIDTH="137" HEIGHT="67" CONTENT="„Ein" WC="0.97" CC="4071"/>
						<SP ID="P88_SP00171" HPOS="1074" VPOS="956" WIDTH="29"/>
						<String ID="P88_ST00217" HPOS="1103" VPOS="882" WIDTH="477" HEIGHT="63" CONTENT="beachtenswerter" WC="1.00" CC="600000000004006"/>
						<SP ID="P88_SP00172" HPOS="1580" VPOS="956" WIDTH="21"/>
						<String ID="P88_ST00218" HPOS="1601" VPOS="875" WIDTH="111" HEIGHT="58" CONTENT="Fall" WC="0.98" CC="0162"/>
						<SP ID="P88_SP00173" HPOS="1712" VPOS="956" WIDTH="22"/>
						<String ID="P88_ST00219" HPOS="1734" VPOS="875" WIDTH="129" HEIGHT="67" CONTENT="liegt" WC="0.98" CC="57000"/>
						<SP ID="P88_SP00174" HPOS="1863" VPOS="956" WIDTH="21"/>
						<String ID="P88_ST00220" HPOS="1884" VPOS="892" WIDTH="115" HEIGHT="46" CONTENT="vor," WC="0.97" CC="0453"/>
					</TextLine>
					<TextLine ID="P88_TL00047" HPOS="856" VPOS="952" WIDTH="1145" HEIGHT="75">
						<String ID="P88_ST00221" HPOS="856" VPOS="969" WIDTH="97" HEIGHT="58" CONTENT="der" WC="1.00" CC="000"/>
						<SP ID="P88_SP00175" HPOS="953" VPOS="1027" WIDTH="49"/>
						<String ID="P88_ST00222" HPOS="1002" VPOS="988" WIDTH="95" HEIGHT="37" CONTENT="zur" WC="0.99" CC="200"/>
						<SP ID="P88_SP00176" HPOS="1097" VPOS="1027" WIDTH="33"/>
						<String ID="P88_ST00223" HPOS="1130" VPOS="960" WIDTH="248" HEIGHT="62" CONTENT="Vorsicht" WC="0.99" CC="06007000"/>
						<SP ID="P88_SP00177" HPOS="1378" VPOS="1027" WIDTH="47"/>
						<String ID="P88_ST00224" HPOS="1425" VPOS="960" WIDTH="74" HEIGHT="54" CONTENT="im" WC="0.63" CC="70"/>
						<SP ID="P88_SP00178" HPOS="1499" VPOS="1027" WIDTH="34"/>
						<String ID="P88_ST00225" HPOS="1533" VPOS="953" WIDTH="176" HEIGHT="61" CONTENT="Urteil" WC="0.98" CC="330064"/>
						<SP ID="P88_SP00179" HPOS="1709" VPOS="1027" WIDTH="33"/>
						<String ID="P88_ST00226" HPOS="1742" VPOS="952" WIDTH="135" HEIGHT="60" CONTENT="über" WC="0.98" CC="0702"/>
						<SP ID="P88_SP00180" HPOS="1877" VPOS="1027" WIDTH="33"/>
						<String ID="P88_ST00227" HPOS="1910" VPOS="975" WIDTH="61" HEIGHT="46" CONTENT="ge" SUBS_TYPE="HypPart1" SUBS_CONTENT="gesandtschaftliche" WC="0.92" CC="00"/>
						<HYP HPOS="1971" VPOS="975" WIDTH="30" CONTENT="-"/>
					</TextLine>
					<TextLine ID="P88_TL00048" HPOS="856" VPOS="1031" WIDTH="1146" HEIGHT="76">
						<String ID="P88_ST00228" HPOS="856" VPOS="1041" WIDTH="468" HEIGHT="65" CONTENT="sandtschaftliche" SUBS_TYPE="HypPart2" SUBS_CONTENT="gesandtschaftliche" WC="0.77" CC="0010000606066070"/>
						<SP ID="P88_SP00181" HPOS="1324" VPOS="1106" WIDTH="35"/>
						<String ID="P88_ST00229" HPOS="1359" VPOS="1036" WIDTH="267" HEIGHT="71" CONTENT="Tätigkeit" WC="1.00" CC="000500060"/>
						<SP ID="P88_SP00182" HPOS="1626" VPOS="1107" WIDTH="35"/>
						<String ID="P88_ST00230" HPOS="1661" VPOS="1032" WIDTH="206" HEIGHT="60" CONTENT="mahnt." WC="0.98" CC="007404"/>
						<SP ID="P88_SP00183" HPOS="1867" VPOS="1107" WIDTH="53"/>
						<String ID="P88_ST00231" HPOS="1920" VPOS="1031" WIDTH="82" HEIGHT="58" CONTENT="Im" WC="0.86" CC="20"/>
					</TextLine>
					<TextLine ID="P88_TL00049" HPOS="858" VPOS="1110" WIDTH="1146" HEIGHT="86">
						<String ID="P88_ST00232" HPOS="858" VPOS="1122" WIDTH="353" HEIGHT="74" CONTENT="ungarischen" WC="1.00" CC="14001700000"/>
						<SP ID="P88_SP00184" HPOS="1211" VPOS="1196" WIDTH="23"/>
						<String ID="P88_ST00233" HPOS="1234" VPOS="1119" WIDTH="315" HEIGHT="67" CONTENT="Reichstage" WC="1.00" CC="0060000030"/>
						<SP ID="P88_SP00185" HPOS="1549" VPOS="1196" WIDTH="22"/>
						<String ID="P88_ST00234" HPOS="1571" VPOS="1136" WIDTH="108" HEIGHT="36" CONTENT="war" WC="0.98" CC="014"/>
						<SP ID="P88_SP00186" HPOS="1679" VPOS="1196" WIDTH="21"/>
						<String ID="P88_ST00235" HPOS="1700" VPOS="1113" WIDTH="87" HEIGHT="59" CONTENT="die" WC="0.97" CC="070"/>
						<SP ID="P88_SP00187" HPOS="1787" VPOS="1196" WIDTH="22"/>
						<String ID="P88_ST00236" HPOS="1809" VPOS="1110" WIDTH="163" HEIGHT="71" CONTENT="Diplo" SUBS_TYPE="HypPart1" SUBS_CONTENT="Diplomatie" WC="0.99" CC="07030"/>
						<HYP HPOS="1972" VPOS="1110" WIDTH="32" CONTENT="-"/>
					</TextLine>
					<TextLine ID="P88_TL00050" HPOS="859" VPOS="1190" WIDTH="1146" HEIGHT="77">
						<String ID="P88_ST00237" HPOS="859" VPOS="1206" WIDTH="160" HEIGHT="59" CONTENT="matie" SUBS_TYPE="HypPart2" SUBS_CONTENT="Diplomatie" WC="0.98" CC="00470"/>
						<SP ID="P88_SP00188" HPOS="1019" VPOS="1265" WIDTH="33"/>
						<String ID="P88_ST00238" HPOS="1052" VPOS="1193" WIDTH="587" HEIGHT="74" CONTENT="Österreich-Ungarns" WC="1.00" CC="103020000044001410"/>
						<SP ID="P88_SP00189" HPOS="1639" VPOS="1267" WIDTH="33"/>
						<String ID="P88_ST00239" HPOS="1672" VPOS="1191" WIDTH="203" HEIGHT="60" CONTENT="lebhaft" WC="0.99" CC="5060060"/>
						<SP ID="P88_SP00190" HPOS="1875" VPOS="1267" WIDTH="35"/>
						<String ID="P88_ST00240" HPOS="1910" VPOS="1190" WIDTH="64" HEIGHT="58" CONTENT="be" SUBS_TYPE="HypPart1" SUBS_CONTENT="beschuldigt" WC="0.96" CC="70"/>
						<HYP HPOS="1974" VPOS="1190" WIDTH="31" CONTENT="-"/>
					</TextLine>
					<TextLine ID="P88_TL00051" HPOS="861" VPOS="1270" WIDTH="1145" HEIGHT="81">
						<String ID="P88_ST00241" HPOS="861" VPOS="1282" WIDTH="266" HEIGHT="69" CONTENT="schuldigt" SUBS_TYPE="HypPart2" SUBS_CONTENT="beschuldigt" WC="1.00" CC="000230600"/>
						<SP ID="P88_SP00191" HPOS="1127" VPOS="1351" WIDTH="49"/>
						<String ID="P88_ST00242" HPOS="1176" VPOS="1279" WIDTH="238" HEIGHT="63" CONTENT="worden," WC="0.99" CC="0460013"/>
						<SP ID="P88_SP00192" HPOS="1414" VPOS="1351" WIDTH="54"/>
						<String ID="P88_ST00243" HPOS="1468" VPOS="1273" WIDTH="105" HEIGHT="60" CONTENT="daß" WC="1.00" CC="000"/>
						<SP ID="P88_SP00193" HPOS="1573" VPOS="1351" WIDTH="51"/>
						<String ID="P88_ST00244" HPOS="1624" VPOS="1273" WIDTH="74" HEIGHT="58" CONTENT="sie" WC="0.97" CC="060"/>
						<SP ID="P88_SP00194" HPOS="1698" VPOS="1351" WIDTH="49"/>
						<String ID="P88_ST00245" HPOS="1747" VPOS="1271" WIDTH="133" HEIGHT="58" CONTENT="über" WC="0.97" CC="0707"/>
						<SP ID="P88_SP00195" HPOS="1880" VPOS="1351" WIDTH="40"/>
						<String ID="P88_ST00246" HPOS="1920" VPOS="1270" WIDTH="86" HEIGHT="57" CONTENT="die" WC="0.97" CC="070"/>
					</TextLine>
					<TextLine ID="P88_TL00052" HPOS="859" VPOS="1347" WIDTH="1150" HEIGHT="81">
						<String ID="P88_ST00247" HPOS="859" VPOS="1362" WIDTH="252" HEIGHT="60" CONTENT="kritische" WC="0.99" CC="036070070"/>
						<SP ID="P88_SP00196" HPOS="1111" VPOS="1422" WIDTH="66"/>
						<String ID="P88_ST00248" HPOS="1177" VPOS="1359" WIDTH="143" HEIGHT="69" CONTENT="Lage" WC="1.00" CC="0000"/>
						<SP ID="P88_SP00197" HPOS="1320" VPOS="1428" WIDTH="65"/>
						<String ID="P88_ST00249" HPOS="1385" VPOS="1359" WIDTH="56" HEIGHT="54" CONTENT="in" WC="0.68" CC="60"/>
						<SP ID="P88_SP00198" HPOS="1441" VPOS="1428" WIDTH="53"/>
						<String ID="P88_ST00250" HPOS="1494" VPOS="1352" WIDTH="304" HEIGHT="61" CONTENT="Rumänien" WC="0.99" CC="00002703"/>
						<SP ID="P88_SP00199" HPOS="1798" VPOS="1428" WIDTH="60"/>
						<String ID="P88_ST00251" HPOS="1858" VPOS="1347" WIDTH="151" HEIGHT="60" CONTENT="nicht" WC="0.98" CC="26006"/>
					</TextLine>
					<TextLine ID="P88_TL00053" HPOS="866" VPOS="1432" WIDTH="1143" HEIGHT="76">
						<String ID="P88_ST00252" HPOS="866" VPOS="1441" WIDTH="354" HEIGHT="61" CONTENT="unterrichtet" WC="0.99" CC="000077600304"/>
						<SP ID="P88_SP00200" HPOS="1220" VPOS="1502" WIDTH="34"/>
						<String ID="P88_ST00253" HPOS="1254" VPOS="1459" WIDTH="261" HEIGHT="49" CONTENT="gewesen," WC="1.00" CC="00000033"/>
						<SP ID="P88_SP00201" HPOS="1515" VPOS="1508" WIDTH="45"/>
						<String ID="P88_ST00254" HPOS="1560" VPOS="1455" WIDTH="108" HEIGHT="36" CONTENT="von" WC="1.00" CC="000"/>
						<SP ID="P88_SP00202" HPOS="1668" VPOS="1508" WIDTH="35"/>
						<String ID="P88_ST00255" HPOS="1703" VPOS="1432" WIDTH="95" HEIGHT="57" CONTENT="der" WC="0.99" CC="002"/>
						<SP ID="P88_SP00203" HPOS="1798" VPOS="1508" WIDTH="32"/>
						<String ID="P88_ST00256" HPOS="1830" VPOS="1439" WIDTH="144" HEIGHT="49" CONTENT="rumä" SUBS_TYPE="HypPart1" SUBS_CONTENT="rumänischen" WC="0.99" CC="4000"/>
						<HYP HPOS="1974" VPOS="1439" WIDTH="35" CONTENT="-"/>
					</TextLine>
					<TextLine ID="P88_TL00054" HPOS="863" VPOS="1507" WIDTH="1148" HEIGHT="79">
						<String ID="P88_ST00257" HPOS="863" VPOS="1522" WIDTH="221" HEIGHT="60" CONTENT="nischen" SUBS_TYPE="HypPart2" SUBS_CONTENT="rumänischen" WC="0.99" CC="5500000"/>
						<SP ID="P88_SP00204" HPOS="1084" VPOS="1582" WIDTH="70"/>
						<String ID="P88_ST00258" HPOS="1154" VPOS="1515" WIDTH="478" HEIGHT="71" CONTENT="Kriegserklärung" WC="1.00" CC="046000040100010"/>
						<SP ID="P88_SP00205" HPOS="1632" VPOS="1586" WIDTH="64"/>
						<String ID="P88_ST00259" HPOS="1696" VPOS="1507" WIDTH="315" HEIGHT="62" CONTENT="überrascht" WC="1.00" CC="0700500005"/>
					</TextLine>
					<TextLine ID="P88_TL00055" HPOS="864" VPOS="1586" WIDTH="1147" HEIGHT="71">
						<String ID="P88_ST00260" HPOS="864" VPOS="1602" WIDTH="216" HEIGHT="55" CONTENT="worden" WC="0.99" CC="703000"/>
						<SP ID="P88_SP00206" HPOS="1080" VPOS="1657" WIDTH="33"/>
						<String ID="P88_ST00261" HPOS="1113" VPOS="1600" WIDTH="75" HEIGHT="57" CONTENT="sei" WC="0.98" CC="004"/>
						<SP ID="P88_SP00207" HPOS="1188" VPOS="1657" WIDTH="33"/>
						<String ID="P88_ST00262" HPOS="1221" VPOS="1597" WIDTH="116" HEIGHT="59" CONTENT="und" WC="0.99" CC="030"/>
						<SP ID="P88_SP00208" HPOS="1337" VPOS="1657" WIDTH="33"/>
						<String ID="P88_ST00263" HPOS="1370" VPOS="1595" WIDTH="165" HEIGHT="58" CONTENT="daher" WC="1.00" CC="00000"/>
						<SP ID="P88_SP00209" HPOS="1535" VPOS="1657" WIDTH="33"/>
						<String ID="P88_ST00264" HPOS="1568" VPOS="1592" WIDTH="88" HEIGHT="57" CONTENT="für" WC="0.97" CC="602"/>
						<SP ID="P88_SP00210" HPOS="1656" VPOS="1657" WIDTH="33"/>
						<String ID="P88_ST00265" HPOS="1689" VPOS="1591" WIDTH="106" HEIGHT="58" CONTENT="den" WC="1.00" CC="000"/>
						<SP ID="P88_SP00211" HPOS="1795" VPOS="1657" WIDTH="23"/>
						<String ID="P88_ST00266" HPOS="1818" VPOS="1586" WIDTH="193" HEIGHT="60" CONTENT="Einfall" WC="0.98" CC="0646065"/>
					</TextLine>
				</TextBlock>
				<TextBlock ID="P88_TB00007" HPOS="865" VPOS="1658" WIDTH="1176" HEIGHT="1676" STYLEREFS="TXT_2 PAR_BLOCK">
					<TextLine ID="P88_TL00056" HPOS="865" VPOS="1666" WIDTH="1149" HEIGHT="75">
						<String ID="P88_ST00267" HPOS="865" VPOS="1684" WIDTH="96" HEIGHT="57" CONTENT="der" WC="0.99" CC="003"/>
						<SP ID="P88_SP00212" HPOS="961" VPOS="1741" WIDTH="32"/>
						<String ID="P88_ST00268" HPOS="993" VPOS="1681" WIDTH="283" HEIGHT="59" CONTENT="Rumänen" WC="1.00" CC="0000000"/>
						<SP ID="P88_SP00213" HPOS="1276" VPOS="1741" WIDTH="44"/>
						<String ID="P88_ST00269" HPOS="1320" VPOS="1676" WIDTH="55" HEIGHT="57" CONTENT="in" WC="0.66" CC="60"/>
						<SP ID="P88_SP00214" HPOS="1375" VPOS="1741" WIDTH="37"/>
						<String ID="P88_ST00270" HPOS="1412" VPOS="1671" WIDTH="406" HEIGHT="67" CONTENT="Siebenbürgen" WC="1.00" CC="071000005002"/>
						<SP ID="P88_SP00215" HPOS="1818" VPOS="1741" WIDTH="35"/>
						<String ID="P88_ST00271" HPOS="1853" VPOS="1666" WIDTH="161" HEIGHT="68" CONTENT="völlig" WC="0.98" CC="021560"/>
					</TextLine>
					<TextLine ID="P88_TL00057" HPOS="866" VPOS="1745" WIDTH="1149" HEIGHT="85">
						<String ID="P88_ST00272" HPOS="866" VPOS="1757" WIDTH="395" HEIGHT="73" CONTENT="ungenügende" WC="1.00" CC="05004000000"/>
						<SP ID="P88_SP00216" HPOS="1261" VPOS="1830" WIDTH="9"/>
						<String ID="P88_ST00273" HPOS="1270" VPOS="1752" WIDTH="466" HEIGHT="66" CONTENT="Vorbereitungen" WC="1.00" CC="00500107000000"/>
						<SP ID="P88_SP00217" HPOS="1736" VPOS="1830" WIDTH="16"/>
						<String ID="P88_ST00274" HPOS="1752" VPOS="1745" WIDTH="263" HEIGHT="72" CONTENT="getroffen" WC="1.00" CC="000006700"/>
					</TextLine>
					<TextLine ID="P88_TL00058" HPOS="868" VPOS="1826" WIDTH="1148" HEIGHT="74">
						<String ID="P88_ST00275" HPOS="868" VPOS="1841" WIDTH="221" HEIGHT="59" CONTENT="worden" WC="0.98" CC="057060"/>
						<SP ID="P88_SP00218" HPOS="1089" VPOS="1900" WIDTH="35"/>
						<String ID="P88_ST00276" HPOS="1124" VPOS="1860" WIDTH="163" HEIGHT="36" CONTENT="seien." WC="0.97" CC="066673"/>
						<SP ID="P88_SP00219" HPOS="1287" VPOS="1900" WIDTH="55"/>
						<String ID="P88_ST00277" HPOS="1342" VPOS="1836" WIDTH="80" HEIGHT="56" CONTENT="Im" WC="1.00" CC="00"/>
						<SP ID="P88_SP00220" HPOS="1422" VPOS="1900" WIDTH="34"/>
						<String ID="P88_ST00278" HPOS="1456" VPOS="1830" WIDTH="332" HEIGHT="59" CONTENT="besonderen" WC="0.99" CC="0500705737"/>
						<SP ID="P88_SP00221" HPOS="1788" VPOS="1900" WIDTH="33"/>
						<String ID="P88_ST00279" HPOS="1821" VPOS="1826" WIDTH="168" HEIGHT="58" CONTENT="richte" SUBS_TYPE="HypPart1" SUBS_CONTENT="richteten" WC="0.98" CC="750705"/>
						<HYP HPOS="1989" VPOS="1826" WIDTH="27" CONTENT="-"/>
					</TextLine>
					<TextLine ID="P88_TL00059" HPOS="870" VPOS="1903" WIDTH="1146" HEIGHT="78">
						<String ID="P88_ST00280" HPOS="870" VPOS="1935" WIDTH="94" HEIGHT="43" CONTENT="ten" SUBS_TYPE="HypPart2" SUBS_CONTENT="richteten" WC="0.99" CC="003"/>
						<SP ID="P88_SP00222" HPOS="964" VPOS="1978" WIDTH="33"/>
						<String ID="P88_ST00281" HPOS="997" VPOS="1917" WIDTH="114" HEIGHT="59" CONTENT="sich" WC="0.99" CC="0400"/>
						<SP ID="P88_SP00223" HPOS="1111" VPOS="1978" WIDTH="34"/>
						<String ID="P88_ST00282" HPOS="1145" VPOS="1917" WIDTH="87" HEIGHT="56" CONTENT="die" WC="0.97" CC="060"/>
						<SP ID="P88_SP00224" HPOS="1232" VPOS="1978" WIDTH="20"/>
						<String ID="P88_ST00283" HPOS="1252" VPOS="1912" WIDTH="277" HEIGHT="69" CONTENT="Anklagen" WC="1.00" CC="12050000"/>
						<SP ID="P88_SP00225" HPOS="1529" VPOS="1981" WIDTH="23"/>
						<String ID="P88_ST00284" HPOS="1552" VPOS="1931" WIDTH="168" HEIGHT="47" CONTENT="gegen" WC="1.00" CC="00000"/>
						<SP ID="P88_SP00226" HPOS="1720" VPOS="1981" WIDTH="22"/>
						<String ID="P88_ST00285" HPOS="1742" VPOS="1907" WIDTH="107" HEIGHT="57" CONTENT="den" WC="1.00" CC="000"/>
						<SP ID="P88_SP00227" HPOS="1849" VPOS="1981" WIDTH="31"/>
						<String ID="P88_ST00286" HPOS="1880" VPOS="1903" WIDTH="102" HEIGHT="59" CONTENT="Gra" SUBS_TYPE="HypPart1" SUBS_CONTENT="Grafen" WC="0.98" CC="040"/>
						<HYP HPOS="1982" VPOS="1903" WIDTH="34" CONTENT="-"/>
					</TextLine>
					<TextLine ID="P88_TL00060" HPOS="871" VPOS="1985" WIDTH="1147" HEIGHT="76">
						<String ID="P88_ST00287" HPOS="871" VPOS="1999" WIDTH="91" HEIGHT="59" CONTENT="fen" SUBS_TYPE="HypPart2" SUBS_CONTENT="Grafen" WC="0.97" CC="601"/>
						<SP ID="P88_SP00228" HPOS="962" VPOS="2058" WIDTH="36"/>
						<String ID="P88_ST00288" HPOS="998" VPOS="1996" WIDTH="254" HEIGHT="65" CONTENT="Czernin," WC="0.80" CC="00030613"/>
						<SP ID="P88_SP00229" HPOS="1252" VPOS="2061" WIDTH="33"/>
						<String ID="P88_ST00289" HPOS="1285" VPOS="1994" WIDTH="107" HEIGHT="55" CONTENT="den" WC="0.99" CC="003"/>
						<SP ID="P88_SP00230" HPOS="1392" VPOS="2061" WIDTH="29"/>
						<String ID="P88_ST00290" HPOS="1421" VPOS="1985" WIDTH="568" HEIGHT="66" CONTENT="österreichisch-unga" SUBS_TYPE="HypPart1" SUBS_CONTENT="österreichisch-ungarischen" WC="1.00" CC="2000000600600040100"/>
						<HYP HPOS="1989" VPOS="1985" WIDTH="29" CONTENT="-"/>
					</TextLine>
					<TextLine ID="P88_TL00061" HPOS="872" VPOS="2063" WIDTH="1147" HEIGHT="74">
						<String ID="P88_ST00291" HPOS="872" VPOS="2079" WIDTH="212" HEIGHT="58" CONTENT="rischen" SUBS_TYPE="HypPart2" SUBS_CONTENT="österreichisch-ungarischen" WC="0.99" CC="0700001"/>
						<SP ID="P88_SP00231" HPOS="1084" VPOS="2137" WIDTH="45"/>
						<String ID="P88_ST00292" HPOS="1129" VPOS="2074" WIDTH="312" HEIGHT="61" CONTENT="Gesandten" WC="1.00" CC="000000000"/>
						<SP ID="P88_SP00232" HPOS="1441" VPOS="2137" WIDTH="50"/>
						<String ID="P88_ST00293" HPOS="1491" VPOS="2071" WIDTH="55" HEIGHT="55" CONTENT="in" WC="0.51" CC="62"/>
						<SP ID="P88_SP00233" HPOS="1546" VPOS="2137" WIDTH="51"/>
						<String ID="P88_ST00294" HPOS="1597" VPOS="2067" WIDTH="273" HEIGHT="61" CONTENT="Bukarest," WC="1.00" CC="020030000"/>
						<SP ID="P88_SP00234" HPOS="1870" VPOS="2137" WIDTH="55"/>
						<String ID="P88_ST00295" HPOS="1925" VPOS="2063" WIDTH="94" HEIGHT="56" CONTENT="der" WC="1.00" CC="000"/>
					</TextLine>
					<TextLine ID="P88_TL00062" HPOS="875" VPOS="2140" WIDTH="1144" HEIGHT="76">
						<String ID="P88_ST00296" HPOS="875" VPOS="2157" WIDTH="114" HEIGHT="59" CONTENT="sich" WC="0.99" CC="0600"/>
						<SP ID="P88_SP00235" HPOS="989" VPOS="2216" WIDTH="22"/>
						<String ID="P88_ST00297" HPOS="1011" VPOS="2156" WIDTH="99" HEIGHT="57" CONTENT="wie" WC="0.98" CC="040"/>
						<SP ID="P88_SP00236" HPOS="1110" VPOS="2216" WIDTH="30"/>
						<String ID="P88_ST00298" HPOS="1140" VPOS="2154" WIDTH="199" HEIGHT="57" CONTENT="andere" WC="0.99" CC="410070"/>
						<SP ID="P88_SP00237" HPOS="1339" VPOS="2216" WIDTH="22"/>
						<String ID="P88_ST00299" HPOS="1361" VPOS="2151" WIDTH="208" HEIGHT="65" CONTENT="dortige" WC="0.99" CC="0050500"/>
						<SP ID="P88_SP00238" HPOS="1569" VPOS="2216" WIDTH="23"/>
						<String ID="P88_ST00300" HPOS="1592" VPOS="2146" WIDTH="271" HEIGHT="57" CONTENT="Vertreter" WC="1.00" CC="003020000"/>
						<SP ID="P88_SP00239" HPOS="1863" VPOS="2216" WIDTH="21"/>
						<String ID="P88_ST00301" HPOS="1884" VPOS="2140" WIDTH="135" HEIGHT="58" CONTENT="habe" WC="0.99" CC="0070"/>
					</TextLine>
					<TextLine ID="P88_TL00063" HPOS="876" VPOS="2218" WIDTH="1143" HEIGHT="77">
						<String ID="P88_ST00302" HPOS="876" VPOS="2235" WIDTH="258" HEIGHT="60" CONTENT="täuschen" WC="1.00" CC="00000700"/>
						<SP ID="P88_SP00240" HPOS="1134" VPOS="2295" WIDTH="33"/>
						<String ID="P88_ST00303" HPOS="1167" VPOS="2232" WIDTH="192" HEIGHT="57" CONTENT="lassen." WC="1.00" CC="3000004"/>
						<SP ID="P88_SP00241" HPOS="1359" VPOS="2295" WIDTH="41"/>
						<String ID="P88_ST00304" HPOS="1400" VPOS="2229" WIDTH="111" HEIGHT="57" CONTENT="Das" WC="1.00" CC="000"/>
						<SP ID="P88_SP00242" HPOS="1511" VPOS="2295" WIDTH="24"/>
						<String ID="P88_ST00305" HPOS="1535" VPOS="2226" WIDTH="213" HEIGHT="58" CONTENT="Wiener" WC="0.99" CC="060004"/>
						<SP ID="P88_SP00243" HPOS="1748" VPOS="2295" WIDTH="23"/>
						<String ID="P88_ST00306" HPOS="1771" VPOS="2218" WIDTH="248" HEIGHT="61" CONTENT="Rotbuch" WC="0.99" CC="0037400"/>
					</TextLine>
					<TextLine ID="P88_TL00064" HPOS="877" VPOS="2300" WIDTH="1143" HEIGHT="78">
						<String ID="P88_ST00307" HPOS="877" VPOS="2316" WIDTH="135" HEIGHT="57" CONTENT="über" WC="0.97" CC="0605"/>
						<SP ID="P88_SP00244" HPOS="1012" VPOS="2373" WIDTH="48"/>
						<String ID="P88_ST00308" HPOS="1060" VPOS="2314" WIDTH="89" HEIGHT="57" CONTENT="die" WC="0.97" CC="060"/>
						<SP ID="P88_SP00245" HPOS="1149" VPOS="2373" WIDTH="33"/>
						<String ID="P88_ST00309" HPOS="1182" VPOS="2306" WIDTH="411" HEIGHT="72" CONTENT="Vorgeschichte" WC="1.00" CC="0000000770600"/>
						<SP ID="P88_SP00246" HPOS="1593" VPOS="2378" WIDTH="49"/>
						<String ID="P88_ST00310" HPOS="1642" VPOS="2303" WIDTH="94" HEIGHT="58" CONTENT="des" WC="1.00" CC="000"/>
						<SP ID="P88_SP00247" HPOS="1736" VPOS="2378" WIDTH="48"/>
						<String ID="P88_ST00311" HPOS="1784" VPOS="2300" WIDTH="203" HEIGHT="58" CONTENT="rumäni" SUBS_TYPE="HypPart1" SUBS_CONTENT="rumänischen" WC="0.99" CC="000006"/>
						<HYP HPOS="1987" VPOS="2300" WIDTH="33" CONTENT="-"/>
					</TextLine>
					<TextLine ID="P88_TL00065" HPOS="880" VPOS="2378" WIDTH="1141" HEIGHT="82">
						<String ID="P88_ST00312" HPOS="880" VPOS="2395" WIDTH="164" HEIGHT="58" CONTENT="schen" SUBS_TYPE="HypPart2" SUBS_CONTENT="rumänischen" WC="1.00" CC="00003"/>
						<SP ID="P88_SP00248" HPOS="1044" VPOS="2453" WIDTH="35"/>
						<String ID="P88_ST00313" HPOS="1079" VPOS="2392" WIDTH="224" HEIGHT="68" CONTENT="Krieges" WC="0.99" CC="4260000"/>
						<SP ID="P88_SP00249" HPOS="1303" VPOS="2460" WIDTH="24"/>
						<String ID="P88_ST00314" HPOS="1327" VPOS="2389" WIDTH="250" HEIGHT="58" CONTENT="bedeutet" WC="1.00" CC="70000000"/>
						<SP ID="P88_SP00250" HPOS="1577" VPOS="2460" WIDTH="22"/>
						<String ID="P88_ST00315" HPOS="1599" VPOS="2381" WIDTH="188" HEIGHT="72" CONTENT="jedoch" WC="0.99" CC="000007"/>
						<SP ID="P88_SP00251" HPOS="1787" VPOS="2460" WIDTH="22"/>
						<String ID="P88_ST00316" HPOS="1809" VPOS="2380" WIDTH="87" HEIGHT="58" CONTENT="für" WC="0.98" CC="600"/>
						<SP ID="P88_SP00252" HPOS="1896" VPOS="2460" WIDTH="20"/>
						<String ID="P88_ST00317" HPOS="1916" VPOS="2378" WIDTH="105" HEIGHT="58" CONTENT="den" WC="1.00" CC="000"/>
					</TextLine>
					<TextLine ID="P88_TL00066" HPOS="884" VPOS="2458" WIDTH="1137" HEIGHT="74">
						<String ID="P88_ST00318" HPOS="884" VPOS="2472" WIDTH="205" HEIGHT="60" CONTENT="Grafen" WC="0.99" CC="030603"/>
						<SP ID="P88_SP00253" HPOS="1089" VPOS="2532" WIDTH="50"/>
						<String ID="P88_ST00319" HPOS="1139" VPOS="2469" WIDTH="235" HEIGHT="59" CONTENT="Czernin" WC="0.90" CC="0000060"/>
						<SP ID="P88_SP00254" HPOS="1374" VPOS="2532" WIDTH="47"/>
						<String ID="P88_ST00320" HPOS="1421" VPOS="2467" WIDTH="157" HEIGHT="55" CONTENT="einen" WC="1.00" CC="00200"/>
						<SP ID="P88_SP00255" HPOS="1578" VPOS="2532" WIDTH="54"/>
						<String ID="P88_ST00321" HPOS="1632" VPOS="2458" WIDTH="389" HEIGHT="69" CONTENT="vollständigen" WC="1.00" CC="0016000106002"/>
					</TextLine>
					<TextLine ID="P88_TL00067" HPOS="884" VPOS="2535" WIDTH="1140" HEIGHT="86">
						<String ID="P88_ST00322" HPOS="884" VPOS="2550" WIDTH="321" HEIGHT="71" CONTENT="Freispruch" WC="1.00" CC="0503000000"/>
						<SP ID="P88_SP00256" HPOS="1205" VPOS="2621" WIDTH="61"/>
						<String ID="P88_ST00323" HPOS="1266" VPOS="2570" WIDTH="104" HEIGHT="36" CONTENT="von" WC="0.98" CC="005"/>
						<SP ID="P88_SP00257" HPOS="1370" VPOS="2621" WIDTH="49"/>
						<String ID="P88_ST00324" HPOS="1419" VPOS="2542" WIDTH="284" HEIGHT="74" CONTENT="jeglichem" WC="0.99" CC="400660000"/>
						<SP ID="P88_SP00258" HPOS="1703" VPOS="2621" WIDTH="52"/>
						<String ID="P88_ST00325" HPOS="1755" VPOS="2535" WIDTH="269" HEIGHT="62" CONTENT="Vorwurf." WC="0.99" CC="01000264"/>
					</TextLine>
					<TextLine ID="P88_TL00068" HPOS="884" VPOS="2617" WIDTH="1143" HEIGHT="74">
						<String ID="P88_ST00326" HPOS="884" VPOS="2632" WIDTH="162" HEIGHT="59" CONTENT="Seine" WC="0.99" CC="00620"/>
						<SP ID="P88_SP00259" HPOS="1046" VPOS="2691" WIDTH="32"/>
						<String ID="P88_ST00327" HPOS="1078" VPOS="2627" WIDTH="248" HEIGHT="61" CONTENT="Berichte" WC="1.00" CC="00260000"/>
						<SP ID="P88_SP00260" HPOS="1326" VPOS="2691" WIDTH="50"/>
						<String ID="P88_ST00328" HPOS="1376" VPOS="2625" WIDTH="172" HEIGHT="57" CONTENT="haben" WC="0.99" CC="00700"/>
						<SP ID="P88_SP00261" HPOS="1548" VPOS="2691" WIDTH="44"/>
						<String ID="P88_ST00329" HPOS="1592" VPOS="2621" WIDTH="113" HEIGHT="58" CONTENT="sich" WC="0.97" CC="0607"/>
						<SP ID="P88_SP00262" HPOS="1705" VPOS="2691" WIDTH="33"/>
						<String ID="P88_ST00330" HPOS="1738" VPOS="2617" WIDTH="289" HEIGHT="67" CONTENT="durchweg" WC="1.00" CC="00400000"/>
					</TextLine>
					<TextLine ID="P88_TL00069" HPOS="886" VPOS="2701" WIDTH="1141" HEIGHT="69">
						<String ID="P88_ST00331" HPOS="886" VPOS="2712" WIDTH="76" HEIGHT="58" CONTENT="als" WC="0.99" CC="020"/>
						<SP ID="P88_SP00263" HPOS="962" VPOS="2770" WIDTH="33"/>
						<String ID="P88_ST00332" HPOS="995" VPOS="2709" WIDTH="270" HEIGHT="59" CONTENT="durchaus" WC="1.00" CC="00000000"/>
						<SP ID="P88_SP00264" HPOS="1265" VPOS="2770" WIDTH="33"/>
						<String ID="P88_ST00333" HPOS="1298" VPOS="2702" WIDTH="304" HEIGHT="61" CONTENT="zutreffend" WC="0.99" CC="3006076010"/>
						<SP ID="P88_SP00265" HPOS="1602" VPOS="2770" WIDTH="33"/>
						<String ID="P88_ST00334" HPOS="1635" VPOS="2701" WIDTH="281" HEIGHT="61" CONTENT="erwiesen;" WC="1.00" CC="000700033"/>
						<SP ID="P88_SP00266" HPOS="1916" VPOS="2770" WIDTH="53"/>
						<String ID="P88_ST00335" HPOS="1969" VPOS="2717" WIDTH="58" HEIGHT="35" CONTENT="er" WC="0.69" CC="06"/>
					</TextLine>
					<TextLine ID="P88_TL00070" HPOS="886" VPOS="2777" WIDTH="1143" HEIGHT="80">
						<String ID="P88_ST00336" HPOS="886" VPOS="2791" WIDTH="92" HEIGHT="57" CONTENT="hat" WC="1.00" CC="000"/>
						<SP ID="P88_SP00267" HPOS="978" VPOS="2848" WIDTH="48"/>
						<String ID="P88_ST00337" HPOS="1026" VPOS="2810" WIDTH="151" HEIGHT="47" CONTENT="sogar" WC="0.99" CC="04005"/>
						<SP ID="P88_SP00268" HPOS="1177" VPOS="2857" WIDTH="32"/>
						<String ID="P88_ST00338" HPOS="1209" VPOS="2786" WIDTH="105" HEIGHT="57" CONTENT="den" WC="1.00" CC="000"/>
						<SP ID="P88_SP00269" HPOS="1314" VPOS="2857" WIDTH="33"/>
						<String ID="P88_ST00339" HPOS="1347" VPOS="2781" WIDTH="286" HEIGHT="60" CONTENT="Ausbruch" WC="1.00" CC="00070100"/>
						<SP ID="P88_SP00270" HPOS="1633" VPOS="2857" WIDTH="42"/>
						<String ID="P88_ST00340" HPOS="1675" VPOS="2780" WIDTH="94" HEIGHT="57" CONTENT="des" WC="1.00" CC="000"/>
						<SP ID="P88_SP00271" HPOS="1769" VPOS="2857" WIDTH="37"/>
						<String ID="P88_ST00341" HPOS="1806" VPOS="2777" WIDTH="223" HEIGHT="66" CONTENT="Krieges" WC="0.99" CC="6470000"/>
					</TextLine>
					<TextLine ID="P88_TL00071" HPOS="889" VPOS="2853" WIDTH="1141" HEIGHT="74">
						<String ID="P88_ST00342" HPOS="889" VPOS="2870" WIDTH="97" HEIGHT="57" CONTENT="mit" WC="0.97" CC="070"/>
						<SP ID="P88_SP00272" HPOS="986" VPOS="2927" WIDTH="25"/>
						<String ID="P88_ST00343" HPOS="1011" VPOS="2867" WIDTH="299" HEIGHT="59" CONTENT="Rumänien" WC="1.00" CC="00000501"/>
						<SP ID="P88_SP00273" HPOS="1310" VPOS="2927" WIDTH="18"/>
						<String ID="P88_ST00344" HPOS="1328" VPOS="2864" WIDTH="104" HEIGHT="57" CONTENT="fast" WC="0.99" CC="5000"/>
						<SP ID="P88_SP00274" HPOS="1432" VPOS="2927" WIDTH="17"/>
						<String ID="P88_ST00345" HPOS="1449" VPOS="2860" WIDTH="91" HEIGHT="58" CONTENT="auf" WC="0.96" CC="036"/>
						<SP ID="P88_SP00275" HPOS="1540" VPOS="2927" WIDTH="15"/>
						<String ID="P88_ST00346" HPOS="1555" VPOS="2858" WIDTH="116" HEIGHT="69" CONTENT="Tag" WC="1.00" CC="100"/>
						<SP ID="P88_SP00276" HPOS="1671" VPOS="2927" WIDTH="18"/>
						<String ID="P88_ST00347" HPOS="1689" VPOS="2857" WIDTH="111" HEIGHT="59" CONTENT="und" WC="0.98" CC="040"/>
						<SP ID="P88_SP00277" HPOS="1800" VPOS="2927" WIDTH="21"/>
						<String ID="P88_ST00348" HPOS="1821" VPOS="2853" WIDTH="209" HEIGHT="60" CONTENT="Stunde" WC="1.00" CC="000100"/>
					</TextLine>
					<TextLine ID="P88_TL00072" HPOS="887" VPOS="2935" WIDTH="1145" HEIGHT="81">
						<String ID="P88_ST00349" HPOS="887" VPOS="2947" WIDTH="197" HEIGHT="69" CONTENT="richtig" WC="0.99" CC="6600060"/>
						<SP ID="P88_SP00278" HPOS="1084" VPOS="3016" WIDTH="33"/>
						<String ID="P88_ST00350" HPOS="1117" VPOS="2941" WIDTH="440" HEIGHT="70" CONTENT="vorausgesehen." WC="1.00" CC="00005002000061"/>
						<SP ID="P88_SP00279" HPOS="1557" VPOS="3016" WIDTH="69"/>
						<String ID="P88_ST00351" HPOS="1626" VPOS="2937" WIDTH="112" HEIGHT="57" CONTENT="Das" WC="1.00" CC="000"/>
						<SP ID="P88_SP00280" HPOS="1738" VPOS="3016" WIDTH="47"/>
						<String ID="P88_ST00352" HPOS="1785" VPOS="2935" WIDTH="212" HEIGHT="57" CONTENT="Auswär" SUBS_TYPE="HypPart1" SUBS_CONTENT="Auswärtige" WC="0.99" CC="040007"/>
						<HYP HPOS="1997" VPOS="2935" WIDTH="35" CONTENT="-"/>
					</TextLine>
					<TextLine ID="P88_TL00073" HPOS="887" VPOS="3013" WIDTH="1148" HEIGHT="83">
						<String ID="P88_ST00353" HPOS="887" VPOS="3030" WIDTH="111" HEIGHT="66" CONTENT="tige" SUBS_TYPE="HypPart2" SUBS_CONTENT="Auswärtige" WC="0.98" CC="2600"/>
						<SP ID="P88_SP00281" HPOS="998" VPOS="3096" WIDTH="32"/>
						<String ID="P88_ST00354" HPOS="1030" VPOS="3026" WIDTH="129" HEIGHT="57" CONTENT="Amt" WC="1.00" CC="000"/>
						<SP ID="P88_SP00282" HPOS="1159" VPOS="3096" WIDTH="34"/>
						<String ID="P88_ST00355" HPOS="1193" VPOS="3025" WIDTH="56" HEIGHT="56" CONTENT="in" WC="0.65" CC="70"/>
						<SP ID="P88_SP00283" HPOS="1249" VPOS="3096" WIDTH="22"/>
						<String ID="P88_ST00356" HPOS="1271" VPOS="3022" WIDTH="155" HEIGHT="59" CONTENT="Wien" WC="0.99" CC="0600"/>
						<SP ID="P88_SP00284" HPOS="1426" VPOS="3096" WIDTH="34"/>
						<String ID="P88_ST00357" HPOS="1460" VPOS="3021" WIDTH="69" HEIGHT="56" CONTENT="ist" WC="0.97" CC="600"/>
						<SP ID="P88_SP00285" HPOS="1529" VPOS="3096" WIDTH="33"/>
						<String ID="P88_ST00358" HPOS="1562" VPOS="3016" WIDTH="109" HEIGHT="60" CONTENT="also" WC="0.99" CC="0500"/>
						<SP ID="P88_SP00286" HPOS="1671" VPOS="3096" WIDTH="23"/>
						<String ID="P88_ST00359" HPOS="1694" VPOS="3039" WIDTH="105" HEIGHT="34" CONTENT="von" WC="1.00" CC="000"/>
						<SP ID="P88_SP00287" HPOS="1799" VPOS="3096" WIDTH="33"/>
						<String ID="P88_ST00360" HPOS="1832" VPOS="3013" WIDTH="203" HEIGHT="58" CONTENT="seinem" WC="0.99" CC="006000"/>
					</TextLine>
					<TextLine ID="P88_TL00074" HPOS="890" VPOS="3092" WIDTH="1145" HEIGHT="72">
						<String ID="P88_ST00361" HPOS="890" VPOS="3106" WIDTH="275" HEIGHT="58" CONTENT="Vertreter" WC="1.00" CC="006040000"/>
						<SP ID="P88_SP00288" HPOS="1165" VPOS="3164" WIDTH="49"/>
						<String ID="P88_ST00362" HPOS="1214" VPOS="3105" WIDTH="56" HEIGHT="54" CONTENT="in" WC="0.48" CC="64"/>
						<SP ID="P88_SP00289" HPOS="1270" VPOS="3164" WIDTH="34"/>
						<String ID="P88_ST00363" HPOS="1304" VPOS="3100" WIDTH="255" HEIGHT="58" CONTENT="Bukarest" WC="1.00" CC="00000000"/>
						<SP ID="P88_SP00290" HPOS="1559" VPOS="3164" WIDTH="50"/>
						<String ID="P88_ST00364" HPOS="1609" VPOS="3093" WIDTH="91" HEIGHT="61" CONTENT="auf" WC="0.97" CC="006"/>
						<SP ID="P88_SP00291" HPOS="1700" VPOS="3164" WIDTH="45"/>
						<String ID="P88_ST00365" HPOS="1745" VPOS="3095" WIDTH="95" HEIGHT="56" CONTENT="das" WC="1.00" CC="000"/>
						<SP ID="P88_SP00292" HPOS="1840" VPOS="3164" WIDTH="46"/>
						<String ID="P88_ST00366" HPOS="1886" VPOS="3092" WIDTH="149" HEIGHT="56" CONTENT="beste" WC="0.99" CC="60000"/>
					</TextLine>
					<TextLine ID="P88_TL00075" HPOS="892" VPOS="3170" WIDTH="1143" HEIGHT="73">
						<String ID="P88_ST00367" HPOS="892" VPOS="3182" WIDTH="357" HEIGHT="61" CONTENT="unterrichtet" WC="0.99" CC="030064707000"/>
						<SP ID="P88_SP00293" HPOS="1249" VPOS="3243" WIDTH="23"/>
						<String ID="P88_ST00368" HPOS="1272" VPOS="3180" WIDTH="114" HEIGHT="58" CONTENT="und" WC="0.98" CC="320"/>
						<SP ID="P88_SP00294" HPOS="1386" VPOS="3243" WIDTH="21"/>
						<String ID="P88_ST00369" HPOS="1407" VPOS="3176" WIDTH="92" HEIGHT="60" CONTENT="auf" WC="0.97" CC="006"/>
						<SP ID="P88_SP00295" HPOS="1499" VPOS="3243" WIDTH="22"/>
						<String ID="P88_ST00370" HPOS="1521" VPOS="3177" WIDTH="105" HEIGHT="56" CONTENT="den" WC="1.00" CC="000"/>
						<SP ID="P88_SP00296" HPOS="1626" VPOS="3243" WIDTH="34"/>
						<String ID="P88_ST00371" HPOS="1660" VPOS="3170" WIDTH="375" HEIGHT="62" CONTENT="rumänischen" WC="1.00" CC="00005600000"/>
					</TextLine>
					<TextLine ID="P88_TL00076" HPOS="895" VPOS="3250" WIDTH="1143" HEIGHT="83">
						<String ID="P88_ST00372" HPOS="895" VPOS="3266" WIDTH="170" HEIGHT="67" CONTENT="Krieg" WC="0.98" CC="00760"/>
						<SP ID="P88_SP00297" HPOS="1065" VPOS="3333" WIDTH="14"/>
						<String ID="P88_ST00373" HPOS="1079" VPOS="3262" WIDTH="324" HEIGHT="60" CONTENT="vorbereitet" WC="0.99" CC="04764065050"/>
						<SP ID="P88_SP00298" HPOS="1403" VPOS="3333" WIDTH="16"/>
						<String ID="P88_ST00374" HPOS="1419" VPOS="3256" WIDTH="238" HEIGHT="58" CONTENT="worden." WC="0.99" CC="0000674"/>
						<SP ID="P88_SP00299" HPOS="1657" VPOS="3333" WIDTH="44"/>
						<String ID="P88_ST00375" HPOS="1701" VPOS="3251" WIDTH="162" HEIGHT="60" CONTENT="Offen" WC="0.97" CC="25670"/>
						<SP ID="P88_SP00300" HPOS="1863" VPOS="3333" WIDTH="23"/>
						<String ID="P88_ST00376" HPOS="1886" VPOS="3250" WIDTH="152" HEIGHT="57" CONTENT="indes" WC="0.98" CC="26070"/>
					</TextLine>
				</TextBlock>
				<TextBlock ID="P88_TB00008" HPOS="1128" VPOS="3517" WIDTH="684" HEIGHT="97" STYLEREFS="TXT_3 PAR_RIGHT">
					<TextLine ID="P88_TL00077" HPOS="1134" VPOS="3518" WIDTH="677" HEIGHT="95">
						<String ID="P88_ST00377" HPOS="1134" VPOS="3523" WIDTH="179" HEIGHT="72" CONTENT="Vom" WC="0.95" CC="760"/>
						<SP ID="P88_SP00301" HPOS="1313" VPOS="3595" WIDTH="28"/>
						<String ID="P88_ST00378" HPOS="1341" VPOS="3518" WIDTH="470" HEIGHT="95" CONTENT="Zukünftigen." WC="0.98" CC="868351771554"/>
					</TextLine>
				</TextBlock>
				<TextBlock ID="P88_TB00009" HPOS="897" VPOS="3645" WIDTH="1145" HEIGHT="403" STYLEREFS="TXT_2 PAR_BLOCK">
					<TextLine ID="P88_TL00078" HPOS="980" VPOS="3646" WIDTH="1059" HEIGHT="85">
						<String ID="P88_ST00379" HPOS="980" VPOS="3662" WIDTH="155" HEIGHT="69" CONTENT="„Von" WC="0.98" CC="4004"/>
						<SP ID="P88_SP00302" HPOS="1135" VPOS="3731" WIDTH="38"/>
						<String ID="P88_ST00380" HPOS="1173" VPOS="3660" WIDTH="145" HEIGHT="65" CONTENT="dem," WC="0.98" CC="7003"/>
						<SP ID="P88_SP00303" HPOS="1318" VPOS="3731" WIDTH="44"/>
						<String ID="P88_ST00381" HPOS="1362" VPOS="3680" WIDTH="106" HEIGHT="33" CONTENT="was" WC="1.00" CC="000"/>
						<SP ID="P88_SP00304" HPOS="1468" VPOS="3731" WIDTH="44"/>
						<String ID="P88_ST00382" HPOS="1512" VPOS="3653" WIDTH="95" HEIGHT="58" CONTENT="der" WC="0.94" CC="904"/>
						<SP ID="P88_SP00305" HPOS="1607" VPOS="3731" WIDTH="49"/>
						<String ID="P88_ST00383" HPOS="1656" VPOS="3647" WIDTH="228" HEIGHT="61" CONTENT="Mensch" WC="0.99" CC="004207"/>
						<SP ID="P88_SP00306" HPOS="1884" VPOS="3731" WIDTH="42"/>
						<String ID="P88_ST00384" HPOS="1926" VPOS="3646" WIDTH="113" HEIGHT="58" CONTENT="sein" WC="0.99" CC="0060"/>
					</TextLine>
					<TextLine ID="P88_TL00079" HPOS="899" VPOS="3725" WIDTH="1143" HEIGHT="83">
						<String ID="P88_ST00385" HPOS="899" VPOS="3744" WIDTH="171" HEIGHT="64" CONTENT="sollte," WC="0.99" CC="0046003"/>
						<SP ID="P88_SP00307" HPOS="1070" VPOS="3808" WIDTH="51"/>
						<String ID="P88_ST00386" HPOS="1121" VPOS="3741" WIDTH="189" HEIGHT="57" CONTENT="wissen" WC="0.99" CC="280000"/>
						<SP ID="P88_SP00308" HPOS="1310" VPOS="3808" WIDTH="41"/>
						<String ID="P88_ST00387" HPOS="1351" VPOS="3733" WIDTH="137" HEIGHT="61" CONTENT="auch" WC="0.98" CC="0307"/>
						<SP ID="P88_SP00309" HPOS="1488" VPOS="3808" WIDTH="45"/>
						<String ID="P88_ST00388" HPOS="1533" VPOS="3733" WIDTH="86" HEIGHT="56" CONTENT="die" WC="0.98" CC="060"/>
						<SP ID="P88_SP00310" HPOS="1619" VPOS="3808" WIDTH="42"/>
						<String ID="P88_ST00389" HPOS="1661" VPOS="3731" WIDTH="195" HEIGHT="57" CONTENT="Besten" WC="1.00" CC="000002"/>
						<SP ID="P88_SP00311" HPOS="1856" VPOS="3808" WIDTH="40"/>
						<String ID="P88_ST00390" HPOS="1896" VPOS="3725" WIDTH="146" HEIGHT="58" CONTENT="nicht" WC="0.98" CC="16003"/>
					</TextLine>
					<TextLine ID="P88_TL00080" HPOS="901" VPOS="3806" WIDTH="1141" HEIGHT="79">
						<String ID="P88_ST00391" HPOS="901" VPOS="3821" WIDTH="103" HEIGHT="60" CONTENT="viel" WC="0.98" CC="0501"/>
						<SP ID="P88_SP00312" HPOS="1004" VPOS="3881" WIDTH="22"/>
						<String ID="P88_ST00392" HPOS="1026" VPOS="3817" WIDTH="409" HEIGHT="68" CONTENT="Zuverlässiges," WC="1.00" CC="00006000065003"/>
						<SP ID="P88_SP00313" HPOS="1435" VPOS="3885" WIDTH="33"/>
						<String ID="P88_ST00393" HPOS="1468" VPOS="3836" WIDTH="104" HEIGHT="35" CONTENT="von" WC="0.99" CC="001"/>
						<SP ID="P88_SP00314" HPOS="1572" VPOS="3885" WIDTH="30"/>
						<String ID="P88_ST00394" HPOS="1602" VPOS="3810" WIDTH="125" HEIGHT="57" CONTENT="dem" WC="1.00" CC="000"/>
						<SP ID="P88_SP00315" HPOS="1727" VPOS="3885" WIDTH="21"/>
						<String ID="P88_ST00395" HPOS="1748" VPOS="3830" WIDTH="106" HEIGHT="37" CONTENT="was" WC="1.00" CC="000"/>
						<SP ID="P88_SP00316" HPOS="1854" VPOS="3885" WIDTH="16"/>
						<String ID="P88_ST00396" HPOS="1870" VPOS="3826" WIDTH="56" HEIGHT="37" CONTENT="er" WC="1.00" CC="00"/>
						<SP ID="P88_SP00317" HPOS="1926" VPOS="3885" WIDTH="31"/>
						<String ID="P88_ST00397" HPOS="1957" VPOS="3806" WIDTH="85" HEIGHT="63" CONTENT="ist," WC="0.98" CC="7002"/>
					</TextLine>
					<TextLine ID="P88_TL00081" HPOS="904" VPOS="3886" WIDTH="1137" HEIGHT="77">
						<String ID="P88_ST00398" HPOS="904" VPOS="3901" WIDTH="140" HEIGHT="57" CONTENT="kann" WC="0.98" CC="5030"/>
						<SP ID="P88_SP00318" HPOS="1044" VPOS="3958" WIDTH="43"/>
						<String ID="P88_ST00399" HPOS="1087" VPOS="3923" WIDTH="122" HEIGHT="34" CONTENT="man" WC="0.98" CC="005"/>
						<SP ID="P88_SP00319" HPOS="1209" VPOS="3958" WIDTH="40"/>
						<String ID="P88_ST00400" HPOS="1249" VPOS="3920" WIDTH="97" HEIGHT="33" CONTENT="aus" WC="1.00" CC="100"/>
						<SP ID="P88_SP00320" HPOS="1346" VPOS="3958" WIDTH="39"/>
						<String ID="P88_ST00401" HPOS="1385" VPOS="3893" WIDTH="178" HEIGHT="70" CONTENT="jedem" WC="0.99" CC="70000"/>
						<SP ID="P88_SP00321" HPOS="1563" VPOS="3963" WIDTH="48"/>
						<String ID="P88_ST00402" HPOS="1611" VPOS="3905" WIDTH="160" HEIGHT="42" CONTENT="etwas" WC="1.00" CC="00000"/>
						<SP ID="P88_SP00322" HPOS="1771" VPOS="3963" WIDTH="47"/>
						<String ID="P88_ST00403" HPOS="1818" VPOS="3886" WIDTH="223" HEIGHT="57" CONTENT="lernen“" WC="0.99" CC="5003008"/>
					</TextLine>
					<TextLine ID="P88_TL00082" HPOS="905" VPOS="3963" WIDTH="1137" HEIGHT="85">
						<String ID="P88_ST00404" HPOS="905" VPOS="3977" WIDTH="400" HEIGHT="71" CONTENT="(Lichtenberg," WC="1.00" CC="0070000260253"/>
						<SP ID="P88_SP00323" HPOS="1305" VPOS="4048" WIDTH="48"/>
						<String ID="P88_ST00405" HPOS="1353" VPOS="3972" WIDTH="385" HEIGHT="73" CONTENT="Aphorismen)" WC="0.99" CC="10014609050"/>
						<SP ID="P88_SP00324" HPOS="1738" VPOS="4048" WIDTH="172"/>
						<String ID="P88_ST00406" HPOS="1910" VPOS="3963" WIDTH="132" HEIGHT="65" CONTENT="und." WC="0.99" CC="2003"/>
					</TextLine>
				</TextBlock>
			</PrintSpace>
		</Page>
	</Layout>
</alto>
