<?xml version="1.0" encoding="UTF-8"?>
<alto xmlns:xsi="http://www.w3.org/2001/XMLSchema-instance" xmlns="http://www.loc.gov/standards/alto/ns-v2#" xsi:schemaLocation="http://www.loc.gov/standards/alto/ns-v2# http://www.loc.gov/standards/alto/v2/alto-2-0.xsd" xmlns:xlink="http://www.w3.org/1999/xlink">
	<Description>
		<MeasurementUnit>mm10</MeasurementUnit>
		<sourceImageInformation>
			<fileName>./bmtnabr_1916-11_01_0032.jp2</fileName>
		</sourceImageInformation>
		<OCRProcessing ID="OCRPROCESSING_1">
			<preProcessingStep>
				<processingSoftware>
					<softwareCreator>CCS Content Conversion Specialists GmbH, Germany</softwareCreator>
					<softwareName>CCS docWorks</softwareName>
					<softwareVersion>6.8-1.27</softwareVersion>
				</processingSoftware>
			</preProcessingStep>
			<ocrProcessingStep>
				<processingSoftware>
					<softwareCreator>ABBYY (BIT Software), Russia</softwareCreator>
					<softwareName>FineReader</softwareName>
					<softwareVersion>11.0</softwareVersion>
				</processingSoftware>
			</ocrProcessingStep>
			<postProcessingStep>
				<processingSoftware>
					<softwareCreator>CCS Content Conversion Specialists GmbH, Germany</softwareCreator>
					<softwareName>CCS docWorks</softwareName>
					<softwareVersion>6.8-1.27</softwareVersion>
					<applicationDescription>docWorks: Text modified manually, or automatically replaced</applicationDescription>
				</processingSoftware>
			</postProcessingStep>
		</OCRProcessing>
	</Description>
	<Styles>
		<TextStyle ID="TXT_0" FONTSIZE="27" FONTFAMILY="Times New Roman"/>
		<TextStyle ID="TXT_1" FONTSIZE="20" FONTFAMILY="Times New Roman" FONTSTYLE="italics"/>
		<TextStyle ID="TXT_2" FONTSIZE="25" FONTFAMILY="Times New Roman"/>
		<TextStyle ID="TXT_3" FONTSIZE="20" FONTFAMILY="Times New Roman"/>
		<ParagraphStyle ID="PAR_LEFT" ALIGN="Left"/>
		<ParagraphStyle ID="PAR_RIGHT" ALIGN="Right"/>
	</Styles>
	<Layout>
		<Page ID="P32" PHYSICAL_IMG_NR="32" HEIGHT="4572" WIDTH="3449" PRINTED_IMG_NR="120" PC="0.976">
			<TopMargin ID="P32_TM00001" HPOS="0" VPOS="0" WIDTH="3449" HEIGHT="348">
				<TextBlock ID="P32_TB00001" HPOS="953" VPOS="271" WIDTH="104" HEIGHT="59" STYLEREFS="TXT_0 PAR_LEFT">
					<TextLine ID="P32_TL00001" HPOS="953" VPOS="271" WIDTH="104" HEIGHT="59">
						<String ID="P32_ST00001" HPOS="953" VPOS="271" WIDTH="104" HEIGHT="59" CONTENT="120" WC="1.00" CC="000"/>
					</TextLine>
				</TextBlock>
				<TextBlock ID="P32_TB00002" HPOS="1692" VPOS="277" WIDTH="785" HEIGHT="68" STYLEREFS="TXT_1 PAR_RIGHT">
					<TextLine ID="P32_TL00002" HPOS="1692" VPOS="278" WIDTH="785" HEIGHT="67">
						<String ID="P32_ST00002" HPOS="1692" VPOS="278" WIDTH="188" HEIGHT="53" CONTENT="Franz" WC="0.99" CC="03012"/>
						<SP ID="P32_SP00001" HPOS="1880" VPOS="331" WIDTH="24"/>
						<String ID="P32_ST00003" HPOS="1904" VPOS="278" WIDTH="124" HEIGHT="53" CONTENT="Blei" WC="0.99" CC="0050"/>
						<SP ID="P32_SP00002" HPOS="2028" VPOS="331" WIDTH="40"/>
						<String ID="P32_ST00004" HPOS="2068" VPOS="296" WIDTH="21" HEIGHT="24" CONTENT="*" WC="0.88" CC="1"/>
						<SP ID="P32_SP00003" HPOS="2089" VPOS="331" WIDTH="35"/>
						<String ID="P32_ST00005" HPOS="2124" VPOS="279" WIDTH="111" HEIGHT="51" CONTENT="Der" WC="0.97" CC="305"/>
						<SP ID="P32_SP00004" HPOS="2235" VPOS="331" WIDTH="28"/>
						<String ID="P32_ST00006" HPOS="2263" VPOS="278" WIDTH="214" HEIGHT="67" CONTENT="Geizige" WC="0.99" CC="3003070"/>
					</TextLine>
				</TextBlock>
			</TopMargin>
			<LeftMargin ID="P32_LM00001" HPOS="0" VPOS="348" WIDTH="926" HEIGHT="3540"/>
			<RightMargin ID="P32_RM00001" HPOS="3215" VPOS="348" WIDTH="234" HEIGHT="3540"/>
			<BottomMargin ID="P32_BM00001" HPOS="0" VPOS="3888" WIDTH="3449" HEIGHT="684"/>
			<PrintSpace ID="P32_PS00001" HPOS="926" VPOS="348" WIDTH="2289" HEIGHT="3540">
				<TextBlock ID="P32_TB00003" HPOS="926" VPOS="474" WIDTH="2289" HEIGHT="3306" STYLEREFS="TXT_2 PAR_LEFT">
					<TextLine ID="P32_TL00003" HPOS="1039" VPOS="474" WIDTH="2176" HEIGHT="88">
						<String ID="P32_ST00007" HPOS="1039" VPOS="474" WIDTH="412" HEIGHT="88" CONTENT="Geiziger:" WC="0.99" CC="006065065"/>
						<SP ID="P32_SP00005" HPOS="1451" VPOS="562" WIDTH="57"/>
						<String ID="P32_ST00008" HPOS="1508" VPOS="477" WIDTH="213" HEIGHT="74" CONTENT="Dafür" WC="0.99" CC="00603"/>
						<SP ID="P32_SP00006" HPOS="1721" VPOS="562" WIDTH="62"/>
						<String ID="P32_ST00009" HPOS="1783" VPOS="479" WIDTH="169" HEIGHT="71" CONTENT="dank" WC="0.96" CC="9014"/>
						<SP ID="P32_SP00007" HPOS="1952" VPOS="562" WIDTH="66"/>
						<String ID="P32_ST00010" HPOS="2018" VPOS="480" WIDTH="103" HEIGHT="74" CONTENT="ich" WC="0.95" CC="607"/>
						<SP ID="P32_SP00008" HPOS="2121" VPOS="562" WIDTH="49"/>
						<String ID="P32_ST00011" HPOS="2170" VPOS="479" WIDTH="183" HEIGHT="72" CONTENT="Euch" WC="0.97" CC="2037"/>
						<SP ID="P32_SP00009" HPOS="2353" VPOS="562" WIDTH="50"/>
						<String ID="P32_ST00012" HPOS="2403" VPOS="481" WIDTH="165" HEIGHT="71" CONTENT="auch" WC="0.99" CC="0230"/>
						<SP ID="P32_SP00010" HPOS="2568" VPOS="562" WIDTH="49"/>
						<String ID="P32_ST00013" HPOS="2617" VPOS="481" WIDTH="222" HEIGHT="80" CONTENT="schön," WC="0.99" CC="000073"/>
						<SP ID="P32_SP00011" HPOS="2839" VPOS="562" WIDTH="69"/>
						<String ID="P32_ST00014" HPOS="2908" VPOS="481" WIDTH="307" HEIGHT="75" CONTENT="Madame" WC="0.99" CC="009003"/>
					</TextLine>
					<TextLine ID="P32_TL00004" HPOS="947" VPOS="570" WIDTH="426" HEIGHT="75">
						<String ID="P32_ST00015" HPOS="947" VPOS="570" WIDTH="426" HEIGHT="75" CONTENT="Schuwitsch." WC="0.90" CC="00000600003"/>
					</TextLine>
					<TextLine ID="P32_TL00005" HPOS="1040" VPOS="665" WIDTH="2174" HEIGHT="89">
						<String ID="P32_ST00016" HPOS="1040" VPOS="665" WIDTH="547" HEIGHT="74" CONTENT="Schuwitsch:" WC="0.90" CC="00052010000"/>
						<SP ID="P32_SP00012" HPOS="1587" VPOS="739" WIDTH="37"/>
						<String ID="P32_ST00017" HPOS="1624" VPOS="667" WIDTH="159" HEIGHT="73" CONTENT="Und" WC="0.99" CC="300"/>
						<SP ID="P32_SP00013" HPOS="1783" VPOS="740" WIDTH="25"/>
						<String ID="P32_ST00018" HPOS="1808" VPOS="669" WIDTH="80" HEIGHT="70" CONTENT="da" WC="1.00" CC="00"/>
						<SP ID="P32_SP00014" HPOS="1888" VPOS="740" WIDTH="28"/>
						<String ID="P32_ST00019" HPOS="1916" VPOS="669" WIDTH="137" HEIGHT="74" CONTENT="hätt" WC="0.84" CC="0211"/>
						<SP ID="P32_SP00015" HPOS="2053" VPOS="743" WIDTH="28"/>
						<String ID="P32_ST00020" HPOS="2081" VPOS="670" WIDTH="103" HEIGHT="70" CONTENT="ich" WC="0.97" CC="600"/>
						<SP ID="P32_SP00016" HPOS="2184" VPOS="743" WIDTH="27"/>
						<String ID="P32_ST00021" HPOS="2211" VPOS="670" WIDTH="100" HEIGHT="70" CONTENT="bei" WC="0.95" CC="706"/>
						<SP ID="P32_SP00017" HPOS="2311" VPOS="743" WIDTH="24"/>
						<String ID="P32_ST00022" HPOS="2335" VPOS="670" WIDTH="113" HEIGHT="70" CONTENT="der" WC="1.00" CC="000"/>
						<SP ID="P32_SP00018" HPOS="2448" VPOS="743" WIDTH="19"/>
						<String ID="P32_ST00023" HPOS="2467" VPOS="668" WIDTH="445" HEIGHT="86" CONTENT="Gelegenheit," WC="1.00" CC="303060200600"/>
						<SP ID="P32_SP00019" HPOS="2912" VPOS="754" WIDTH="28"/>
						<String ID="P32_ST00024" HPOS="2940" VPOS="672" WIDTH="141" HEIGHT="69" CONTENT="weil" WC="0.98" CC="0060"/>
						<SP ID="P32_SP00020" HPOS="3081" VPOS="754" WIDTH="19"/>
						<String ID="P32_ST00025" HPOS="3100" VPOS="674" WIDTH="114" HEIGHT="69" CONTENT="wir" WC="0.95" CC="462"/>
					</TextLine>
					<TextLine ID="P32_TL00006" HPOS="942" VPOS="761" WIDTH="2271" HEIGHT="86">
						<String ID="P32_ST00026" HPOS="942" VPOS="791" WIDTH="72" HEIGHT="39" CONTENT="so" WC="1.00" CC="00"/>
						<SP ID="P32_SP00021" HPOS="1014" VPOS="830" WIDTH="36"/>
						<String ID="P32_ST00027" HPOS="1050" VPOS="761" WIDTH="251" HEIGHT="71" CONTENT="hübsch" WC="0.99" CC="007000"/>
						<SP ID="P32_SP00022" HPOS="1301" VPOS="832" WIDTH="35"/>
						<String ID="P32_ST00028" HPOS="1336" VPOS="762" WIDTH="425" HEIGHT="71" CONTENT="miteinander" WC="1.00" CC="03006000002"/>
						<SP ID="P32_SP00023" HPOS="1761" VPOS="833" WIDTH="33"/>
						<String ID="P32_ST00029" HPOS="1794" VPOS="763" WIDTH="335" HEIGHT="84" CONTENT="plaudern," WC="1.00" CC="030400300"/>
						<SP ID="P32_SP00024" HPOS="2129" VPOS="847" WIDTH="37"/>
						<String ID="P32_ST00030" HPOS="2166" VPOS="764" WIDTH="136" HEIGHT="70" CONTENT="hätt" WC="1.00" CC="0000"/>
						<SP ID="P32_SP00025" HPOS="2302" VPOS="847" WIDTH="33"/>
						<String ID="P32_ST00031" HPOS="2335" VPOS="764" WIDTH="106" HEIGHT="73" CONTENT="ich" WC="0.98" CC="500"/>
						<SP ID="P32_SP00026" HPOS="2441" VPOS="847" WIDTH="39"/>
						<String ID="P32_ST00032" HPOS="2480" VPOS="764" WIDTH="163" HEIGHT="71" CONTENT="auch" WC="0.99" CC="0400"/>
						<SP ID="P32_SP00027" HPOS="2643" VPOS="847" WIDTH="38"/>
						<String ID="P32_ST00033" HPOS="2681" VPOS="767" WIDTH="103" HEIGHT="68" CONTENT="ein" WC="0.96" CC="062"/>
						<SP ID="P32_SP00028" HPOS="2784" VPOS="847" WIDTH="27"/>
						<String ID="P32_ST00034" HPOS="2811" VPOS="764" WIDTH="237" HEIGHT="73" CONTENT="kleines" WC="0.99" CC="5306000"/>
						<SP ID="P32_SP00029" HPOS="3048" VPOS="847" WIDTH="26"/>
						<String ID="P32_ST00035" HPOS="3074" VPOS="764" WIDTH="93" HEIGHT="73" CONTENT="An" SUBS_TYPE="HypPart1" SUBS_CONTENT="Anliegen," WC="0.99" CC="00"/>
						<HYP HPOS="3167" VPOS="764" WIDTH="46" CONTENT="-"/>
					</TextLine>
					<TextLine ID="P32_TL00007" HPOS="943" VPOS="855" WIDTH="2271" HEIGHT="88">
						<String ID="P32_ST00036" HPOS="943" VPOS="855" WIDTH="228" HEIGHT="86" CONTENT="liegen," SUBS_TYPE="HypPart2" SUBS_CONTENT="Anliegen," WC="0.99" CC="4600000"/>
						<SP ID="P32_SP00030" HPOS="1171" VPOS="941" WIDTH="40"/>
						<String ID="P32_ST00037" HPOS="1211" VPOS="858" WIDTH="141" HEIGHT="69" CONTENT="eine" WC="0.99" CC="0600"/>
						<SP ID="P32_SP00031" HPOS="1352" VPOS="941" WIDTH="37"/>
						<String ID="P32_ST00038" HPOS="1389" VPOS="857" WIDTH="173" HEIGHT="71" CONTENT="Bitte" WC="0.99" CC="06001"/>
						<SP ID="P32_SP00032" HPOS="1562" VPOS="941" WIDTH="38"/>
						<String ID="P32_ST00039" HPOS="1600" VPOS="889" WIDTH="79" HEIGHT="38" CONTENT="an" WC="1.00" CC="00"/>
						<SP ID="P32_SP00033" HPOS="1679" VPOS="941" WIDTH="40"/>
						<String ID="P32_ST00040" HPOS="1719" VPOS="858" WIDTH="126" HEIGHT="70" CONTENT="den" WC="0.98" CC="006"/>
						<SP ID="P32_SP00034" HPOS="1845" VPOS="941" WIDTH="38"/>
						<String ID="P32_ST00041" HPOS="1883" VPOS="861" WIDTH="320" HEIGHT="82" CONTENT="gnädigen" WC="1.00" CC="00006000"/>
						<SP ID="P32_SP00035" HPOS="2203" VPOS="943" WIDTH="40"/>
						<String ID="P32_ST00042" HPOS="2243" VPOS="860" WIDTH="213" HEIGHT="71" CONTENT="Herrn" WC="0.99" CC="00025"/>
						<SP ID="P32_SP00036" HPOS="2456" VPOS="943" WIDTH="27"/>
						<String ID="P32_ST00043" HPOS="2483" VPOS="860" WIDTH="391" HEIGHT="82" CONTENT="Bräutigam." WC="0.99" CC="0400064003"/>
						<SP ID="P32_SP00037" HPOS="2874" VPOS="943" WIDTH="39"/>
						<String ID="P32_ST00044" HPOS="2913" VPOS="860" WIDTH="111" HEIGHT="71" CONTENT="Ich" WC="0.97" CC="440"/>
						<SP ID="P32_SP00038" HPOS="3024" VPOS="943" WIDTH="28"/>
						<String ID="P32_ST00045" HPOS="3052" VPOS="861" WIDTH="162" HEIGHT="71" CONTENT="habe" WC="0.98" CC="0070"/>
					</TextLine>
					<TextLine ID="P32_TL00008" HPOS="942" VPOS="950" WIDTH="2270" HEIGHT="84">
						<String ID="P32_ST00046" HPOS="942" VPOS="950" WIDTH="81" HEIGHT="70" CONTENT="da" WC="1.00" CC="00"/>
						<SP ID="P32_SP00039" HPOS="1023" VPOS="1020" WIDTH="35"/>
						<String ID="P32_ST00047" HPOS="1058" VPOS="950" WIDTH="282" HEIGHT="71" CONTENT="nämlich" WC="0.99" CC="6000607"/>
						<SP ID="P32_SP00040" HPOS="1340" VPOS="1021" WIDTH="33"/>
						<String ID="P32_ST00048" HPOS="1373" VPOS="952" WIDTH="188" HEIGHT="70" CONTENT="einen" WC="0.98" CC="26300"/>
						<SP ID="P32_SP00041" HPOS="1561" VPOS="1022" WIDTH="26"/>
						<String ID="P32_ST00049" HPOS="1587" VPOS="951" WIDTH="247" HEIGHT="72" CONTENT="Prozeß" WC="1.00" CC="003000"/>
						<SP ID="P32_SP00042" HPOS="1834" VPOS="1023" WIDTH="25"/>
						<String ID="P32_ST00050" HPOS="1859" VPOS="955" WIDTH="138" HEIGHT="68" CONTENT="und" WC="0.97" CC="240"/>
						<SP ID="P32_SP00043" HPOS="1997" VPOS="1023" WIDTH="28"/>
						<String ID="P32_ST00051" HPOS="2025" VPOS="954" WIDTH="102" HEIGHT="72" CONTENT="ich" WC="0.98" CC="600"/>
						<SP ID="P32_SP00044" HPOS="2127" VPOS="1026" WIDTH="28"/>
						<String ID="P32_ST00052" HPOS="2155" VPOS="951" WIDTH="272" HEIGHT="83" CONTENT="fürchte," WC="1.00" CC="50010000"/>
						<SP ID="P32_SP00045" HPOS="2427" VPOS="1034" WIDTH="36"/>
						<String ID="P32_ST00053" HPOS="2463" VPOS="954" WIDTH="114" HEIGHT="71" CONTENT="ihn" WC="0.98" CC="600"/>
						<SP ID="P32_SP00046" HPOS="2577" VPOS="1034" WIDTH="29"/>
						<String ID="P32_ST00054" HPOS="2606" VPOS="985" WIDTH="77" HEIGHT="38" CONTENT="zu" WC="0.92" CC="01"/>
						<SP ID="P32_SP00047" HPOS="2683" VPOS="1034" WIDTH="28"/>
						<String ID="P32_ST00055" HPOS="2711" VPOS="954" WIDTH="330" HEIGHT="80" CONTENT="verlieren," WC="0.99" CC="0060602063"/>
						<SP ID="P32_SP00048" HPOS="3041" VPOS="1034" WIDTH="30"/>
						<String ID="P32_ST00056" HPOS="3071" VPOS="956" WIDTH="141" HEIGHT="70" CONTENT="weil" WC="0.97" CC="0065"/>
					</TextLine>
					<TextLine ID="P32_TL00009" HPOS="942" VPOS="1044" WIDTH="2270" HEIGHT="89">
						<String ID="P32_ST00057" HPOS="942" VPOS="1044" WIDTH="104" HEIGHT="71" CONTENT="ich" WC="0.97" CC="620"/>
						<SP ID="P32_SP00049" HPOS="1046" VPOS="1115" WIDTH="50"/>
						<String ID="P32_ST00058" HPOS="1096" VPOS="1044" WIDTH="144" HEIGHT="71" CONTENT="kein" WC="0.99" CC="0060"/>
						<SP ID="P32_SP00050" HPOS="1240" VPOS="1115" WIDTH="36"/>
						<String ID="P32_ST00059" HPOS="1276" VPOS="1044" WIDTH="174" HEIGHT="73" CONTENT="Geld" WC="0.99" CC="1030"/>
						<SP ID="P32_SP00051" HPOS="1450" VPOS="1117" WIDTH="34"/>
						<String ID="P32_ST00060" HPOS="1484" VPOS="1048" WIDTH="178" HEIGHT="69" CONTENT="nicht" WC="0.98" CC="06500"/>
						<SP ID="P32_SP00052" HPOS="1662" VPOS="1117" WIDTH="34"/>
						<String ID="P32_ST00061" HPOS="1696" VPOS="1048" WIDTH="187" HEIGHT="72" CONTENT="habe." WC="0.98" CC="00703"/>
						<SP ID="P32_SP00053" HPOS="1883" VPOS="1120" WIDTH="50"/>
						<String ID="P32_ST00062" HPOS="1933" VPOS="1048" WIDTH="210" HEIGHT="71" CONTENT="Wenn" WC="0.99" CC="6000"/>
						<SP ID="P32_SP00054" HPOS="2143" VPOS="1120" WIDTH="36"/>
						<String ID="P32_ST00063" HPOS="2179" VPOS="1050" WIDTH="112" HEIGHT="70" CONTENT="der" WC="0.99" CC="003"/>
						<SP ID="P32_SP00055" HPOS="2291" VPOS="1120" WIDTH="37"/>
						<String ID="P32_ST00064" HPOS="2328" VPOS="1048" WIDTH="270" HEIGHT="85" CONTENT="gnädige" WC="0.99" CC="0600500"/>
						<SP ID="P32_SP00056" HPOS="2598" VPOS="1133" WIDTH="36"/>
						<String ID="P32_ST00065" HPOS="2634" VPOS="1048" WIDTH="171" HEIGHT="72" CONTENT="Herr" WC="0.99" CC="0060"/>
						<SP ID="P32_SP00057" HPOS="2805" VPOS="1133" WIDTH="34"/>
						<String ID="P32_ST00066" HPOS="2839" VPOS="1049" WIDTH="373" HEIGHT="84" CONTENT="Bräutigam" WC="0.99" CC="010006700"/>
					</TextLine>
					<TextLine ID="P32_TL00010" HPOS="942" VPOS="1139" WIDTH="2268" HEIGHT="88">
						<String ID="P32_ST00067" HPOS="942" VPOS="1140" WIDTH="124" HEIGHT="70" CONTENT="mir" WC="0.97" CC="060"/>
						<SP ID="P32_SP00058" HPOS="1066" VPOS="1210" WIDTH="49"/>
						<String ID="P32_ST00068" HPOS="1115" VPOS="1140" WIDTH="81" HEIGHT="70" CONTENT="da" WC="1.00" CC="00"/>
						<SP ID="P32_SP00059" HPOS="1196" VPOS="1210" WIDTH="51"/>
						<String ID="P32_ST00069" HPOS="1247" VPOS="1139" WIDTH="212" HEIGHT="74" CONTENT="helfen" WC="0.98" CC="600604"/>
						<SP ID="P32_SP00060" HPOS="1459" VPOS="1213" WIDTH="51"/>
						<String ID="P32_ST00070" HPOS="1510" VPOS="1140" WIDTH="280" HEIGHT="82" CONTENT="wollten," WC="1.00" CC="00210050"/>
						<SP ID="P32_SP00061" HPOS="1790" VPOS="1222" WIDTH="54"/>
						<String ID="P32_ST00071" HPOS="1844" VPOS="1143" WIDTH="110" HEIGHT="72" CONTENT="ihn" WC="0.96" CC="604"/>
						<SP ID="P32_SP00062" HPOS="1954" VPOS="1222" WIDTH="54"/>
						<String ID="P32_ST00072" HPOS="2008" VPOS="1173" WIDTH="80" HEIGHT="41" CONTENT="zu" WC="0.82" CC="03"/>
						<SP ID="P32_SP00063" HPOS="2088" VPOS="1222" WIDTH="36"/>
						<String ID="P32_ST00073" HPOS="2124" VPOS="1145" WIDTH="355" HEIGHT="82" CONTENT="gewinnen." WC="0.99" CC="000675023"/>
						<SP ID="P32_SP00064" HPOS="2479" VPOS="1227" WIDTH="51"/>
						<String ID="P32_ST00074" HPOS="2530" VPOS="1142" WIDTH="85" HEIGHT="71" CONTENT="Es" WC="1.00" CC="00"/>
						<SP ID="P32_SP00065" HPOS="2615" VPOS="1227" WIDTH="36"/>
						<String ID="P32_ST00075" HPOS="2651" VPOS="1144" WIDTH="150" HEIGHT="81" CONTENT="geht" WC="0.98" CC="8000"/>
						<SP ID="P32_SP00066" HPOS="2801" VPOS="1227" WIDTH="33"/>
						<String ID="P32_ST00076" HPOS="2834" VPOS="1173" WIDTH="113" HEIGHT="40" CONTENT="um" WC="1.00" CC="00"/>
						<SP ID="P32_SP00067" HPOS="2947" VPOS="1227" WIDTH="36"/>
						<String ID="P32_ST00077" HPOS="2983" VPOS="1143" WIDTH="227" HEIGHT="71" CONTENT="keinen" WC="0.99" CC="006203"/>
					</TextLine>
					<TextLine ID="P32_TL00011" HPOS="942" VPOS="1232" WIDTH="2270" HEIGHT="86">
						<String ID="P32_ST00078" HPOS="942" VPOS="1232" WIDTH="432" HEIGHT="86" CONTENT="Pappenstiel." WC="1.00" CC="000000004043"/>
						<SP ID="P32_SP00068" HPOS="1374" VPOS="1318" WIDTH="43"/>
						<String ID="P32_ST00079" HPOS="1417" VPOS="1233" WIDTH="196" HEIGHT="83" CONTENT="Nein," WC="0.99" CC="20601"/>
						<SP ID="P32_SP00069" HPOS="1613" VPOS="1318" WIDTH="36"/>
						<String ID="P32_ST00080" HPOS="1649" VPOS="1238" WIDTH="119" HEIGHT="69" CONTENT="wie" WC="0.97" CC="070"/>
						<SP ID="P32_SP00070" HPOS="1768" VPOS="1318" WIDTH="33"/>
						<String ID="P32_ST00081" HPOS="1801" VPOS="1238" WIDTH="138" HEIGHT="72" CONTENT="sich" WC="0.99" CC="0600"/>
						<SP ID="P32_SP00071" HPOS="1939" VPOS="1318" WIDTH="34"/>
						<String ID="P32_ST00082" HPOS="1973" VPOS="1238" WIDTH="111" HEIGHT="70" CONTENT="das" WC="1.00" CC="000"/>
						<SP ID="P32_SP00072" HPOS="2084" VPOS="1318" WIDTH="37"/>
						<String ID="P32_ST00083" HPOS="2121" VPOS="1237" WIDTH="393" HEIGHT="72" CONTENT="Marianneri" WC="0.99" CC="0046060000"/>
						<SP ID="P32_SP00073" HPOS="2514" VPOS="1318" WIDTH="36"/>
						<String ID="P32_ST00084" HPOS="2550" VPOS="1236" WIDTH="223" HEIGHT="73" CONTENT="freuen" WC="0.99" CC="600400"/>
						<SP ID="P32_SP00074" HPOS="2773" VPOS="1318" WIDTH="36"/>
						<String ID="P32_ST00085" HPOS="2809" VPOS="1238" WIDTH="182" HEIGHT="80" CONTENT="wird," WC="0.99" CC="05001"/>
						<SP ID="P32_SP00075" HPOS="2991" VPOS="1318" WIDTH="36"/>
						<String ID="P32_ST00086" HPOS="3027" VPOS="1237" WIDTH="185" HEIGHT="72" CONTENT="Euch" WC="0.99" CC="0500"/>
					</TextLine>
					<TextLine ID="P32_TL00012" HPOS="942" VPOS="1328" WIDTH="1557" HEIGHT="76">
						<String ID="P32_ST00087" HPOS="942" VPOS="1357" WIDTH="83" HEIGHT="41" CONTENT="zu" WC="1.00" CC="00"/>
						<SP ID="P32_SP00076" HPOS="1025" VPOS="1398" WIDTH="35"/>
						<String ID="P32_ST00088" HPOS="1060" VPOS="1330" WIDTH="226" HEIGHT="69" CONTENT="sehen!" WC="0.99" CC="000071"/>
						<SP ID="P32_SP00077" HPOS="1286" VPOS="1399" WIDTH="54"/>
						<String ID="P32_ST00089" HPOS="1340" VPOS="1328" WIDTH="186" HEIGHT="74" CONTENT="Ganz" WC="0.99" CC="1400"/>
						<SP ID="P32_SP00078" HPOS="1526" VPOS="1402" WIDTH="36"/>
						<String ID="P32_ST00090" HPOS="1562" VPOS="1331" WIDTH="298" HEIGHT="71" CONTENT="verrückt" WC="1.00" CC="00420000"/>
						<SP ID="P32_SP00079" HPOS="1860" VPOS="1402" WIDTH="35"/>
						<String ID="P32_ST00091" HPOS="1895" VPOS="1335" WIDTH="160" HEIGHT="68" CONTENT="wird" WC="0.98" CC="0430"/>
						<SP ID="P32_SP00080" HPOS="2055" VPOS="1403" WIDTH="34"/>
						<String ID="P32_ST00092" HPOS="2089" VPOS="1365" WIDTH="91" HEIGHT="39" CONTENT="sie" WC="0.97" CC="060"/>
						<SP ID="P32_SP00081" HPOS="2180" VPOS="1404" WIDTH="33"/>
						<String ID="P32_ST00093" HPOS="2213" VPOS="1332" WIDTH="286" HEIGHT="72" CONTENT="werden!" WC="0.99" CC="0040014"/>
					</TextLine>
					<TextLine ID="P32_TL00013" HPOS="1037" VPOS="1421" WIDTH="2173" HEIGHT="85">
						<String ID="P32_ST00094" HPOS="1037" VPOS="1421" WIDTH="419" HEIGHT="85" CONTENT="Geiziger:" WC="1.00" CC="006040020"/>
						<SP ID="P32_SP00082" HPOS="1456" VPOS="1506" WIDTH="54"/>
						<String ID="P32_ST00095" HPOS="1510" VPOS="1422" WIDTH="249" HEIGHT="74" CONTENT="Glaubt" WC="0.99" CC="120070"/>
						<SP ID="P32_SP00083" HPOS="1759" VPOS="1506" WIDTH="53"/>
						<String ID="P32_ST00096" HPOS="1812" VPOS="1426" WIDTH="149" HEIGHT="72" CONTENT="Ihr?" WC="0.96" CC="5706"/>
						<SP ID="P32_SP00084" HPOS="1961" VPOS="1506" WIDTH="53"/>
						<String ID="P32_ST00097" HPOS="2014" VPOS="1427" WIDTH="133" HEIGHT="70" CONTENT="Das" WC="0.98" CC="400"/>
						<SP ID="P32_SP00085" HPOS="2147" VPOS="1506" WIDTH="54"/>
						<String ID="P32_ST00098" HPOS="2201" VPOS="1426" WIDTH="169" HEIGHT="72" CONTENT="freut" WC="0.99" CC="51000"/>
						<SP ID="P32_SP00086" HPOS="2370" VPOS="1506" WIDTH="50"/>
						<String ID="P32_ST00099" HPOS="2420" VPOS="1427" WIDTH="193" HEIGHT="70" CONTENT="mich." WC="0.99" CC="06003"/>
						<SP ID="P32_SP00087" HPOS="2613" VPOS="1506" WIDTH="55"/>
						<String ID="P32_ST00100" HPOS="2668" VPOS="1425" WIDTH="196" HEIGHT="72" CONTENT="Freut" WC="1.00" CC="00000"/>
						<SP ID="P32_SP00088" HPOS="2864" VPOS="1506" WIDTH="33"/>
						<String ID="P32_ST00101" HPOS="2897" VPOS="1427" WIDTH="172" HEIGHT="73" CONTENT="mich" WC="0.99" CC="0700"/>
						<SP ID="P32_SP00089" HPOS="3069" VPOS="1506" WIDTH="36"/>
						<String ID="P32_ST00102" HPOS="3105" VPOS="1426" WIDTH="105" HEIGHT="74" CONTENT="für" WC="0.98" CC="500"/>
					</TextLine>
					<TextLine ID="P32_TL00014" HPOS="938" VPOS="1517" WIDTH="502" HEIGHT="73">
						<String ID="P32_ST00103" HPOS="938" VPOS="1517" WIDTH="112" HEIGHT="70" CONTENT="das" WC="1.00" CC="000"/>
						<SP ID="P32_SP00090" HPOS="1050" VPOS="1587" WIDTH="38"/>
						<String ID="P32_ST00104" HPOS="1088" VPOS="1517" WIDTH="352" HEIGHT="73" CONTENT="Mädchen." WC="1.00" CC="00000021"/>
					</TextLine>
					<TextLine ID="P32_TL00015" HPOS="1035" VPOS="1613" WIDTH="2174" HEIGHT="86">
						<String ID="P32_ST00105" HPOS="1035" VPOS="1613" WIDTH="543" HEIGHT="73" CONTENT="Schuwitsch:" WC="0.85" CC="00050600004"/>
						<SP ID="P32_SP00091" HPOS="1578" VPOS="1686" WIDTH="37"/>
						<String ID="P32_ST00106" HPOS="1615" VPOS="1617" WIDTH="139" HEIGHT="69" CONTENT="Der" WC="1.00" CC="000"/>
						<SP ID="P32_SP00092" HPOS="1754" VPOS="1686" WIDTH="25"/>
						<String ID="P32_ST00107" HPOS="1779" VPOS="1615" WIDTH="244" HEIGHT="71" CONTENT="Prozeß" WC="1.00" CC="000000"/>
						<SP ID="P32_SP00093" HPOS="2023" VPOS="1686" WIDTH="26"/>
						<String ID="P32_ST00108" HPOS="2049" VPOS="1618" WIDTH="84" HEIGHT="68" CONTENT="ist" WC="0.99" CC="100"/>
						<SP ID="P32_SP00094" HPOS="2133" VPOS="1686" WIDTH="27"/>
						<String ID="P32_ST00109" HPOS="2160" VPOS="1614" WIDTH="105" HEIGHT="75" CONTENT="für" WC="0.97" CC="600"/>
						<SP ID="P32_SP00095" HPOS="2265" VPOS="1689" WIDTH="28"/>
						<String ID="P32_ST00110" HPOS="2293" VPOS="1617" WIDTH="173" HEIGHT="73" CONTENT="mich" WC="0.99" CC="0600"/>
						<SP ID="P32_SP00096" HPOS="2466" VPOS="1690" WIDTH="24"/>
						<String ID="P32_ST00111" HPOS="2490" VPOS="1647" WIDTH="126" HEIGHT="41" CONTENT="von" WC="0.98" CC="004"/>
						<SP ID="P32_SP00097" HPOS="2616" VPOS="1690" WIDTH="28"/>
						<String ID="P32_ST00112" HPOS="2644" VPOS="1618" WIDTH="114" HEIGHT="70" CONTENT="der" WC="0.99" CC="001"/>
						<SP ID="P32_SP00098" HPOS="2758" VPOS="1690" WIDTH="24"/>
						<String ID="P32_ST00113" HPOS="2782" VPOS="1617" WIDTH="427" HEIGHT="82" CONTENT="allergrößten" WC="1.00" CC="310020030007"/>
					</TextLine>
					<TextLine ID="P32_TL00016" HPOS="938" VPOS="1708" WIDTH="2271" HEIGHT="85">
						<String ID="P32_ST00114" HPOS="938" VPOS="1708" WIDTH="437" HEIGHT="85" CONTENT="Wichtigkeit." WC="0.99" CC="560006000204"/>
						<SP ID="P32_SP00099" HPOS="1375" VPOS="1793" WIDTH="52"/>
						<String ID="P32_ST00115" HPOS="1427" VPOS="1708" WIDTH="272" HEIGHT="76" CONTENT="Einfach" WC="0.99" CC="0606040"/>
						<SP ID="P32_SP00100" HPOS="1699" VPOS="1793" WIDTH="34"/>
						<String ID="P32_ST00116" HPOS="1733" VPOS="1712" WIDTH="268" HEIGHT="70" CONTENT="ruiniert" WC="0.99" CC="00626000"/>
						<SP ID="P32_SP00101" HPOS="2001" VPOS="1793" WIDTH="28"/>
						<String ID="P32_ST00117" HPOS="2029" VPOS="1712" WIDTH="109" HEIGHT="70" CONTENT="bin" WC="0.95" CC="760"/>
						<SP ID="P32_SP00102" HPOS="2138" VPOS="1793" WIDTH="30"/>
						<String ID="P32_ST00118" HPOS="2168" VPOS="1712" WIDTH="124" HEIGHT="80" CONTENT="ich," WC="0.97" CC="5073"/>
						<SP ID="P32_SP00103" HPOS="2292" VPOS="1793" WIDTH="38"/>
						<String ID="P32_ST00119" HPOS="2330" VPOS="1712" WIDTH="225" HEIGHT="71" CONTENT="verlier" WC="0.99" CC="0005600"/>
						<SP ID="P32_SP00104" HPOS="2555" VPOS="1793" WIDTH="24"/>
						<String ID="P32_ST00120" HPOS="2579" VPOS="1712" WIDTH="105" HEIGHT="70" CONTENT="ich" WC="0.98" CC="600"/>
						<SP ID="P32_SP00105" HPOS="2684" VPOS="1793" WIDTH="27"/>
						<String ID="P32_ST00121" HPOS="2711" VPOS="1712" WIDTH="133" HEIGHT="72" CONTENT="ihn." WC="0.97" CC="6024"/>
						<SP ID="P32_SP00106" HPOS="2844" VPOS="1793" WIDTH="51"/>
						<String ID="P32_ST00122" HPOS="2895" VPOS="1711" WIDTH="146" HEIGHT="71" CONTENT="Nur" WC="0.99" CC="110"/>
						<SP ID="P32_SP00107" HPOS="3041" VPOS="1793" WIDTH="26"/>
						<String ID="P32_ST00123" HPOS="3067" VPOS="1713" WIDTH="142" HEIGHT="71" CONTENT="eine" WC="0.99" CC="0600"/>
					</TextLine>
					<TextLine ID="P32_TL00017" HPOS="941" VPOS="1802" WIDTH="2268" HEIGHT="86">
						<String ID="P32_ST00124" HPOS="941" VPOS="1802" WIDTH="392" HEIGHT="86" CONTENT="Kleinigkeit" WC="0.99" CC="56040600070"/>
						<SP ID="P32_SP00108" HPOS="1333" VPOS="1888" WIDTH="33"/>
						<String ID="P32_ST00125" HPOS="1366" VPOS="1834" WIDTH="150" HEIGHT="43" CONTENT="vom" WC="0.98" CC="050"/>
						<SP ID="P32_SP00109" HPOS="1516" VPOS="1888" WIDTH="37"/>
						<String ID="P32_ST00126" HPOS="1553" VPOS="1803" WIDTH="215" HEIGHT="73" CONTENT="Herrn" WC="1.00" CC="00000"/>
						<SP ID="P32_SP00110" HPOS="1768" VPOS="1888" WIDTH="36"/>
						<String ID="P32_ST00127" HPOS="1804" VPOS="1804" WIDTH="390" HEIGHT="83" CONTENT="Bräutigam," WC="1.00" CC="0006070102"/>
						<SP ID="P32_SP00111" HPOS="2194" VPOS="1888" WIDTH="37"/>
						<String ID="P32_ST00128" HPOS="2231" VPOS="1807" WIDTH="139" HEIGHT="69" CONTENT="und" WC="0.97" CC="070"/>
						<SP ID="P32_SP00112" HPOS="2370" VPOS="1888" WIDTH="31"/>
						<String ID="P32_ST00129" HPOS="2401" VPOS="1806" WIDTH="104" HEIGHT="71" CONTENT="die" WC="0.99" CC="030"/>
						<SP ID="P32_SP00113" HPOS="2505" VPOS="1888" WIDTH="37"/>
						<String ID="P32_ST00130" HPOS="2542" VPOS="1806" WIDTH="205" HEIGHT="71" CONTENT="Sache" WC="1.00" CC="00000"/>
						<SP ID="P32_SP00114" HPOS="2747" VPOS="1888" WIDTH="39"/>
						<String ID="P32_ST00131" HPOS="2786" VPOS="1818" WIDTH="128" HEIGHT="59" CONTENT="wär" WC="1.00" CC="000"/>
						<SP ID="P32_SP00115" HPOS="2914" VPOS="1888" WIDTH="27"/>
						<String ID="P32_ST00132" HPOS="2941" VPOS="1806" WIDTH="65" HEIGHT="70" CONTENT="in" WC="0.50" CC="54"/>
						<SP ID="P32_SP00116" HPOS="3006" VPOS="1888" WIDTH="28"/>
						<String ID="P32_ST00133" HPOS="3034" VPOS="1803" WIDTH="132" HEIGHT="74" CONTENT="Ord" SUBS_TYPE="HypPart1" SUBS_CONTENT="Ordnung." WC="0.99" CC="000"/>
						<HYP HPOS="3166" VPOS="1803" WIDTH="43" CONTENT="-"/>
					</TextLine>
					<TextLine ID="P32_TL00018" HPOS="937" VPOS="1898" WIDTH="2271" HEIGHT="86">
						<String ID="P32_ST00134" HPOS="937" VPOS="1926" WIDTH="204" HEIGHT="55" CONTENT="nung." SUBS_TYPE="HypPart2" SUBS_CONTENT="Ordnung." WC="0.99" CC="05003"/>
						<SP ID="P32_SP00117" HPOS="1141" VPOS="1981" WIDTH="55"/>
						<String ID="P32_ST00135" HPOS="1196" VPOS="1898" WIDTH="111" HEIGHT="74" CONTENT="Ich" WC="0.98" CC="500"/>
						<SP ID="P32_SP00118" HPOS="1307" VPOS="1981" WIDTH="31"/>
						<String ID="P32_ST00136" HPOS="1338" VPOS="1898" WIDTH="235" HEIGHT="82" CONTENT="wollte," WC="0.99" CC="0024003"/>
						<SP ID="P32_SP00119" HPOS="1573" VPOS="1981" WIDTH="54"/>
						<String ID="P32_ST00137" HPOS="1627" VPOS="1900" WIDTH="108" HEIGHT="71" CONTENT="Ihr" WC="0.98" CC="103"/>
						<SP ID="P32_SP00120" HPOS="1735" VPOS="1981" WIDTH="35"/>
						<String ID="P32_ST00138" HPOS="1770" VPOS="1900" WIDTH="205" HEIGHT="72" CONTENT="hättet" WC="1.00" CC="000000"/>
						<SP ID="P32_SP00121" HPOS="1975" VPOS="1981" WIDTH="34"/>
						<String ID="P32_ST00139" HPOS="2009" VPOS="1901" WIDTH="104" HEIGHT="70" CONTENT="die" WC="0.98" CC="060"/>
						<SP ID="P32_SP00122" HPOS="2113" VPOS="1981" WIDTH="37"/>
						<String ID="P32_ST00140" HPOS="2150" VPOS="1898" WIDTH="231" HEIGHT="73" CONTENT="Kleine" WC="0.98" CC="460600"/>
						<SP ID="P32_SP00123" HPOS="2381" VPOS="1981" WIDTH="36"/>
						<String ID="P32_ST00141" HPOS="2417" VPOS="1901" WIDTH="294" HEIGHT="83" CONTENT="gesehen," WC="1.00" CC="00000002"/>
						<SP ID="P32_SP00124" HPOS="2711" VPOS="1984" WIDTH="37"/>
						<String ID="P32_ST00142" HPOS="2748" VPOS="1901" WIDTH="119" HEIGHT="69" CONTENT="mit" WC="0.99" CC="020"/>
						<SP ID="P32_SP00125" HPOS="2867" VPOS="1984" WIDTH="33"/>
						<String ID="P32_ST00143" HPOS="2900" VPOS="1900" WIDTH="308" HEIGHT="71" CONTENT="welchem" WC="1.00" CC="0030000"/>
					</TextLine>
					<TextLine ID="P32_TL00019" HPOS="938" VPOS="1992" WIDTH="2272" HEIGHT="88">
						<String ID="P32_ST00144" HPOS="938" VPOS="1992" WIDTH="376" HEIGHT="72" CONTENT="Entzücken" WC="1.00" CC="000003000"/>
						<SP ID="P32_SP00126" HPOS="1314" VPOS="2064" WIDTH="52"/>
						<String ID="P32_ST00145" HPOS="1366" VPOS="1995" WIDTH="92" HEIGHT="69" CONTENT="sie" WC="0.97" CC="070"/>
						<SP ID="P32_SP00127" HPOS="1458" VPOS="2064" WIDTH="49"/>
						<String ID="P32_ST00146" HPOS="1507" VPOS="1995" WIDTH="125" HEIGHT="71" CONTENT="mir" WC="0.97" CC="052"/>
						<SP ID="P32_SP00128" HPOS="1632" VPOS="2066" WIDTH="48"/>
						<String ID="P32_ST00147" HPOS="1680" VPOS="1994" WIDTH="289" HEIGHT="80" CONTENT="zuhörte," WC="1.00" CC="03023000"/>
						<SP ID="P32_SP00129" HPOS="1969" VPOS="2074" WIDTH="53"/>
						<String ID="P32_ST00148" HPOS="2022" VPOS="2024" WIDTH="186" HEIGHT="41" CONTENT="wenn" WC="0.99" CC="0005"/>
						<SP ID="P32_SP00130" HPOS="2208" VPOS="2074" WIDTH="51"/>
						<String ID="P32_ST00149" HPOS="2259" VPOS="1995" WIDTH="104" HEIGHT="71" CONTENT="ich" WC="0.95" CC="650"/>
						<SP ID="P32_SP00131" HPOS="2363" VPOS="2074" WIDTH="33"/>
						<String ID="P32_ST00150" HPOS="2396" VPOS="2024" WIDTH="127" HEIGHT="41" CONTENT="von" WC="1.00" CC="000"/>
						<SP ID="P32_SP00132" HPOS="2523" VPOS="2074" WIDTH="37"/>
						<String ID="P32_ST00151" HPOS="2560" VPOS="1994" WIDTH="182" HEIGHT="72" CONTENT="Euch" WC="0.99" CC="3000"/>
						<SP ID="P32_SP00133" HPOS="2742" VPOS="2074" WIDTH="34"/>
						<String ID="P32_ST00152" HPOS="2776" VPOS="1995" WIDTH="255" HEIGHT="85" CONTENT="sprach." WC="1.00" CC="0000004"/>
						<SP ID="P32_SP00134" HPOS="3031" VPOS="2080" WIDTH="50"/>
						<String ID="P32_ST00153" HPOS="3081" VPOS="1995" WIDTH="129" HEIGHT="71" CONTENT="Die" WC="0.98" CC="050"/>
					</TextLine>
					<TextLine ID="P32_TL00020" HPOS="941" VPOS="2086" WIDTH="2268" HEIGHT="87">
						<String ID="P32_ST00154" HPOS="941" VPOS="2086" WIDTH="252" HEIGHT="73" CONTENT="Freude" WC="1.00" CC="300000"/>
						<SP ID="P32_SP00135" HPOS="1193" VPOS="2159" WIDTH="51"/>
						<String ID="P32_ST00155" HPOS="1244" VPOS="2088" WIDTH="253" HEIGHT="84" CONTENT="glänzte" WC="1.00" CC="0200000"/>
						<SP ID="P32_SP00136" HPOS="1497" VPOS="2172" WIDTH="48"/>
						<String ID="P32_ST00156" HPOS="1545" VPOS="2089" WIDTH="102" HEIGHT="70" CONTENT="ihr" WC="0.96" CC="605"/>
						<SP ID="P32_SP00137" HPOS="1647" VPOS="2172" WIDTH="49"/>
						<String ID="P32_ST00157" HPOS="1696" VPOS="2116" WIDTH="122" HEIGHT="43" CONTENT="nur" WC="0.95" CC="570"/>
						<SP ID="P32_SP00138" HPOS="1818" VPOS="2172" WIDTH="50"/>
						<String ID="P32_ST00158" HPOS="1868" VPOS="2119" WIDTH="71" HEIGHT="40" CONTENT="so" WC="1.00" CC="00"/>
						<SP ID="P32_SP00139" HPOS="1939" VPOS="2172" WIDTH="50"/>
						<String ID="P32_ST00159" HPOS="1989" VPOS="2119" WIDTH="111" HEIGHT="40" CONTENT="aus" WC="1.00" CC="000"/>
						<SP ID="P32_SP00140" HPOS="2100" VPOS="2172" WIDTH="46"/>
						<String ID="P32_ST00160" HPOS="2146" VPOS="2089" WIDTH="127" HEIGHT="71" CONTENT="den" WC="0.99" CC="003"/>
						<SP ID="P32_SP00141" HPOS="2273" VPOS="2172" WIDTH="48"/>
						<String ID="P32_ST00161" HPOS="2321" VPOS="2088" WIDTH="254" HEIGHT="85" CONTENT="Augen," WC="1.00" CC="000000"/>
						<SP ID="P32_SP00142" HPOS="2575" VPOS="2173" WIDTH="52"/>
						<String ID="P32_ST00162" HPOS="2627" VPOS="2090" WIDTH="90" HEIGHT="70" CONTENT="als" WC="0.98" CC="050"/>
						<SP ID="P32_SP00143" HPOS="2717" VPOS="2173" WIDTH="47"/>
						<String ID="P32_ST00163" HPOS="2764" VPOS="2089" WIDTH="106" HEIGHT="72" CONTENT="ich" WC="0.98" CC="600"/>
						<SP ID="P32_SP00144" HPOS="2870" VPOS="2173" WIDTH="34"/>
						<String ID="P32_ST00164" HPOS="2904" VPOS="2090" WIDTH="101" HEIGHT="73" CONTENT="ihr" WC="0.96" CC="506"/>
						<SP ID="P32_SP00145" HPOS="3005" VPOS="2173" WIDTH="33"/>
						<String ID="P32_ST00165" HPOS="3038" VPOS="2088" WIDTH="171" HEIGHT="73" CONTENT="Eure" WC="0.99" CC="0400"/>
					</TextLine>
					<TextLine ID="P32_TL00021" HPOS="937" VPOS="2182" WIDTH="871" HEIGHT="83">
						<String ID="P32_ST00166" HPOS="937" VPOS="2182" WIDTH="494" HEIGHT="83" CONTENT="Eigenschaften" WC="1.00" CC="1600700005001"/>
						<SP ID="P32_SP00146" HPOS="1431" VPOS="2265" WIDTH="36"/>
						<String ID="P32_ST00167" HPOS="1467" VPOS="2182" WIDTH="341" HEIGHT="73" CONTENT="aufzählte." WC="0.99" CC="0460003003"/>
					</TextLine>
					<TextLine ID="P32_TL00022" HPOS="1033" VPOS="2276" WIDTH="2171" HEIGHT="85">
						<String ID="P32_ST00168" HPOS="1033" VPOS="2276" WIDTH="422" HEIGHT="85" CONTENT="Geiziger:" WC="0.99" CC="006070324"/>
						<SP ID="P32_SP00147" HPOS="1455" VPOS="2361" WIDTH="53"/>
						<String ID="P32_ST00169" HPOS="1508" VPOS="2278" WIDTH="225" HEIGHT="70" CONTENT="Damit" WC="0.99" CC="00060"/>
						<SP ID="P32_SP00148" HPOS="1733" VPOS="2361" WIDTH="51"/>
						<String ID="P32_ST00170" HPOS="1784" VPOS="2278" WIDTH="155" HEIGHT="73" CONTENT="habt" WC="0.97" CC="0471"/>
						<SP ID="P32_SP00149" HPOS="1939" VPOS="2361" WIDTH="52"/>
						<String ID="P32_ST00171" HPOS="1991" VPOS="2278" WIDTH="104" HEIGHT="70" CONTENT="Ihr" WC="0.97" CC="070"/>
						<SP ID="P32_SP00150" HPOS="2095" VPOS="2361" WIDTH="52"/>
						<String ID="P32_ST00172" HPOS="2147" VPOS="2281" WIDTH="122" HEIGHT="67" CONTENT="mir" WC="0.97" CC="070"/>
						<SP ID="P32_SP00151" HPOS="2269" VPOS="2361" WIDTH="50"/>
						<String ID="P32_ST00173" HPOS="2319" VPOS="2281" WIDTH="189" HEIGHT="70" CONTENT="einen" WC="0.98" CC="06502"/>
						<SP ID="P32_SP00152" HPOS="2508" VPOS="2361" WIDTH="37"/>
						<String ID="P32_ST00174" HPOS="2545" VPOS="2277" WIDTH="297" HEIGHT="74" CONTENT="Gefallen" WC="0.99" CC="00605100"/>
						<SP ID="P32_SP00153" HPOS="2842" VPOS="2361" WIDTH="38"/>
						<String ID="P32_ST00175" HPOS="2880" VPOS="2282" WIDTH="324" HEIGHT="79" CONTENT="erwiesen," WC="0.99" CC="030600072"/>
					</TextLine>
					<TextLine ID="P32_TL00023" HPOS="936" VPOS="2371" WIDTH="1305" HEIGHT="74">
						<String ID="P32_ST00176" HPOS="936" VPOS="2372" WIDTH="138" HEIGHT="71" CONTENT="und" WC="0.98" CC="500"/>
						<SP ID="P32_SP00154" HPOS="1074" VPOS="2443" WIDTH="37"/>
						<String ID="P32_ST00177" HPOS="1111" VPOS="2372" WIDTH="109" HEIGHT="70" CONTENT="bin" WC="0.94" CC="761"/>
						<SP ID="P32_SP00155" HPOS="1220" VPOS="2443" WIDTH="36"/>
						<String ID="P32_ST00178" HPOS="1256" VPOS="2371" WIDTH="181" HEIGHT="71" CONTENT="Euch" WC="0.98" CC="0307"/>
						<SP ID="P32_SP00156" HPOS="1437" VPOS="2443" WIDTH="35"/>
						<String ID="P32_ST00179" HPOS="1472" VPOS="2371" WIDTH="308" HEIGHT="74" CONTENT="dankbar." WC="0.99" CC="03407003"/>
						<SP ID="P32_SP00157" HPOS="1780" VPOS="2445" WIDTH="55"/>
						<String ID="P32_ST00180" HPOS="1835" VPOS="2372" WIDTH="72" HEIGHT="71" CONTENT="In" WC="0.73" CC="50"/>
						<SP ID="P32_SP00158" HPOS="1907" VPOS="2445" WIDTH="36"/>
						<String ID="P32_ST00181" HPOS="1943" VPOS="2372" WIDTH="114" HEIGHT="71" CONTENT="der" WC="1.00" CC="000"/>
						<SP ID="P32_SP00159" HPOS="2057" VPOS="2445" WIDTH="33"/>
						<String ID="P32_ST00182" HPOS="2090" VPOS="2371" WIDTH="151" HEIGHT="74" CONTENT="Tat." WC="1.00" CC="0001"/>
					</TextLine>
					<TextLine ID="P32_TL00024" HPOS="1031" VPOS="2466" WIDTH="2175" HEIGHT="87">
						<String ID="P32_ST00183" HPOS="1031" VPOS="2466" WIDTH="546" HEIGHT="75" CONTENT="Schuwitsch:" WC="0.79" CC="00700500072"/>
						<SP ID="P32_SP00160" HPOS="1577" VPOS="2541" WIDTH="66"/>
						<String ID="P32_ST00184" HPOS="1643" VPOS="2467" WIDTH="159" HEIGHT="72" CONTENT="Und" WC="0.99" CC="100"/>
						<SP ID="P32_SP00161" HPOS="1802" VPOS="2541" WIDTH="49"/>
						<String ID="P32_ST00185" HPOS="1851" VPOS="2469" WIDTH="104" HEIGHT="70" CONTENT="ich" WC="0.95" CC="660"/>
						<SP ID="P32_SP00162" HPOS="1955" VPOS="2541" WIDTH="51"/>
						<String ID="P32_ST00186" HPOS="2006" VPOS="2466" WIDTH="203" HEIGHT="83" CONTENT="Euch," WC="0.99" CC="04000"/>
						<SP ID="P32_SP00163" HPOS="2209" VPOS="2549" WIDTH="55"/>
						<String ID="P32_ST00187" HPOS="2264" VPOS="2469" WIDTH="305" HEIGHT="84" CONTENT="gnädiger" WC="1.00" CC="01007000"/>
						<SP ID="P32_SP00164" HPOS="2569" VPOS="2553" WIDTH="49"/>
						<String ID="P32_ST00188" HPOS="2618" VPOS="2467" WIDTH="190" HEIGHT="82" CONTENT="Herr," WC="1.00" CC="00001"/>
						<SP ID="P32_SP00165" HPOS="2808" VPOS="2553" WIDTH="52"/>
						<String ID="P32_ST00189" HPOS="2860" VPOS="2499" WIDTH="186" HEIGHT="41" CONTENT="wenn" WC="1.00" CC="0000"/>
						<SP ID="P32_SP00166" HPOS="3046" VPOS="2553" WIDTH="54"/>
						<String ID="P32_ST00190" HPOS="3100" VPOS="2469" WIDTH="106" HEIGHT="71" CONTENT="Ihr" WC="0.99" CC="002"/>
					</TextLine>
					<TextLine ID="P32_TL00025" HPOS="934" VPOS="2561" WIDTH="1063" HEIGHT="74">
						<String ID="P32_ST00191" HPOS="934" VPOS="2564" WIDTH="124" HEIGHT="71" CONTENT="mir" WC="0.95" CC="065"/>
						<SP ID="P32_SP00167" HPOS="1058" VPOS="2635" WIDTH="34"/>
						<String ID="P32_ST00192" HPOS="1092" VPOS="2564" WIDTH="66" HEIGHT="69" CONTENT="in" WC="0.66" CC="60"/>
						<SP ID="P32_SP00168" HPOS="1158" VPOS="2635" WIDTH="35"/>
						<String ID="P32_ST00193" HPOS="1193" VPOS="2563" WIDTH="114" HEIGHT="70" CONTENT="der" WC="1.00" CC="000"/>
						<SP ID="P32_SP00169" HPOS="1307" VPOS="2635" WIDTH="33"/>
						<String ID="P32_ST00194" HPOS="1340" VPOS="2561" WIDTH="443" HEIGHT="73" CONTENT="Prozeßsache" WC="1.00" CC="00300000400"/>
						<SP ID="P32_SP00170" HPOS="1783" VPOS="2635" WIDTH="34"/>
						<String ID="P32_ST00195" HPOS="1817" VPOS="2561" WIDTH="180" HEIGHT="72" CONTENT="helft." WC="0.98" CC="016703"/>
					</TextLine>
					<TextLine ID="P32_TL00026" HPOS="1030" VPOS="2654" WIDTH="2173" HEIGHT="85">
						<String ID="P32_ST00196" HPOS="1030" VPOS="2654" WIDTH="383" HEIGHT="85" CONTENT="Geiziger" WC="0.99" CC="00506306"/>
						<SP ID="P32_SP00171" HPOS="1413" VPOS="2739" WIDTH="18"/>
						<String ID="P32_ST00197" HPOS="1431" VPOS="2687" WIDTH="13" HEIGHT="40" CONTENT=":" WC="0.60" CC="3"/>
						<SP ID="P32_SP00172" HPOS="1444" VPOS="2739" WIDTH="54"/>
						<String ID="P32_ST00198" HPOS="1498" VPOS="2655" WIDTH="159" HEIGHT="73" CONTENT="Und" WC="1.00" CC="000"/>
						<SP ID="P32_SP00173" HPOS="1657" VPOS="2739" WIDTH="34"/>
						<String ID="P32_ST00199" HPOS="1691" VPOS="2687" WIDTH="136" HEIGHT="40" CONTENT="nun" WC="0.98" CC="050"/>
						<SP ID="P32_SP00174" HPOS="1827" VPOS="2739" WIDTH="37"/>
						<String ID="P32_ST00200" HPOS="1864" VPOS="2657" WIDTH="159" HEIGHT="71" CONTENT="muß" WC="0.97" CC="070"/>
						<SP ID="P32_SP00175" HPOS="2023" VPOS="2739" WIDTH="26"/>
						<String ID="P32_ST00201" HPOS="2049" VPOS="2657" WIDTH="103" HEIGHT="72" CONTENT="ich" WC="0.97" CC="700"/>
						<SP ID="P32_SP00176" HPOS="2152" VPOS="2739" WIDTH="26"/>
						<String ID="P32_ST00202" HPOS="2178" VPOS="2657" WIDTH="112" HEIGHT="71" CONTENT="auf" WC="0.97" CC="006"/>
						<SP ID="P32_SP00177" HPOS="2290" VPOS="2739" WIDTH="24"/>
						<String ID="P32_ST00203" HPOS="2314" VPOS="2658" WIDTH="103" HEIGHT="70" CONTENT="die" WC="0.97" CC="060"/>
						<SP ID="P32_SP00178" HPOS="2417" VPOS="2739" WIDTH="26"/>
						<String ID="P32_ST00204" HPOS="2443" VPOS="2657" WIDTH="222" HEIGHT="72" CONTENT="Börse." WC="0.99" CC="006003"/>
						<SP ID="P32_SP00179" HPOS="2665" VPOS="2739" WIDTH="37"/>
						<String ID="P32_ST00205" HPOS="2702" VPOS="2655" WIDTH="352" HEIGHT="74" CONTENT="Geschäfte" WC="1.00" CC="200000620"/>
						<SP ID="P32_SP00180" HPOS="3054" VPOS="2739" WIDTH="27"/>
						<String ID="P32_ST00206" HPOS="3081" VPOS="2688" WIDTH="122" HEIGHT="42" CONTENT="von" WC="0.97" CC="025"/>
					</TextLine>
					<TextLine ID="P32_TL00027" HPOS="936" VPOS="2751" WIDTH="768" HEIGHT="85">
						<String ID="P32_ST00207" HPOS="936" VPOS="2752" WIDTH="299" HEIGHT="72" CONTENT="höchster" WC="1.00" CC="00001002"/>
						<SP ID="P32_SP00181" HPOS="1235" VPOS="2824" WIDTH="33"/>
						<String ID="P32_ST00208" HPOS="1268" VPOS="2751" WIDTH="436" HEIGHT="85" CONTENT="Wichtigkeit." WC="0.99" CC="060005500604"/>
						<SP ID="P32_SP00182" HPOS="1704" VPOS="2836" WIDTH="0"/>
					</TextLine>
					<TextLine ID="P32_TL00028" HPOS="1030" VPOS="2846" WIDTH="2032" HEIGHT="85">
						<String ID="P32_ST00209" HPOS="1030" VPOS="2846" WIDTH="543" HEIGHT="72" CONTENT="Schuwitsch:" WC="0.93" CC="01000600000"/>
						<SP ID="P32_SP00183" HPOS="1573" VPOS="2918" WIDTH="54"/>
						<String ID="P32_ST00210" HPOS="1627" VPOS="2847" WIDTH="108" HEIGHT="73" CONTENT="Ihr" WC="0.96" CC="504"/>
						<SP ID="P32_SP00184" HPOS="1735" VPOS="2920" WIDTH="33"/>
						<String ID="P32_ST00211" HPOS="1768" VPOS="2847" WIDTH="252" HEIGHT="71" CONTENT="würdet" WC="1.00" CC="000000"/>
						<SP ID="P32_SP00185" HPOS="2020" VPOS="2920" WIDTH="35"/>
						<String ID="P32_ST00212" HPOS="2055" VPOS="2848" WIDTH="121" HEIGHT="69" CONTENT="mir" WC="0.98" CC="032"/>
						<SP ID="P32_SP00186" HPOS="2176" VPOS="2920" WIDTH="35"/>
						<String ID="P32_ST00213" HPOS="2211" VPOS="2878" WIDTH="112" HEIGHT="39" CONTENT="aus" WC="0.99" CC="100"/>
						<SP ID="P32_SP00187" HPOS="2323" VPOS="2920" WIDTH="36"/>
						<String ID="P32_ST00214" HPOS="2359" VPOS="2846" WIDTH="262" HEIGHT="85" CONTENT="größter" WC="0.99" CC="0040400"/>
						<SP ID="P32_SP00188" HPOS="2621" VPOS="2931" WIDTH="34"/>
						<String ID="P32_ST00215" HPOS="2655" VPOS="2847" WIDTH="137" HEIGHT="71" CONTENT="Not" WC="1.00" CC="000"/>
						<SP ID="P32_SP00189" HPOS="2792" VPOS="2931" WIDTH="35"/>
						<String ID="P32_ST00216" HPOS="2827" VPOS="2847" WIDTH="235" HEIGHT="73" CONTENT="helfen." WC="0.99" CC="0027023"/>
					</TextLine>
					<TextLine ID="P32_TL00029" HPOS="1030" VPOS="2940" WIDTH="2176" HEIGHT="84">
						<String ID="P32_ST00217" HPOS="1030" VPOS="2940" WIDTH="423" HEIGHT="84" CONTENT="Geiziger:" WC="0.99" CC="005050013"/>
						<SP ID="P32_SP00190" HPOS="1453" VPOS="3024" WIDTH="54"/>
						<String ID="P32_ST00218" HPOS="1507" VPOS="2941" WIDTH="181" HEIGHT="81" CONTENT="Seht," WC="1.00" CC="00001"/>
						<SP ID="P32_SP00191" HPOS="1688" VPOS="3024" WIDTH="53"/>
						<String ID="P32_ST00219" HPOS="1741" VPOS="2973" WIDTH="71" HEIGHT="39" CONTENT="so" WC="0.76" CC="04"/>
						<SP ID="P32_SP00192" HPOS="1812" VPOS="3024" WIDTH="52"/>
						<String ID="P32_ST00220" HPOS="1864" VPOS="2942" WIDTH="150" HEIGHT="82" CONTENT="geht" WC="1.00" CC="0000"/>
						<SP ID="P32_SP00193" HPOS="2014" VPOS="3024" WIDTH="44"/>
						<String ID="P32_ST00221" HPOS="2058" VPOS="2973" WIDTH="66" HEIGHT="39" CONTENT="es" WC="1.00" CC="00"/>
						<SP ID="P32_SP00194" HPOS="2124" VPOS="3024" WIDTH="52"/>
						<String ID="P32_ST00222" HPOS="2176" VPOS="2944" WIDTH="252" HEIGHT="68" CONTENT="immer." WC="0.99" CC="400003"/>
						<SP ID="P32_SP00195" HPOS="2428" VPOS="3024" WIDTH="55"/>
						<String ID="P32_ST00223" HPOS="2483" VPOS="2941" WIDTH="161" HEIGHT="73" CONTENT="Man" WC="1.00" CC="000"/>
						<SP ID="P32_SP00196" HPOS="2644" VPOS="3024" WIDTH="38"/>
						<String ID="P32_ST00224" HPOS="2682" VPOS="2944" WIDTH="107" HEIGHT="70" CONTENT="hat" WC="1.00" CC="000"/>
						<SP ID="P32_SP00197" HPOS="2789" VPOS="3024" WIDTH="35"/>
						<String ID="P32_ST00225" HPOS="2824" VPOS="2944" WIDTH="169" HEIGHT="70" CONTENT="doch" WC="1.00" CC="0000"/>
						<SP ID="P32_SP00198" HPOS="2993" VPOS="3024" WIDTH="34"/>
						<String ID="P32_ST00226" HPOS="3027" VPOS="2944" WIDTH="179" HEIGHT="71" CONTENT="nicht" WC="0.99" CC="06000"/>
					</TextLine>
					<TextLine ID="P32_TL00030" HPOS="937" VPOS="3034" WIDTH="2267" HEIGHT="86">
						<String ID="P32_ST00227" HPOS="937" VPOS="3038" WIDTH="100" HEIGHT="68" CONTENT="ein" WC="0.98" CC="060"/>
						<SP ID="P32_SP00199" HPOS="1037" VPOS="3106" WIDTH="31"/>
						<String ID="P32_ST00228" HPOS="1068" VPOS="3034" WIDTH="278" HEIGHT="74" CONTENT="bißchen" WC="0.99" CC="7502003"/>
						<SP ID="P32_SP00200" HPOS="1346" VPOS="3108" WIDTH="29"/>
						<String ID="P32_ST00229" HPOS="1375" VPOS="3035" WIDTH="207" HEIGHT="80" CONTENT="Ruhe," WC="0.99" CC="06001"/>
						<SP ID="P32_SP00201" HPOS="1582" VPOS="3115" WIDTH="29"/>
						<String ID="P32_ST00230" HPOS="1611" VPOS="3036" WIDTH="136" HEIGHT="73" CONTENT="sich" WC="1.00" CC="0000"/>
						<SP ID="P32_SP00202" HPOS="1747" VPOS="3115" WIDTH="26"/>
						<String ID="P32_ST00231" HPOS="1773" VPOS="3066" WIDTH="125" HEIGHT="40" CONTENT="von" WC="0.97" CC="061"/>
						<SP ID="P32_SP00203" HPOS="1898" VPOS="3115" WIDTH="28"/>
						<String ID="P32_ST00232" HPOS="1926" VPOS="3035" WIDTH="442" HEIGHT="84" CONTENT="angenehmen" WC="1.00" CC="0000200000"/>
						<SP ID="P32_SP00204" HPOS="2368" VPOS="3119" WIDTH="22"/>
						<String ID="P32_ST00233" HPOS="2390" VPOS="3035" WIDTH="260" HEIGHT="85" CONTENT="Dingen" WC="0.99" CC="063000"/>
						<SP ID="P32_SP00205" HPOS="2650" VPOS="3120" WIDTH="27"/>
						<String ID="P32_ST00234" HPOS="2677" VPOS="3067" WIDTH="80" HEIGHT="41" CONTENT="zu" WC="0.81" CC="03"/>
						<SP ID="P32_SP00206" HPOS="2757" VPOS="3120" WIDTH="18"/>
						<String ID="P32_ST00235" HPOS="2775" VPOS="3038" WIDTH="429" HEIGHT="70" CONTENT="unterhalten." WC="1.00" CC="400030010004"/>
					</TextLine>
					<TextLine ID="P32_TL00031" HPOS="933" VPOS="3129" WIDTH="1310" HEIGHT="85">
						<String ID="P32_ST00236" HPOS="933" VPOS="3129" WIDTH="95" HEIGHT="85" CONTENT="Ja," WC="0.98" CC="103"/>
						<SP ID="P32_SP00207" HPOS="1028" VPOS="3214" WIDTH="38"/>
						<String ID="P32_ST00237" HPOS="1066" VPOS="3132" WIDTH="111" HEIGHT="68" CONTENT="das" WC="1.00" CC="000"/>
						<SP ID="P32_SP00208" HPOS="1177" VPOS="3214" WIDTH="38"/>
						<String ID="P32_ST00238" HPOS="1215" VPOS="3129" WIDTH="224" HEIGHT="72" CONTENT="Leben" WC="0.98" CC="30700"/>
						<SP ID="P32_SP00209" HPOS="1439" VPOS="3214" WIDTH="38"/>
						<String ID="P32_ST00239" HPOS="1477" VPOS="3132" WIDTH="108" HEIGHT="71" CONTENT="hat" WC="0.96" CC="720"/>
						<SP ID="P32_SP00210" HPOS="1585" VPOS="3214" WIDTH="35"/>
						<String ID="P32_ST00240" HPOS="1620" VPOS="3132" WIDTH="142" HEIGHT="69" CONTENT="eine" WC="1.00" CC="0200"/>
						<SP ID="P32_SP00211" HPOS="1762" VPOS="3214" WIDTH="36"/>
						<String ID="P32_ST00241" HPOS="1798" VPOS="3132" WIDTH="197" HEIGHT="69" CONTENT="rauhe" WC="0.99" CC="60400"/>
						<SP ID="P32_SP00212" HPOS="1995" VPOS="3214" WIDTH="34"/>
						<String ID="P32_ST00242" HPOS="2029" VPOS="3129" WIDTH="214" HEIGHT="72" CONTENT="Hand." WC="0.99" CC="00104"/>
					</TextLine>
					<TextLine ID="P32_TL00032" HPOS="1028" VPOS="3224" WIDTH="2178" HEIGHT="88">
						<String ID="P32_ST00243" HPOS="1028" VPOS="3224" WIDTH="545" HEIGHT="74" CONTENT="Schuwitsch:" WC="0.95" CC="00000500000"/>
						<SP ID="P32_SP00213" HPOS="1573" VPOS="3298" WIDTH="55"/>
						<String ID="P32_ST00244" HPOS="1628" VPOS="3226" WIDTH="110" HEIGHT="72" CONTENT="Ich" WC="0.98" CC="500"/>
						<SP ID="P32_SP00214" HPOS="1738" VPOS="3298" WIDTH="33"/>
						<String ID="P32_ST00245" HPOS="1771" VPOS="3227" WIDTH="221" HEIGHT="70" CONTENT="würde" WC="1.00" CC="00300"/>
						<SP ID="P32_SP00215" HPOS="1992" VPOS="3298" WIDTH="28"/>
						<String ID="P32_ST00246" HPOS="2020" VPOS="3224" WIDTH="182" HEIGHT="74" CONTENT="Euch" WC="0.99" CC="0030"/>
						<SP ID="P32_SP00216" HPOS="2202" VPOS="3298" WIDTH="27"/>
						<String ID="P32_ST00247" HPOS="2229" VPOS="3227" WIDTH="205" HEIGHT="82" CONTENT="gewiß" WC="0.99" CC="00060"/>
						<SP ID="P32_SP00217" HPOS="2434" VPOS="3309" WIDTH="27"/>
						<String ID="P32_ST00248" HPOS="2461" VPOS="3227" WIDTH="179" HEIGHT="72" CONTENT="nicht" WC="0.99" CC="26000"/>
						<SP ID="P32_SP00218" HPOS="2640" VPOS="3309" WIDTH="28"/>
						<String ID="P32_ST00249" HPOS="2668" VPOS="3227" WIDTH="375" HEIGHT="85" CONTENT="belästigen," WC="1.00" CC="70400060002"/>
						<SP ID="P32_SP00219" HPOS="3043" VPOS="3312" WIDTH="35"/>
						<String ID="P32_ST00250" HPOS="3078" VPOS="3241" WIDTH="128" HEIGHT="57" CONTENT="wär" WC="0.95" CC="001"/>
					</TextLine>
					<TextLine ID="P32_TL00033" HPOS="931" VPOS="3318" WIDTH="1751" HEIGHT="87">
						<String ID="P32_ST00251" HPOS="931" VPOS="3320" WIDTH="105" HEIGHT="71" CONTENT="ich" WC="0.95" CC="707"/>
						<SP ID="P32_SP00220" HPOS="1036" VPOS="3391" WIDTH="36"/>
						<String ID="P32_ST00252" HPOS="1072" VPOS="3321" WIDTH="180" HEIGHT="70" CONTENT="nicht" WC="0.99" CC="17000"/>
						<SP ID="P32_SP00221" HPOS="1252" VPOS="3391" WIDTH="34"/>
						<String ID="P32_ST00253" HPOS="1286" VPOS="3321" WIDTH="205" HEIGHT="70" CONTENT="durch" WC="0.99" CC="05500"/>
						<SP ID="P32_SP00222" HPOS="1491" VPOS="3391" WIDTH="35"/>
						<String ID="P32_ST00254" HPOS="1526" VPOS="3321" WIDTH="104" HEIGHT="70" CONTENT="die" WC="0.97" CC="070"/>
						<SP ID="P32_SP00223" HPOS="1630" VPOS="3391" WIDTH="33"/>
						<String ID="P32_ST00255" HPOS="1663" VPOS="3321" WIDTH="400" HEIGHT="71" CONTENT="schlimmste" WC="1.00" CC="0005700000"/>
						<SP ID="P32_SP00224" HPOS="2063" VPOS="3392" WIDTH="35"/>
						<String ID="P32_ST00256" HPOS="2098" VPOS="3318" WIDTH="136" HEIGHT="73" CONTENT="Not" WC="0.97" CC="053"/>
						<SP ID="P32_SP00225" HPOS="2234" VPOS="3392" WIDTH="35"/>
						<String ID="P32_ST00257" HPOS="2269" VPOS="3350" WIDTH="413" HEIGHT="55" CONTENT="gezwungen." WC="1.00" CC="5000020003"/>
					</TextLine>
					<TextLine ID="P32_TL00034" HPOS="1028" VPOS="3414" WIDTH="2175" HEIGHT="83">
						<String ID="P32_ST00258" HPOS="1028" VPOS="3414" WIDTH="414" HEIGHT="83" CONTENT="Geiziger:" WC="0.99" CC="204070000"/>
						<SP ID="P32_SP00226" HPOS="1442" VPOS="3497" WIDTH="52"/>
						<String ID="P32_ST00259" HPOS="1494" VPOS="3414" WIDTH="168" HEIGHT="72" CONTENT="Zum" WC="0.99" CC="030"/>
						<SP ID="P32_SP00227" HPOS="1662" VPOS="3497" WIDTH="48"/>
						<String ID="P32_ST00260" HPOS="1710" VPOS="3414" WIDTH="238" HEIGHT="72" CONTENT="Abend" WC="0.98" CC="07040"/>
						<SP ID="P32_SP00228" HPOS="1948" VPOS="3497" WIDTH="49"/>
						<String ID="P32_ST00261" HPOS="1997" VPOS="3415" WIDTH="131" HEIGHT="71" CONTENT="also" WC="0.99" CC="0300"/>
						<SP ID="P32_SP00229" HPOS="2128" VPOS="3497" WIDTH="52"/>
						<String ID="P32_ST00262" HPOS="2180" VPOS="3415" WIDTH="362" HEIGHT="72" CONTENT="Marianne." WC="0.99" CC="004601003"/>
						<SP ID="P32_SP00230" HPOS="2542" VPOS="3497" WIDTH="55"/>
						<String ID="P32_ST00263" HPOS="2597" VPOS="3416" WIDTH="110" HEIGHT="71" CONTENT="Ich" WC="0.97" CC="007"/>
						<SP ID="P32_SP00231" HPOS="2707" VPOS="3497" WIDTH="37"/>
						<String ID="P32_ST00264" HPOS="2744" VPOS="3416" WIDTH="113" HEIGHT="71" CONTENT="bin" WC="0.96" CC="740"/>
						<SP ID="P32_SP00232" HPOS="2857" VPOS="3497" WIDTH="34"/>
						<String ID="P32_ST00265" HPOS="2891" VPOS="3434" WIDTH="312" HEIGHT="55" CONTENT="erwartet." WC="1.00" CC="000350003"/>
					</TextLine>
					<TextLine ID="P32_TL00035" HPOS="927" VPOS="3509" WIDTH="853" HEIGHT="81">
						<String ID="P32_ST00266" HPOS="927" VPOS="3509" WIDTH="141" HEIGHT="71" CONTENT="Auf" WC="0.96" CC="046"/>
						<SP ID="P32_SP00233" HPOS="1068" VPOS="3580" WIDTH="32"/>
						<String ID="P32_ST00267" HPOS="1100" VPOS="3509" WIDTH="481" HEIGHT="72" CONTENT="Wiedersehen." WC="1.00" CC="050000007003"/>
						<SP ID="P32_SP00234" HPOS="1581" VPOS="3581" WIDTH="53"/>
						<String ID="P32_ST00268" HPOS="1634" VPOS="3519" WIDTH="146" HEIGHT="71" CONTENT="(Ab.)" WC="0.98" CC="00740" STYLEREFS="TXT_3"/>
					</TextLine>
					<TextLine ID="P32_TL00036" HPOS="1025" VPOS="3604" WIDTH="2176" HEIGHT="81">
						<String ID="P32_ST00269" HPOS="1025" VPOS="3604" WIDTH="513" HEIGHT="75" CONTENT="Schuwitsch" WC="0.99" CC="0001000000"/>
						<SP ID="P32_SP00235" HPOS="1538" VPOS="3679" WIDTH="50"/>
						<String ID="P32_ST00270" HPOS="1588" VPOS="3616" WIDTH="225" HEIGHT="69" CONTENT="(allein):" WC="0.99" CC="000406212" STYLEREFS="TXT_3"/>
						<SP ID="P32_SP00236" HPOS="1813" VPOS="3685" WIDTH="52"/>
						<String ID="P32_ST00271" HPOS="1865" VPOS="3605" WIDTH="151" HEIGHT="73" CONTENT="Daß" WC="1.00" CC="000"/>
						<SP ID="P32_SP00237" HPOS="2016" VPOS="3685" WIDTH="49"/>
						<String ID="P32_ST00272" HPOS="2065" VPOS="3607" WIDTH="150" HEIGHT="71" CONTENT="dich" WC="0.99" CC="0200"/>
						<SP ID="P32_SP00238" HPOS="2215" VPOS="3685" WIDTH="50"/>
						<String ID="P32_ST00273" HPOS="2265" VPOS="3607" WIDTH="111" HEIGHT="69" CONTENT="das" WC="1.00" CC="000"/>
						<SP ID="P32_SP00239" HPOS="2376" VPOS="3685" WIDTH="53"/>
						<String ID="P32_ST00274" HPOS="2429" VPOS="3605" WIDTH="165" HEIGHT="73" CONTENT="kalte" WC="1.00" CC="00300"/>
						<SP ID="P32_SP00240" HPOS="2594" VPOS="3685" WIDTH="49"/>
						<String ID="P32_ST00275" HPOS="2643" VPOS="3605" WIDTH="226" HEIGHT="73" CONTENT="Fieber" WC="0.98" CC="360701"/>
						<SP ID="P32_SP00241" HPOS="2869" VPOS="3685" WIDTH="49"/>
						<String ID="P32_ST00276" HPOS="2918" VPOS="3637" WIDTH="80" HEIGHT="41" CONTENT="zu" WC="1.00" CC="00"/>
						<SP ID="P32_SP00242" HPOS="2998" VPOS="3685" WIDTH="42"/>
						<String ID="P32_ST00277" HPOS="3040" VPOS="3605" WIDTH="161" HEIGHT="71" CONTENT="allen" WC="0.98" CC="01606"/>
					</TextLine>
					<TextLine ID="P32_TL00037" HPOS="931" VPOS="3699" WIDTH="1322" HEIGHT="81">
						<String ID="P32_ST00278" HPOS="931" VPOS="3699" WIDTH="283" HEIGHT="71" CONTENT="Teufeln" WC="0.99" CC="0054340"/>
						<SP ID="P32_SP00243" HPOS="1214" VPOS="3770" WIDTH="37"/>
						<String ID="P32_ST00279" HPOS="1251" VPOS="3699" WIDTH="263" HEIGHT="81" CONTENT="schalle," WC="0.99" CC="00707700"/>
						<SP ID="P32_SP00244" HPOS="1514" VPOS="3780" WIDTH="34"/>
						<String ID="P32_ST00280" HPOS="1548" VPOS="3701" WIDTH="432" HEIGHT="71" CONTENT="verdammter" WC="1.00" CC="0040200001"/>
						<SP ID="P32_SP00245" HPOS="1980" VPOS="3780" WIDTH="35"/>
						<String ID="P32_ST00281" HPOS="2015" VPOS="3699" WIDTH="238" HEIGHT="73" CONTENT="Hund!" WC="0.99" CC="00006"/>
					</TextLine>
				</TextBlock>
			</PrintSpace>
		</Page>
	</Layout>
</alto>
