3332 4572
1015 388 181 53 Franz
1224 389 126 54 Blei
1387 406 20 25 *
1447 391 113 54 Der
1584 393 212 70 Geizige

2454 396 76 59 97

369 594 275 71 Luise:
695 590 432 72 Schlimmer?
1174 590 251 75 Kann’s
1461 595 173 73 denn
1670 598 213 71 noch?

366 687 372 73 Bähette:
788 685 167 85 Jetzt
1004 687 106 71 hat
1159 685 166 73 Euer
1362 687 192 73 Vater
1598 690 166 72 noch
1811 697 190 67 einen
2051 693 246 81 Helfer,
2341 694 185 71 einen

273 783 394 76 Sekretarius
695 784 121 69 wie
836 810 66 42 er
930 781 135 72 sich
1094 801 222 62 nennt,
1421 783 112 72 der
1550 786 211 71 wahre
1778 784 252 84 Teufel,
2060 819 108 54 sag
2192 788 105 71 ich
2316 787 209 72 Euch!

273 882 134 71 Das
445 880 81 67 ist
559 878 103 69 ein
698 875 215 72 Tanz!
966 875 171 82 War,
1173 876 166 71 weiß
1372 875 182 83 Gott,
1589 909 81 40 an
1705 881 147 70 dem
1886 880 193 75 Alten
2112 883 200 72 schon
2347 882 182 71 mehr

272 975 87 74 als
393 971 230 72 zuviel.

365 1068 279 69 Luise:
693 1065 137 71 Der
877 1063 219 87 König
1141 1064 118 71 soll
1305 1066 233 73 wieder
1576 1066 200 89 Krieg
1820 1069 304 82 bereiten,
2172 1090 135 68 sagt
2354 1101 174 52 man,

271 1195 199 57 gegen
506 1163 105 70 die
648 1159 300 72 Kaiserin
982 1162 67 69 in
1084 1159 212 72 Wien.

364 1258 102 71 Ba
482 1257 256 71 bette:
779 1256 199 85 Krieg
996 1254 282 74 wieder?
1306 1254 192 74 Noch
1523 1258 178 70 nicht
1719 1266 252 78 genug?
1999 1259 125 71 Die
2140 1289 176 41 arme
2336 1259 189 74 Frau.

366 1352 277 70 Luise:
681 1350 103 71 Da
812 1352 358 83 renvoyiert
1197 1380 148 41 man
1366 1380 125 42 was
1521 1351 175 71 nicht
1722 1352 361 85 hingehört,
2110 1353 239 71 schickt
2375 1353 150 73 alles

273 1447 294 79 Fremde,
595 1475 99 41 wo
720 1475 65 41 es
818 1444 282 71 herkam.
1136 1444 151 71 Wär
1314 1473 153 57 gern
1495 1447 167 70 noch
1688 1445 253 72 blieben
1969 1449 99 71 bei
2096 1449 112 71 der
2228 1447 297 73 Muhme.

273 1544 157 72 Und
465 1539 212 73 mußt’
713 1571 71 40 so
818 1540 200 72 heim.
1066 1539 127 81 Ah,
1230 1571 125 40 was
1392 1543 103 68 ein
1531 1539 216 72 Heim.

365 1635 380 73 Babette:
783 1634 111 72 Ich
929 1634 128 72 hab
1090 1635 102 70 dir
1225 1634 228 72 keinen
1488 1634 217 81 Trost,
1742 1639 171 69 mein
1951 1635 202 73 Kind.

367 1733 271 70 Luise:
693 1729 107 71 Ich
840 1729 185 83 weiß,
1061 1729 256 80 Amme,
1367 1731 89 69 du
1499 1732 231 68 meinst
1772 1760 65 42 es
1880 1748 136 68 gut.
2065 1728 158 72 Und
2256 1729 272 73 wüßtest

270 1827 109 81 du,
422 1830 123 67 wie
586 1856 126 41 von
764 1825 266 71 anderm
1077 1823 125 74 voll
1245 1827 122 70 mir
1409 1826 110 70 das
1565 1823 171 74 Herz
1785 1825 166 71 noch
1994 1827 102 79 ist,
2140 1826 88 70 du
2271 1823 255 74 hülfest.

364 1921 372 72 Babette:
790 1920 135 71 Das
962 1918 174 72 Herz
1170 1918 147 82 voll,
1353 1925 216 80 sagst?
1620 1920 193 70 Dann
1847 1918 127 72 bist
2008 1917 286 81 verliebt,
2338 1918 150 72 Luis-

275 2018 191 71 chen!
513 2014 247 72 Nicht?

366 2112 277 71 Luise:
677 2109 287 74 Verliebt
1098 2137 109 58 gar
1232 2108 144 73 kein
1405 2109 180 72 Wort
1613 2108 209 81 dafür,
1849 2108 263 72 Amme!
2139 2106 387 75 Verstorben

273 2209 64 70 in
374 2206 232 72 Liebe!
656 2204 208 73 Ganz.

362 2299 376 73 Babette:
809 2299 171 72 Kam
1028 2297 112 72 auf
1188 2298 231 73 einmal
1471 2297 163 74 über
1683 2297 174 72 dich.
1923 2296 160 72 Und
2131 2296 143 72 darf
2323 2294 205 74 man’s

268 2400 251 76 wissen,
555 2424 129 44 wer
718 2396 278 70 meinem
1034 2393 323 72 Luischen
1392 2392 112 71 das
1538 2411 273 68 angetan
1847 2393 156 70 hat?

364 2490 274 71 Luise:
691 2489 140 71 Laß
867 2489 170 71 mich
1072 2487 187 72 allein
1296 2489 226 80 damit,
1556 2487 291 72 Babette.

362 2585 372 73 Babette:
786 2584 91 72 So
911 2583 300 72 schlimm
1245 2581 183 74 ist’s?
1476 2583 184 70 Mein
1697 2581 357 72 Luischen!
2100 2589 146 71 (Ab.)

1385 2771 35 36 *

1115 2926 289 61 ZWEITE
1440 2926 254 59 SZENE.

1168 3089 215 57 Luise
1411 3087 224 77 (allein).

362 3215 243 74 Luise
639 3227 173 69 (packt
846 3252 93 32 aus
974 3228 144 56 einer
1146 3224 419 58 Reiseschachtel
1592 3224 115 56 eine
1735 3220 243 71 Haube):
2013 3209 183 86 Trug
2218 3210 103 70 ich
2356 3206 172 73 beim

267 3308 349 77 Abschied.
649 3313 144 71 Wie
827 3313 149 85 lang
1002 3312 136 80 her,
1174 3341 173 41 mein
1376 3308 194 72 Gott!
1606 3305 172 74 Zwei
1806 3305 289 74 Wochen
2120 3305 137 70 und
2291 3304 80 70 ist
2404 3332 124 41 mir

268 3406 137 71 eine
440 3407 334 86 Ewigkeit.
825 3408 128 70 Die
987 3404 358 73 Zittenadel
1380 3404 129 85 bog
1542 3432 66 42 er
1641 3401 203 73 schief
1876 3401 173 71 beim
2082 3399 231 70 letzten
2350 3395 176 73 Kuß.

270 3498 85 71 So
389 3501 174 74 blieb
597 3534 89 41 es.
734 3502 172 71 Kein
941 3500 281 73 Zeichen
1259 3530 124 41 von
1432 3500 136 71 ihm
1602 3498 255 71 seither.
1918 3495 252 71 Nichts.
2222 3492 156 71 Und
2410 3492 119 70 wie

268 3599 529 71 verschwunden.
849 3596 165 74 Sind
1060 3628 71 39 so
1179 3597 104 70 die
1324 3595 327 71 Männer?
1701 3592 128 80 Ah,
1879 3590 340 73 Heinrich!
2266 3587 263 70 Warum

272 3688 201 75 kamst
510 3696 66 69 in
611 3695 173 70 mein
821 3693 225 71 Leben
1080 3691 137 72 und
1253 3690 233 73 bliebst
1522 3690 223 71 nicht?
1796 3685 266 72 Warum
2096 3686 254 83 gingst?
