3389 4572
1661 391 185 52 Franz
1871 387 123 53 Blei
2033 405 20 23 ♦
2094 386 116 53 Der
2236 383 209 70 Geizige

922 392 110 60 104

1018 595 389 88 Joachim:
1466 593 107 69 Ihr
1606 590 315 79 wünscht,
1954 589 245 71 Vater?

1018 689 413 86 Geiziger:
1475 685 108 71 Ich
1619 684 124 74 hab
1779 687 117 68 mit
1930 684 99 70 dir
2062 713 152 41 vom
2246 680 307 71 Heiraten
2586 707 83 39 zu
2702 674 334 86 sprechen.

1018 784 394 85 Joachim:
1460 781 221 69 Vater!

1021 878 410 84 Geiziger:
1483 875 227 69 Macht
1743 873 99 70 dir
1873 873 112 70 das
2004 871 181 72 Wort
2225 873 227 80 angst?
2514 864 147 85 Sag,
2700 863 228 70 kennst
2965 861 89 69 du
3079 863 102 70 ein

925 974 355 77 Mädchen,
1341 972 110 70 das
1488 969 338 69 Marianne
1861 965 229 72 heißt?
2181 961 110 74 Ich
2327 962 207 73 meine
2565 985 141 51 nur,
2766 953 142 74 weil
2942 957 90 69 sie
3065 958 117 69 mit

927 1068 166 69 ihrer
1129 1065 251 71 Mutter
1424 1066 65 69 in
1529 1063 114 69 der
1677 1056 509 75 Nachbarschaft
2221 1055 237 80 wohnt,
2493 1052 137 71 und
2665 1051 90 70 du
2786 1079 126 41 von
2946 1049 100 71 ihr
3077 1078 70 54 ge-

928 1162 145 69 hört
1106 1159 205 71 haben
1348 1158 320 70 könntest.

1021 1254 391 85 Joachim:
1469 1252 112 70 Ich
1615 1249 207 71 kenne
1856 1248 112 72 das
2004 1247 350 77 Mädchen,
2381 1243 217 71 Vater.

1023 1346 415 86 Geiziger:
1490 1343 159 73 Und
1684 1344 120 70 wie
1836 1342 232 72 findest
2103 1341 87 69 du
2223 1341 140 68 sie?

1023 1442 390 85 Joachim:
1459 1440 110 70 Bei
1605 1436 185 81 Gott,
1826 1440 101 68 ein
1963 1432 465 75 entzückendes
2463 1424 353 87 Geschöpf.

1027 1536 413 84 Geiziger:
1492 1532 160 73 Und
1687 1532 135 70 ihre
1858 1531 259 71 Sitten?
2170 1526 419 72 Benehmen?

1026 1630 392 85 Joachim:
1469 1626 215 72 Holde
1724 1624 349 72 Sanftmut.

1027 1723 413 85 Geiziger:
1492 1722 113 69 Du
1654 1722 231 69 meinst
1934 1717 152 80 also,
2138 1713 127 73 daß
2313 1717 102 68 ein
2459 1710 246 73 solches
2743 1706 329 72 Mädchen
3120 1734 65 42 es

930 1818 173 73 wohl
1141 1817 320 79 verdiene,
1502 1813 128 72 daß
1664 1842 148 42 man
1847 1842 65 41 es
1955 1813 98 69 ins
2082 1808 184 85 Auge
2298 1804 135 73 faßt
2453 1813 29 62 ?

1031 1912 390 85 Joachim:
1471 1907 341 72 Glücklich
1847 1906 112 71 der
1993 1905 228 77 Mann,
2265 1901 114 71 der
2413 1898 337 73 Marianne
2783 1924 149 40 zum
2965 1891 222 73 Weibe

935 2009 265 70 nimmt!

1032 2098 413 85 Geiziger:
1498 2096 158 71 Und
1691 2092 126 73 daß
1851 2096 92 69 sie
1977 2094 140 70 eine
2143 2109 149 66 gute
2319 2086 323 74 Hausfrau
2667 2082 289 84 abgeben
2983 2079 203 72 wird?

1032 2193 390 84 Joachim:
1471 2189 127 71 Die
1634 2189 213 70 Sonne
1882 2189 89 69 im
2005 2185 247 70 Hause!

1033 2286 409 83 Geiziger:
1492 2283 133 71 Hat
1671 2310 120 43 nur
1840 2283 139 69 eine
2028 2274 492 86 Schwierigkeit.
2603 2272 107 72 Sie
2743 2269 181 80 wird,
2975 2266 215 73 fürcht

941 2381 124 80 ich,
1094 2378 176 73 nicht
1289 2377 120 72 viel
1427 2377 361 84 Vermögen
1807 2374 227 78 haben,
2072 2401 116 42 wie
2202 2400 147 42 man
2368 2399 67 41 es
2454 2367 166 71 wohl
2641 2364 339 84 verlangen
2999 2362 193 70 kann.

1032 2475 394 84 Joachim:
1475 2471 149 71 Was
1673 2471 244 69 kommt
1968 2498 66 40 es
2082 2466 139 71 hier
2269 2462 110 74 auf
2426 2461 171 72 Geld
2646 2491 103 50 an,
2800 2460 101 69 bei
2952 2456 239 71 diesem

941 2564 659 89 Himmelsgeschöpf!

1036 2661 406 86 Geiziger:
1470 2659 462 71 Redensarten!
1962 2653 185 73 Auch
2167 2654 105 70 die
2291 2644 661 91 Himmelsgeschöpfe
2971 2644 219 73 stellen

942 2755 278 72 irdische
1266 2753 382 85 Ansprüche
1696 2781 127 39 von
1873 2748 230 71 allerlei
2138 2745 121 70 Art
2305 2743 138 72 und
2491 2744 221 70 kosten
2758 2739 194 71 Geld.
3032 2736 158 71 Man

944 2863 239 59 müsste
1203 2849 216 79 sehen,
1456 2848 112 70 das
1591 2843 322 72 Fehlende
1939 2842 112 70 auf
2076 2841 370 85 irgendeine
2463 2838 234 71 andere
2716 2837 208 71 Weise
2942 2833 215 71 herein-

939 2943 494 71 zubekommen.

1038 3037 392 84 Joachim:
1482 3035 124 68 Die
1642 3034 316 83 geringste
1993 3028 199 86 Sorge
2225 3041 165 57 wäre
2430 3023 198 73 mir’s.

1040 3129 410 84 Geiziger:
1499 3128 167 69 Dass
1718 3126 87 69 du
1860 3154 69 40 so
1978 3122 249 78 denkst,
2287 3119 167 72 freut
2504 3119 193 71 mich.
2786 3115 192 71 Freut
3023 3110 169 72 mich

944 3224 343 71 durchaus.
1362 3223 193 70 Denn
1606 3220 113 70 der
1762 3216 225 73 Friede
2038 3218 86 68 im
2175 3214 218 71 Hause
2443 3214 151 84 geht
2642 3214 121 68 mir
2815 3209 156 72 über
3023 3205 169 72 alles.

939 3318 178 71 Dich
1168 3347 198 55 gegen
1419 3314 173 71 diese
1640 3313 220 70 Heirat
1907 3342 78 38 zu
2042 3313 249 76 wissen,
2353 3309 171 70 hätte
2574 3307 170 69 mich
2795 3304 397 71 verdrossen.

943 3411 161 71 Und
1139 3413 204 70 dieses
1379 3407 291 74 liebliche
1705 3403 332 85 Geschöpf
2068 3406 108 68 hat
2211 3404 170 70 mein
2418 3401 168 71 Herz
2621 3429 373 57 gewonnen.

1038 3505 361 86 Joachim
1433 3512 275 68 (freudig):
1760 3500 209 80 Vater,
2010 3498 104 70 Ihr
2146 3497 173 72 wollt

1040 3597 411 87 Geiziger:
1502 3596 93 84 Ja.
1653 3594 109 71 Ich
1797 3592 124 73 will
1957 3592 337 70 Marianne
2329 3591 303 71 heiraten.

1038 3694 390 84 Joachim:
1487 3690 108 71 Ihr
1628 3695 183 78 sagt?

1042 3787 396 86 Geiziger:
1490 3785 150 70 Daß
1676 3784 103 70 ich
1814 3780 337 73 Marianne
2184 3780 282 70 heiraten
2501 3776 232 73 werde.

1040 3882 358 84 Joachim
1433 3890 223 67 (springt
1681 3887 104 63 auf,
1814 3883 281 66 schwankt,
2122 3884 146 56 lehnt
2293 3883 109 57 sich
2421 3907 64 32 an
2505 3882 85 56 die
2609 3881 192 68 Wand)
2816 3905 11 32 :
2857 3867 62 71 0
2947 3867 245 71 Gott...
