3359 4572
1302 407 220 55 Glossen

2460 405 103 58 177

338 632 111 57 Das
484 626 335 61 neunzehnte
853 626 363 70 Jahrhundert
1249 625 144 58 hatte

260 713 95 60 mit
428 708 146 59 einer
651 707 377 80 ideafißifcden
1101 705 293 68 Strömung

259 792 308 66 eingesetzt,
609 786 88 58 die
725 785 136 58 nach
894 785 124 57 dem
1051 782 202 71 großen
1286 779 72 63 Zu-

258 881 386 48 sammensturz
677 880 106 43 erst
814 865 236 69 jenseits,
1083 862 144 57 dann
1256 861 112 58 dies-

260 951 125 58 seits
418 946 94 58 des
545 945 200 58 Rheins
779 969 138 33 neue
948 941 188 59 Kräfte
1173 964 222 47 gewann

260 1023 170 63 durch
473 1025 88 58 die
604 1021 247 71 Hingabe
894 1045 67 34 an
997 1018 400 79 Zukünftiges.

260 1105 133 59 Bald
437 1102 217 70 glaubte
701 1126 122 34 man
871 1101 126 57 dem
1030 1098 186 60 fernen
1252 1098 146 59 Ziele

261 1185 136 58 nahe
438 1181 315 71 gekommen
804 1205 66 33 zu
917 1180 132 64 sein,
1106 1178 115 57 und
1275 1192 126 43 statt

261 1266 172 57 dieses
484 1286 105 33 von
639 1285 194 33 neuem
882 1260 183 58 weiter
1114 1257 256 58 hinauszu-

261 1341 235 66 stecken,
543 1338 224 60 richtete
800 1337 112 60 sich
945 1338 87 57 die
1073 1336 329 59 ermüdende

263 1420 301 61 seherische
619 1418 158 59 Kraft
832 1416 94 59 auf
976 1420 193 54 immer
1220 1416 183 65 näher,

263 1502 127 57 aber
438 1498 150 57 nicht
639 1500 191 55 immer
881 1496 155 58 tiefer
1087 1494 317 70 Liegendes.

264 1580 75 58 So
395 1577 386 58 kennzeichnet
834 1576 86 57 die
981 1573 423 59 Konzentration

266 1661 93 56 der
392 1654 489 60 Aufmerksamkeit
928 1653 94 59 auf
1068 1654 94 59 das
1207 1653 172 60 ‘Beste-

266 1740 178 58 hende
475 1736 89 58 die
597 1735 270 69 folgende,
913 1733 87 57 die

264 1818 114 69 fede
420 1815 291 68 Richtung,
899 1815 118 55 eine
1051 1812 136 66 Zeit,
1221 1812 56 56 in
1313 1812 94 57 der

268 1897 153 57 keine
449 1896 130 57 oder
612 1916 103 34 nur
748 1893 84 57 ein
862 1891 372 58 Mindestmaß
1253 1905 124 43 wert-

266 1973 397 70 regulierender
683 1972 240 57 Normen
945 1969 296 60 anerkannt
1267 1991 106 36 wur-

268 2055 124 64 den,
421 2052 88 58 die
541 2051 134 58 über
707 2052 88 58 die
828 2049 119 59 Zeit
967 2049 190 58 hinaus
1177 2074 67 33 zu
1272 2048 109 70 grei-

269 2132 89 60 fen
401 2129 208 60 erlaubt
644 2129 200 59 hätten.
905 2127 324 60 Schließlich
1262 2127 146 66 aber,

269 2213 99 56 seit
401 2211 124 58 dem
548 2209 356 59 Historismus
937 2231 169 46 gegen
1129 2207 152 58 Ende
1315 2207 94 58 des

269 2289 404 70 Jahrhunderts,
734 2288 89 59 hat
866 2288 113 57 sich
1028 2288 88 57 die
1160 2286 249 58 Vorliebe

270 2371 123 57 dem
418 2367 334 81 Gewefenen
772 2366 334 70 zugewandt,
1147 2363 264 60 vielleicht

273 2472 92 35 um
392 2443 125 62 dort
537 2446 180 58 solche
740 2446 241 58 Normen
1003 2444 197 58 wieder
1221 2469 66 33 zu
1309 2443 75 59 fin-

271 2528 125 66 den,
424 2527 88 57 die
545 2527 135 58 über
713 2526 96 58 das
829 2550 57 33 so
915 2524 113 58 und
1050 2523 149 59 nicht
1219 2523 190 57 anders

274 2608 131 66 sein,
453 2606 136 58 über
635 2606 86 57 die
771 2603 205 60 brutale
1013 2603 226 59 Realität
1287 2601 125 59 alles

275 2684 257 60 materiell
556 2684 442 69 Gegenwärtigen
1022 2679 390 72 hinweghelfen

275 2764 253 58 könnten.
598 2762 190 58 Dieser
834 2753 442 76 Überschätzung
1321 2759 93 58 der

274 2842 446 71 Vergangenheit,
766 2842 174 57 dieser
967 2838 449 60 Sentimentalität

277 2922 182 58 stehen
492 2923 97 57 wir
616 2921 139 58 noch
786 2921 155 66 nahe,
975 2919 84 59 ihr
1088 2918 328 70 unterliegen

278 3001 157 58 heute
453 3001 139 58 noch
611 3001 86 57 die
717 3001 242 57 meisten.
1000 2999 101 58 Ein
1122 3007 263 60 ursprüng-

277 3079 104 59 lich
410 3078 411 60 verständliches
844 3078 228 59 Streben
1100 3076 134 59 nach
1263 3074 124 60 rück-

278 3161 241 68 wärtiger
528 3159 399 68 Orientierung,
946 3157 133 58 nach
1092 3156 328 68 Bestärkung

279 3238 74 57 im
371 3239 218 68 eigenen
608 3236 249 59 Schaffen
875 3238 66 56 ist
957 3236 112 58 hier
1083 3260 124 33 zum
1218 3234 174 59 Selbst-

280 3317 190 67 zweck,
517 3319 49 67 ja
602 3342 68 33 zu
698 3317 146 58 einer
875 3316 98 58 Art
1002 3340 103 34 von
1135 3313 258 60 Fetischis-

282 3421 119 33 mus
432 3397 302 70 geworden,
785 3396 168 58 durch
1000 3394 103 58 den
1145 3394 93 58 der
1276 3392 146 60 Blick

280 3474 87 58 für
395 3476 86 57 die
512 3476 318 70 Gegenwart
857 3474 114 58 und
993 3473 147 59 mehr
1167 3472 140 58 noch
1334 3471 88 58 für

280 3553 124 59 alles
433 3554 324 69 Zukünftige
788 3553 214 70 getrübt
1028 3552 214 58 werden
1272 3549 150 59 muß.

363 3633 132 60 Hier
510 3634 127 58 aber
652 3633 263 59 berühren
932 3632 113 58 sich
1055 3632 86 57 die
1157 3631 264 64 Extreme,

284 3735 55 33 es
360 3712 226 58 schließt
611 3712 111 58 sich
743 3712 95 57 der
857 3708 269 60 Kreislauf
1147 3709 95 58 der
1262 3708 120 69 Mög-

282 3788 282 61 lichkeiten
585 3793 55 56 in
663 3793 143 56 einer
833 3805 242 52 unteren,
1106 3788 315 69 mächtigen,

284 3869 377 60 unsichtbaren
725 3869 368 59 Kulmination
1162 3867 95 57 der
1314 3866 72 58 Ge-

285 3948 182 60 stirne.
510 3949 107 59 Für
639 3949 121 66 den,
795 3949 94 58 der
914 3947 112 58 sich
1054 3946 221 59 seelisch
1304 3946 89 57 hin-

1440 627 113 69 gibt
1587 652 66 33 an
1695 642 159 43 etwas
1892 626 446 71 möglicherweise
2378 625 193 58 einmal

1451 705 339 81 öewefenes,
1801 707 94 58 der
1914 706 193 67 dürfte,
2131 705 326 69 wenngleich
2480 729 64 33 zu-

1441 785 184 59 nächst
1658 786 139 58 noch
1825 810 131 44 ganz
1977 785 225 69 zaghaft,
2235 783 136 59 auch
2391 807 67 33 an
2481 783 96 57 das

1444 865 439 68 möglicherweise
1911 865 192 58 einmal

1445 943 110 57 sich
1616 943 281 70 hingeben,
1973 967 154 35 wenn
2192 941 387 71 irgendwelche

1449 1019 371 72 Wandlungen
1863 1022 54 57 in
1962 1022 94 57 der
2100 1021 322 70 Gegenwart
2465 1019 115 59 ihm

1445 1101 113 57 dies
1580 1101 191 57 wieder
1807 1100 419 69 begehrenswert
2259 1100 243 58 machen.

1525 1174 230 63 Ähnlich
1799 1204 111 34 nun
1952 1181 97 56 wie
2084 1201 94 37 vor
2218 1180 174 57 einem
2428 1177 122 71 Jahr-

1451 1257 228 58 hundert
1737 1258 312 57 Revolution
2103 1258 113 57 und
2265 1258 163 69 Krieg
2475 1257 105 57 den

1450 1336 206 58 Anstoß
1676 1336 168 70 gaben
1865 1359 94 35 zur
1982 1336 480 70 Neuorientierung
2489 1336 93 57 der

1454 1414 509 67 Grundtendenzen,
1997 1439 59 33 so
2077 1414 188 70 erfolgt
2295 1414 133 59 auch
2455 1416 128 68 jetzt

1451 1496 117 56 eine
1590 1493 319 70 Ablenkung
1926 1519 104 31 von
2053 1494 93 58 der
2166 1494 238 68 einseitig
2423 1494 128 58 über-

1453 1573 307 69 wiegenden
1788 1572 307 70 Beachtung
2132 1573 114 56 und
2282 1572 302 69 Schätzung

1455 1653 94 57 der
1591 1652 442 70 Vergangenheit.
2116 1652 104 57 Die
2272 1651 278 58 Unwieder-

1455 1729 371 72 bringlichkeit
1854 1729 124 58 alles
2008 1728 287 67 Früheren,
2337 1731 86 56 die
2455 1728 98 59 Ver-

1456 1808 351 71 gänglichkeit
1846 1808 135 59 auch
2020 1808 92 57 des
2150 1808 244 57 mühsam
2436 1808 114 59 Kon-

1456 1891 306 63 servierten,
1790 1888 88 59 die
1900 1887 387 68 Nutzlosigkeit
2314 1886 123 58 alles
2471 1887 88 57 hin-

1455 1985 81 42 ter
1562 1969 94 58 der
1685 1966 587 71 Gegenwartsschwelle
2292 1966 266 69 Zurückge-

1456 2047 239 58 lassenen
1735 2047 130 57 wird
1907 2043 380 60 erschreckend
2328 2043 128 59 klar.
2513 2044 78 58 Im

1460 2126 300 70 Gegensatz
1787 2127 134 56 dazu
1949 2124 156 69 steigt
2126 2123 124 57 alles
2274 2122 283 70 Gegenwär-

1456 2207 125 69 tige,
1629 2204 163 58 selbst
1829 2203 220 57 kleinste
2077 2202 345 68 Quantitäten
2451 2203 142 56 eines

1458 2284 287 70 irgendwie
1766 2282 391 58 Vorhandenen
2182 2282 109 57 und
2326 2279 268 59 minimale

1458 2362 299 60 Bruchteile
1769 2362 300 58 nutzbarzu
2083 2359 316 59 machender
2410 2358 184 58 Kräfte

1458 2441 462 59 außerordentlich
1943 2441 75 57 im
2039 2439 172 65 Wert;
2248 2438 127 59 aber
2394 2463 85 32 am
2500 2438 71 57 lei-

1460 2519 499 61 denschaftlichsten
1991 2518 187 59 richtet
2198 2518 112 57 sich
2330 2517 94 57 der
2448 2517 146 58 Blick

1459 2599 93 59 auf
1578 2601 87 57 die
1690 2598 264 59 durchaus
1976 2597 145 58 nicht
2151 2596 149 58 mehr
2330 2594 228 59 mutmaß-

1461 2679 106 59 lich
1597 2678 220 66 sichere,
1859 2676 255 58 vielmehr
2146 2674 321 70 fragwürdig
2507 2698 58 46 ge-

1463 2759 246 58 wordene
1750 2754 258 60 Zukunft.
2069 2754 104 57 Die
2201 2753 396 71 unbegrenzten

1465 2836 414 71 Möglichkeiten
1910 2836 93 57 des
2029 2833 347 65 Schlimmen,
2410 2833 92 57 das
2524 2833 75 57 sie

1465 2917 159 68 birgt,
1657 2914 165 59 sollen
1849 2912 391 71 einigermaßen
2258 2911 341 69 aufgewogen

1467 2996 209 58 werden
1726 2993 170 58 durch
1944 3017 155 42 neue,
2154 2991 293 71 gleichfalls
2484 3012 87 37 ver-

1467 3073 194 60 stärkte
1695 3072 423 70 Möglichkeiten
2149 3072 92 57 des
2277 3071 202 58 Guten.

1549 3152 206 60 Darauf
1771 3152 110 58 also
1898 3151 120 58 zielt
2043 3151 93 57 das
2154 3148 223 66 Wollen,
2411 3163 192 55 spannt

1469 3233 113 59 sich
1597 3233 85 57 die
1696 3229 329 61 Sehnsucht:
2048 3229 154 59 Noch
2227 3227 374 61 Kraftvolleres

1469 3313 113 59 und
1602 3312 139 58 doch
1766 3311 273 64 Milderes,
2069 3309 257 65 Höheres,
2349 3308 92 57 das
2465 3307 137 57 doch

1470 3391 154 59 tiefer
1660 3389 370 71 eingebunden
2069 3388 86 65 ist.
2189 3387 266 65 Reineres,
2485 3384 78 59 Un-

1470 3469 339 59 verlierbares
1839 3492 66 34 zu
1931 3468 294 67 gewinnen.
2283 3463 128 60 Und
2451 3469 89 54 nie
2542 3464 66 57 fit

1473 3549 150 59 mehr
1652 3548 113 58 sich
1797 3547 316 58 abzufinden
2149 3546 95 55 mit
2272 3544 92 59 der
2394 3543 180 66 „Reali-

1473 3638 112 50 tät“
1618 3629 96 57 der
1741 3627 194 70 Dinge,
1968 3626 135 58 auch
2126 3623 111 58 sich
2270 3622 148 58 nicht
2442 3632 130 58 genü-

1473 3732 100 45 gen
1627 3732 66 32 zu
1745 3707 169 58 lassen
1963 3728 65 33 an
2075 3703 94 57 der
2218 3700 386 59 bescheidenen

1474 3784 483 70 Gleichwertigkeit
1986 3783 94 58 mit
2113 3782 173 56 einem
2316 3779 292 59 Früheren.

1552 3866 73 57 So
1668 3866 69 55 ist
1782 3888 54 33 es
1888 3863 141 57 denn
2079 3860 86 59 die
2208 3858 400 58 verächtlichste

1474 3944 334 69 Gesinnung,
1839 3943 83 57 die
1952 3942 66 57 da
2043 3938 222 72 spricht:
2303 3937 69 59 Es
2401 3939 68 57 ist
2497 3962 111 33 nun
