3286 4572
1055 399 185 53 Franz
1266 402 124 52 Blei
1426 424 21 22 ♦
1486 407 113 52 Der
1618 409 210 70 Geizige

2449 419 104 63 147

1162 692 249 62 ACHTE
1458 697 243 62 SZENE.

1092 848 133 59 Der
1262 851 281 73 Geizige
1577 857 211 74 (allein).

403 975 384 88 Geiziger
823 989 129 65 (ruft
985 990 104 59 den
1122 992 358 68 Abgehenden
1515 999 178 71 nach):
1746 990 155 74 Und
1936 995 221 73 nehmt
2189 1001 163 69 auch
2386 1002 162 71 noch

306 1075 128 70 den
486 1072 207 72 Hund
741 1079 150 66 mit!
978 1075 158 73 Und
1176 1078 148 74 alles
1357 1111 125 41 was
1529 1103 172 52 sonst
1751 1087 163 71 noch
1960 1108 194 54 atmet
2199 1124 61 39 in
2311 1094 236 73 diesem

308 1168 221 71 Hause
562 1168 200 73 außer
797 1172 142 79 mir,
991 1172 172 71 denn
1197 1204 65 40 es
1299 1177 79 69 ist
1411 1178 101 70 ein
1546 1178 442 89 Mörderpack,
2038 1188 508 74 unmenschlich!

308 1275 92 65 (Er
431 1274 126 68 geht
589 1274 114 57 und
736 1274 229 59 schließt
995 1276 88 59 die
1116 1276 114 60 Tür
1263 1280 54 56 in
1350 1280 102 57 den
1488 1281 196 60 Garten
1715 1285 99 58 fest
1847 1312 83 33 zu.
1994 1286 156 61 Dann
2183 1293 277 58 versichert
2493 1317 54 34 er

304 1369 112 58 sich
449 1369 97 56 der
579 1368 192 58 beiden
804 1370 231 58 anderen
1061 1369 200 68 Türen,
1298 1371 227 70 Fenster,
1560 1378 186 58 nimmt
1778 1380 85 57 die
1888 1380 271 69 Leuchter,
2192 1395 132 58 trägt
2355 1388 74 56 sie
2453 1409 92 36 zur

308 1464 261 65 Kassette,
605 1464 139 57 stellt
779 1465 75 57 sie
887 1489 94 33 um
1014 1468 75 56 sie
1124 1467 184 59 herum
1339 1469 91 59 auf
1461 1470 102 58 den
1596 1472 227 72 Boden):
1908 1465 195 74 Mach
2146 1469 100 70 die
2293 1469 254 75 Lichter

304 1548 262 80 dunkel,
626 1550 212 70 meine
890 1549 251 73 Sonne!
1252 1552 195 75 Mach
1496 1554 101 71 die
1649 1555 253 75 Lichter
1950 1590 77 39 zu
2071 1559 229 83 Nacht,
2378 1568 167 66 mein

303 1643 450 74 Strahlendes!
804 1653 92 66 (Er
929 1656 135 58 reißt
1096 1657 104 59 den
1228 1657 143 59 Rock
1406 1682 100 35 von
1539 1660 91 57 der
1662 1661 252 67 Kassette,
1948 1674 159 48 stürzt
2138 1666 110 57 sich
2279 1669 267 71 darüber:)

307 1737 206 72 Herz!
595 1737 174 74 Herz
802 1741 236 70 wieder
1088 1742 64 70 in
1196 1745 207 68 meine
1437 1742 192 73 Brust
1677 1746 283 80 gesenkt!
2042 1749 147 69 Blut
2221 1751 227 72 wieder
2482 1755 64 67 in

304 1836 214 69 meine
548 1832 257 74 Adern!
882 1835 158 71 Luft
1077 1837 64 69 in
1177 1839 208 70 meine
1421 1837 301 87 Lungen!
1785 1850 90 65 (Er
1907 1850 217 60 schließt
2156 1854 135 71 auf:)
2364 1845 181 71 Mein

302 1928 211 73 Gold!
581 1929 266 74 Schatz!
910 1929 316 84 Geliebte,
1263 1939 207 66 treue!
1535 1934 232 71 Lachst
1802 1936 167 72 mich
2002 1967 78 39 an
2095 1943 29 63 ?
2176 1938 87 70 Ist
2297 1939 60 85 ja
2387 1940 159 71 auch

304 2024 238 81 keiner,
595 2025 116 70 der
746 2023 150 75 dich
933 2027 180 70 mehr
1146 2025 176 83 liebt,
1359 2028 87 70 als
1483 2029 131 70 ich!
1686 2028 85 71 Ist
1818 2032 184 72 einer,
2049 2030 112 70 der
2193 2030 145 72 dich
2371 2033 176 70 mehr

303 2119 156 71 liebt
505 2119 90 70 als
645 2119 148 73 ich?
878 2119 270 74 Verzeih
1193 2124 141 79 mir,
1395 2123 101 74 ich
1541 2122 124 72 hab
1710 2123 146 71 dich
1893 2126 341 82 vergraben
2268 2138 273 60 müssen.

304 2215 111 69 Du
453 2215 216 80 weißt,
704 2216 115 71 der
856 2216 195 84 große
1084 2217 202 70 Dieb!
1334 2216 174 72 Aber
1541 2249 125 41 was
1698 2236 101 52 tut
1832 2217 97 73 dir
1962 2220 103 70 die
2096 2220 234 71 dunkle
2362 2220 181 82 Erde,

303 2311 189 70 deine
527 2309 298 73 Mutter?
901 2311 111 71 Du
1049 2312 232 72 bleibst
1314 2311 239 71 überall
1591 2315 137 70 rein
1762 2312 136 70 und
1926 2314 343 71 strahlend.
2343 2312 200 74 Gold!

303 2403 208 72 Gold!
692 2404 125 81 Ah,
854 2406 83 70 da
971 2406 136 84 gibt
1141 2436 65 40 es
1239 2406 168 72 noch
1440 2437 145 49 was,
1621 2405 110 73 das
1765 2406 132 73 sich
1931 2408 103 70 die
2063 2406 350 72 Menschen
2449 2436 64 42 er-

299 2499 251 72 funden
584 2499 207 72 haben
825 2500 139 71 und
995 2502 111 69 das
1140 2504 92 67 sie
1257 2499 171 74 Geld
1464 2532 272 39 nennen.
1785 2502 172 69 Aber
1981 2504 112 69 wir
2121 2502 181 69 beide
2326 2503 217 70 lachen

301 2596 297 80 darüber,
660 2596 102 69 ich
810 2596 137 69 und
993 2596 109 80 du,
1157 2594 219 73 nicht?
1459 2594 179 73 über
1686 2596 173 71 diese
1902 2594 373 85 Erfindung,
2329 2597 213 68 diesen

301 2691 259 80 Schein,
612 2690 176 73 diese
835 2688 233 74 Fetzen
1118 2691 441 84 schmutzigen
1610 2690 317 85 Papieres!
2002 2690 131 72 Das
2179 2693 183 82 steigt
2410 2691 135 70 und

301 2782 157 84 fällt,
497 2787 82 69 ist
613 2786 191 80 oben,
843 2789 80 68 ist
955 2805 222 61 unten,
1214 2785 137 71 und
1384 2787 80 69 ist
1488 2785 165 71 doch
1682 2784 196 71 nicht.
1930 2784 109 71 Ist
2074 2784 196 72 doch
2303 2786 125 69 nie
2442 2785 101 71 ht.

301 2879 90 72 So
424 2884 120 68 wie
589 2881 90 71 du
727 2883 160 82 ewig
933 2881 130 73 bist
1103 2880 139 71 und
1287 2881 141 70 hart
1472 2880 135 70 und
1639 2879 122 71 fest
1795 2880 136 70 und
1962 2879 302 72 wirklich.
2341 2879 73 70 In
2446 2879 97 70 dir

301 2974 169 72 kann
520 3007 149 39 man
718 2977 138 71 sich
901 2977 306 85 spiegeln,
1268 2973 198 84 Gold,
1524 2977 64 68 in
1637 2974 146 71 dich
1827 2973 165 70 kann
2027 3003 144 43 man
2206 3003 110 41 aus
2352 2972 194 71 Liebe

303 3069 252 83 beißen,
591 3072 153 72 dich
778 3071 170 72 kann
988 3102 148 41 man
1169 3071 295 85 schlagen
1497 3068 137 71 und
1670 3068 331 71 streicheln
2032 3068 138 70 und
2202 3067 87 71 du
2322 3066 223 71 kannst

301 3165 221 72 lachen
557 3168 121 70 wie
712 3168 142 69 eine
887 3165 328 73 Geliebte!
1267 3175 92 66 (Er
1392 3175 242 68 klimpert
1668 3175 93 54 mit
1794 3172 122 57 dem
1950 3171 219 70 Golde:)
2217 3160 62 72 0
2311 3191 113 41 wie
2457 3160 85 69 du

301 3259 232 74 lachst!
586 3260 153 73 Daß
774 3262 90 70 du
890 3262 234 71 wieder
1152 3261 100 71 bei
1280 3261 253 71 deinem
1558 3278 225 52 treuen
1811 3256 351 71 Liebhaber
2197 3256 142 79 bist,
2376 3256 164 69 mein

301 3354 252 84 Schatz,
623 3359 173 68 mein
844 3358 302 83 goldener
1193 3355 252 81 Schatz,
1511 3355 171 72 mein
1734 3353 291 69 blonder!
2107 3350 143 71 Was
2284 3347 256 72 anderes

299 3453 167 70 noch
501 3450 112 73 auf
645 3454 115 70 der
797 3452 217 72 Welt?
1087 3452 148 72 Was
1285 3450 284 79 anderes,
1630 3478 78 41 an
1755 3447 230 72 dessen
2030 3444 192 72 Stelle
2264 3444 86 69 du
2395 3440 145 71 dich

299 3548 178 70 nicht
511 3579 122 40 wie
666 3579 144 39 eine
844 3547 290 84 Siegerin
1168 3565 213 53 setzen
1417 3544 274 71 kannst?
1767 3543 102 70 Da
1903 3539 206 73 laufen
2143 3541 88 68 sie
2264 3538 128 77 hm,
2439 3535 102 70 die

301 3637 273 86 Narren,
636 3645 66 68 in
751 3643 169 70 ihrer
956 3640 438 80 Narrenliebe,
1455 3638 136 71 und
1637 3637 243 70 kommt
1926 3634 161 72 doch
2122 3664 99 39 ein
2254 3629 159 82 Tag,
2470 3659 70 39 so

299 3737 225 82 sicher,
577 3737 130 73 daß
741 3741 93 69 sie
867 3739 137 71 sich
1041 3739 258 69 hassen!
1374 3735 104 70 Da
1512 3732 210 73 laufen
1757 3734 89 68 sie
1883 3730 173 73 ihren
2091 3727 239 70 Lüsten
2359 3723 179 79 nach,

299 3829 179 73 ihren
530 3833 407 81 stinkenden,
998 3831 114 74 auf
1155 3833 104 69 die
1304 3861 71 40 so
1425 3829 204 71 sicher
1680 3825 103 71 die
1832 3824 189 72 Fäule
2070 3820 153 72 fällt.
2298 3816 240 74 Laufen

298 3923 212 76 Ehren
527 3929 163 71 nach
708 3929 140 71 und
866 3928 287 72 Würden
1172 3925 138 71 und
1329 3925 202 84 hegen
1550 3920 268 74 Talente
1833 3919 135 72 und
1985 3915 237 88 spielen
2234 3911 304 87 Tugend!
