3343 4572
1071 396 184 55 Franz
1281 397 126 55 Blei
1443 414 23 28 ♦
1498 401 112 53 Der
1638 402 211 70 Geizige

2489 404 107 61 123

325 592 167 74 trakt
542 591 498 86 aufgenommen
1091 600 279 72 werden.
1423 602 73 70 In
1549 605 136 71 drei
1737 606 315 74 Monaten
2086 607 159 77 muß
2281 638 67 43 er
2381 624 177 72 späte-

324 705 172 53 stens
548 705 97 52 tot
678 690 160 70 sein.
890 690 74 70 In
998 691 114 70 der
1143 689 143 73 Zeit
1314 694 108 71 hat
1447 697 100 70 dir
1572 699 147 71 dein
1747 699 170 75 Herr
1941 700 279 75 Gemahl
2248 703 143 73 kein
2419 704 174 73 Haar

325 779 388 87 gekrümmt,
748 813 111 56 sag
892 784 103 72 ich
1030 785 122 81 dir,
1188 788 138 71 und
1356 789 147 72 dein
1538 791 288 86 Joachim
1861 797 331 76 bekommt
2225 799 175 74 dich.

417 875 83 71 M
513 878 362 72 arianne:
927 879 142 72 Wie
1102 879 108 72 Ihr
1242 880 198 75 red’t!

415 968 542 79 Schuwitsch:
1008 973 105 72 Da
1146 974 249 74 kommt
1428 1006 66 45 er
1527 982 199 72 schon
1760 984 227 74 selber.
2038 986 339 75 Erschrick
2410 991 179 74 nicht

320 1094 81 42 zu
434 1065 169 72 sehr.

1442 1166 36 38 ♦

1159 1330 286 62 ZWEITE
1478 1334 251 62 SZENE.

914 1470 130 61 Die
1092 1472 325 73 Vorigen.
1468 1475 146 61 Der
1663 1479 319 71 Geizige.

407 1584 413 89 Geiziger:
871 1588 248 73 Nehmt
1168 1594 125 69 mir
1343 1625 65 40 es
1460 1594 178 72 nicht
1668 1597 172 81 übel,
1891 1598 238 75 schöne
2160 1602 415 84 Demoiselle,

310 1678 128 74 daß
489 1680 102 72 ich
642 1684 118 69 mit
809 1682 115 73 der
971 1683 197 74 Brille
1215 1686 113 72 auf
1374 1688 114 71 der
1539 1687 173 73 Nase
1743 1719 116 43 vor
1905 1694 91 70 sie
2028 1712 183 55 trete.
2264 1696 112 75 Ich
2409 1698 167 73 weiß

308 1774 192 83 wohl,
553 1776 129 73 daß
730 1776 171 75 Eure
951 1778 194 74 Reize
1192 1783 164 73 auch
1407 1783 171 73 ohne
1609 1786 113 71 das
1757 1787 285 74 deutlich
2076 1791 149 71 sind
2254 1793 140 70 und
2427 1824 149 41 man

307 1868 145 72 kein
504 1868 159 74 Glas
715 1872 292 83 braucht,
1058 1905 114 41 um
1223 1879 91 68 sie
1346 1908 80 40 zu
1463 1877 284 74 merken.
1797 1877 176 75 Aber
2011 1884 162 72 auch
2208 1885 106 71 die
2345 1885 231 74 Sterne

303 1964 167 71 sieht
504 1995 148 41 man
689 1967 205 73 durch
928 1966 231 75 Gläser
1183 2002 102 49 an,
1314 1973 224 71 nicht?
1591 1973 159 72 Und
1776 1975 127 71 daß
1931 1976 107 71 Ihr
2065 1981 101 68 ein
2194 1978 193 73 Stern
2414 1983 159 80 seid,

304 2060 115 73 der
453 2060 302 74 schönste
905 2064 497 84 Schuwitschin,
1437 2070 94 69 sie
1562 2069 250 72 scheint
1845 2073 126 68 mir
2002 2073 180 71 nicht
2217 2074 243 74 erfreut
2494 2108 80 41 zu

302 2155 159 79 sein,
499 2155 171 72 mich
706 2186 79 42 zu
821 2158 218 81 sehen,
1075 2161 106 69 die
1214 2161 413 73 Demoiselle.

396 2248 458 76 Schuwitsc
867 2253 75 71 h:
1004 2253 160 74 Son
1214 2258 159 84 jung
1421 2257 209 86 Ding!
1682 2258 86 74 Es
1818 2261 249 72 schämt
2115 2263 139 72 sich
2306 2265 133 73 halt
2489 2296 80 41 zu

299 2346 242 84 zeigen,
576 2375 127 42 was
740 2378 65 42 es
840 2346 193 75 fühlt.
1086 2348 232 87 Klopft
1352 2352 98 73 ihr
1486 2352 110 71 das
1633 2352 173 73 Herz
1839 2385 115 43 vor
1990 2355 252 75 Freude
2268 2361 90 70 im
2386 2361 182 71 Hals.

299 2436 221 85 Nicht,
575 2439 408 75 Mariannel?
1035 2444 90 71 So
1174 2445 301 85 plötzlich
1524 2449 148 73 dem
1708 2446 343 76 Geliebten
2086 2455 367 84 gegenüber

298 2530 111 76 Ihr
440 2535 309 73 versteht.

391 2627 414 89 Geiziger:
853 2632 578 87 Vorbereitungen,
1498 2639 236 84 nötige,
1801 2670 81 40 zu
1931 2639 252 84 treffen,
2248 2643 163 73 muß
2460 2646 103 70 ich

294 2721 184 76 Euch
506 2746 248 51 vorerst
779 2727 227 82 lassen,
1041 2728 301 74 schönste
1369 2729 365 77 Marianne.
1769 2733 258 73 Meiner
2052 2735 287 74 Tochter
2367 2738 199 73 Luise

293 2815 225 83 lassen,
556 2820 105 71 die
694 2821 138 71 hier
865 2821 270 76 kommt.
1185 2821 226 75 Große
1441 2823 307 86 Tochter,
1783 2858 59 56 ja
1868 2859 80 55 ja,
1990 2829 298 73 Unkraut
2324 2832 241 73 wächst

297 2912 207 74 rasch.
539 2924 150 72 (Ab.)

1414 3014 36 38 *

1144 3180 283 61 DRITTE
1459 3182 253 61 SZENE.

821 3320 399 62 Marianne.
1270 3325 482 61 Schuwitsch.
1798 3326 229 60 Luise.

381 3432 273 76 Luise:
705 3434 412 87 Demoiselle,
1171 3439 109 73 Ihr
1328 3441 155 73 habt
1534 3462 208 66 getan,
1794 3475 127 41 was
1964 3444 341 83 eigentlich
2342 3450 213 68 meine

283 3524 230 77 Pflicht
547 3561 290 54 gewesen
870 3546 188 60 wäre.
1111 3535 110 73 Ich
1256 3536 137 72 hätt
1426 3538 151 72 dem
1604 3537 216 74 Euren
1849 3542 119 69 mit
1992 3542 278 69 meinem
2297 3540 253 75 Besuch

284 3625 503 75 zuvorkommen
821 3629 224 72 sollen.

377 3719 545 75 Schuwitsch:
956 3723 137 75 Das
1127 3753 176 43 arme
1337 3725 182 88 Ding

376 3812 81 72 M
471 3818 363 71 arianne:
880 3815 178 75 Aber
1107 3819 113 71 das
1271 3822 81 70 ist
1400 3822 61 83 ja
1512 3819 450 75 fürchterlich!
2011 3822 136 75 Das
2198 3842 210 67 ertrag
2443 3824 103 73 ich

279 3908 208 72 nicht!
