3286 4572
1067 384 184 55 Franz
1276 387 125 54 Blei
1439 407 23 26 *
1497 392 113 53 Der
1630 394 212 71 Geizige

2464 404 99 61 143

328 586 174 72 Dieb
563 585 221 72 treibst
842 587 89 70 du
990 587 320 84 heimlich,
1367 616 227 51 nennst
1655 629 64 41 es
1783 600 401 89 Verlobung!
2253 606 172 75 Aber
2477 611 86 71 du

328 679 321 73 täuschest
700 680 182 71 dich!
934 681 188 72 Noch
1175 684 107 71 bin
1334 687 100 73 ich
1482 691 145 71 dein
1669 691 222 74 Vater!
1944 696 101 73 Ins
2092 696 255 75 Kloster
2396 704 170 71 steck

328 776 103 73 ich
488 774 172 81 dich,
720 775 552 77 Dirnenmensch!
1347 783 153 72 Und
1555 786 145 72 dein
1749 786 205 75 Galan
2011 792 245 73 kommt
2305 827 79 41 an
2441 799 122 71 den

328 868 286 84 Galgen!

423 963 426 72 Heinrich:
887 963 169 74 Euer
1080 968 310 75 sinnloser
1409 969 166 75 Zorn
1602 977 159 71 wird
1787 978 174 74 nicht
1987 979 260 74 Richter
2272 985 63 69 in
2361 986 204 72 dieser

328 1060 206 71 Sache
566 1061 158 68 sein.

425 1151 415 89 Geiziger:
881 1153 151 75 Was
1057 1185 112 57 sag
1194 1159 102 72 ich
1427 1159 275 88 Galgen!
1731 1165 328 89 Lebendig
2083 1173 283 82 gerädert
2391 1193 174 53 wirst

328 1250 112 79 du,
478 1249 196 81 Dieb,
708 1249 360 86 Erpresser,
1103 1240 367 96 Verführer,
1505 1256 296 75 Mörder!

425 1343 275 72 Luise:
755 1345 105 73 Ihr
893 1347 137 69 seid
1055 1349 502 83 unmenschlich,
1592 1350 211 74 Vater.
1838 1354 257 84 Rechte,
2129 1359 103 70 die
2258 1360 105 72 Ihr
2388 1360 173 82 habt,

329 1438 216 71 macht
587 1438 108 71 Ihr
729 1471 79 39 zu
844 1467 363 57 grausamer
1241 1439 249 78 Gewalt
1523 1446 159 72 über
1714 1447 167 74 Euer
1917 1448 195 84 Kind,
2148 1453 135 70 und
2314 1456 249 72 verliert

329 1537 89 71 im
455 1532 212 75 Zorne
701 1537 102 69 ein
841 1534 207 73 Urteil
1084 1537 160 71 über
1277 1538 145 82 den,
1470 1541 122 71 den
1646 1540 103 73 Ihr
1796 1543 212 74 besser
2053 1546 245 72 kennen
2347 1548 215 73 lernen

328 1628 215 72 solltet
588 1630 138 70 und
773 1630 177 72 nicht
999 1631 109 72 ihn
1156 1664 71 39 so
1275 1632 437 88 beschimpfen
1758 1639 117 68 wie
1914 1636 103 74 Ihr
2051 1669 64 41 es
2149 1658 118 53 tut.
2313 1640 249 75 Anders

329 1726 83 69 ist
446 1750 87 54 er,
568 1725 139 70 und
740 1744 135 65 gut.
915 1724 200 73 Nicht
1141 1729 119 70 wie
1286 1755 67 44 er
1376 1726 209 74 Euren
1611 1729 225 86 Augen
1862 1731 329 73 erscheint.
2232 1734 106 72 Ich
2364 1735 202 73 kenne

327 1820 137 69 sein
497 1816 175 74 Herz
703 1820 137 70 und
886 1820 123 85 gab
1057 1822 109 71 ihn
1215 1823 226 75 darum
1488 1824 110 70 das
1632 1827 229 68 meine.
1924 1825 106 73 Ihr
2062 1827 273 73 ändert’s
2369 1830 194 80 nicht,

327 1912 216 72 Vater.
595 1913 156 72 Seid
783 1915 185 80 auch,
1009 1946 126 41 was
1178 1914 105 75 Ihr
1319 1917 180 73 Euch
1533 1937 197 52 nennt
1764 1919 134 71 und
1933 1932 200 60 wütet
2163 1923 174 70 nicht
2370 1954 193 54 gegen

328 2006 172 73 Euer
534 2011 181 84 eigen
754 2009 175 72 Blut.
980 2009 198 74 Sonst
1211 2011 181 72 kehrt
1427 2044 63 39 es
1524 2012 136 72 sich
1693 2013 82 70 ab
1808 2044 123 40 von
1965 2012 199 84 Euch,
2199 2018 115 69 wie
2355 2016 103 72 Ihr
2501 2048 64 40 es

328 2134 126 41 von
491 2103 134 72 ihm
661 2124 120 52 tut.

426 2197 410 87 Geiziger:
887 2201 268 71 Possen!
1189 2199 249 73 Worte!
1474 2200 157 74 Hier
1658 2201 199 83 liegen
1884 2201 206 74 Taten
2116 2230 130 54 vor,
2283 2205 285 71 ruchlose

328 2294 138 70 und
500 2295 105 70 nie
638 2295 292 85 gehörte!
981 2295 127 71 Die
1143 2295 474 88 Gerechtigkeit
1653 2296 157 72 muß
1860 2296 177 74 ihren
2073 2296 168 74 Lauf
2271 2299 294 72 nehmen.

336 2387 110 75 Ich
493 2388 142 72 rufe
677 2392 93 68 sie
814 2417 124 45 nur
986 2421 80 41 an
1112 2390 87 72 als
1244 2392 111 70 der
1401 2422 148 41 vom
1584 2390 288 73 Unrecht
1917 2392 239 72 schwer
2189 2392 377 73 Betroffene.

331 2479 137 74 Tut
502 2482 201 74 Eures
736 2486 246 78 Amtes,
1035 2483 169 74 Herr
1254 2483 419 74 Kommissar.
1724 2484 175 72 Habt
1952 2483 105 75 Ihr
2101 2486 464 71 Handschellen

328 2577 103 71 bei
468 2578 227 73 Euch?

425 2671 424 76 Heinrich:
898 2674 266 73 Wessen
1211 2675 170 71 mich
1419 2675 112 71 der
1564 2674 296 72 wütende
1895 2672 205 73 Mann
2151 2674 412 82 beschuldigt,

329 2765 169 73 Herr
535 2766 424 83 Kommissar,
1006 2801 68 40 es
1109 2769 151 84 liegt
1307 2768 132 71 klar
1489 2799 80 40 zu
1598 2766 164 87 Tag.
1824 2764 122 74 Ob’
1955 2798 29 41 s
2030 2770 101 69 ein
2163 2768 403 72 Verbrechen

331 2863 100 79 ist,
484 2862 127 72 daß
657 2864 104 71 ich
812 2864 173 71 mich
1032 2865 116 70 mit
1194 2865 206 72 seiner
1448 2863 348 84 mündigen
1829 2859 285 75 Tochter
2147 2862 165 71 ohne
2345 2862 109 72 ihn
2488 2892 79 41 zu

329 2956 221 86 fragen
601 2958 307 83 verlobte,
962 2959 113 73 das
1126 2959 160 72 wird
1335 2957 201 74 Eurer
1579 2956 479 86 Entscheidung
2105 2957 175 72 nicht
2328 2956 239 72 schwer

329 3050 214 75 fallen.

428 3146 527 74 Kommissar:
1008 3149 157 71 Und
1199 3149 112 70 der
1345 3146 381 73 Diebstahl?

427 3241 426 74 Heinrich:
898 3243 295 72 Welcher
1227 3241 384 73 Diebstahl?

427 3337 528 75 Kommissar:
1008 3338 135 71 Der
1179 3337 339 72 Kassette?

427 3431 428 73 Heinrich:
905 3432 294 74 Welcher
1236 3432 338 71 Kassette?

427 3526 494 76 Kommisar:
958 3528 126 72 Die
1119 3528 235 72 Euerm
1390 3527 211 71 Herrn
1636 3523 323 85 gestohlen
1984 3522 234 79 wurde,
2243 3519 134 70 und
2399 3516 125 72 Aus-

332 3650 147 57 sage
527 3626 102 78 ist,
679 3622 127 73 daß
855 3624 107 75 Ihr
1011 3626 92 69 sie
1148 3622 213 80 stahlt,
1413 3622 186 73 allein
1646 3620 154 71 oder
1846 3621 114 69 mit
2011 3615 396 85 Komplicen.
2463 3612 103 73 Ihr

333 3716 206 71 selber
574 3719 155 71 habt
765 3749 63 40 es
865 3718 389 85 zugegeben.

426 3813 430 74 Heinrich:
911 3814 110 70 Ich
1056 3814 104 70 die
1193 3812 373 85 gestohlen?

430 3906 531 77 Kommissar:
1014 3906 378 82 Gestandet,
1428 3907 123 70 den
1588 3904 231 71 Schatz
1863 3898 321 88 gestohlen
2229 3928 79 40 zu
2341 3894 227 74 haben.
