3479 4399
1750 182 64 50 16

251 334 64 33 Ger
341 321 119 35 hellen
490 320 161 43 Timbre,
687 318 157 35 welcher
870 318 64 35 der
961 318 187 36 Sonorität
1175 320 75 34 und
1279 318 79 35 dem
1389 317 352 36 Gefühlsausdruck

250 382 194 44 günstiger
471 381 78 33 sein
577 379 130 42 dürfte,
736 378 339 35 wünschenswerth
1103 379 138 35 macht.
1268 379 76 33 Der
1359 377 161 46 Vortrag
1547 378 99 43 zeigt
1674 377 70 34 den

250 440 208 45 gebildeten
489 440 159 44 Sänger;
688 448 47 23 an
764 436 212 35 demselben
1002 438 49 33 ist
1078 437 199 34 besonders
1302 438 57 32 ein
1389 437 181 45 richtiges
1597 436 123 34 Maass-

248 499 128 33 halten
404 498 75 34 und
505 499 78 33 eine
611 496 80 35 edle
708 495 108 34 Ruhe
844 507 46 22 zu
917 496 122 42 loben,
1065 496 59 33 die
1149 496 90 34 aber
1265 494 147 35 freilich
1441 496 97 33 auch
1566 494 178 34 verleiten

249 557 111 43 kann,
392 557 101 34 Alles
519 557 66 33 mit
612 555 101 34 allzu
733 555 165 45 gleicher
917 555 210 35 Tonstärke
1155 566 47 23 zu
1231 556 130 44 singen
1390 554 76 34 und
1493 565 66 34 gar
1586 564 46 23 zu
1660 553 86 34 sehr

249 628 118 33 gegen
395 614 336 35 hervorbrechende
750 614 129 42 Gluth,
909 614 116 34 selbst
1052 626 117 33 gegen
1199 616 166 43 innigere
1392 615 165 43 Wärme,
1587 613 71 34 auf
1681 612 66 35 der

248 676 81 34 Hut
355 685 45 23 zu
428 674 78 34 sein
536 673 75 34 und
640 673 58 34 die
727 674 73 33 alte
827 673 114 45 Regel
971 673 63 33 des
1061 673 213 35 römischen
1302 673 177 35 Rhetors:
1517 674 101 42 „Das
1646 672 97 34 Herz

248 733 126 36 macht
400 733 112 33 allein
769 744 47 22 zu
844 733 118 44 wenig
1004 745 47 21 zu
1088 733 193 35 beachten.
1336 732 207 35 Jedenfalls
1571 733 51 32 ist
1647 731 98 34 Herr

248 793 166 34 Sabbath
444 793 59 33 ein
530 792 135 34 höchst
692 792 354 34 schätzenswerther
1074 793 305 44 Concertsänger,
1425 792 62 34 der
1515 792 124 34 seinen
1667 791 81 34 Ruf

246 851 94 36 auch
369 851 59 34 bei
455 863 70 22 uns
553 855 107 30 unter
687 851 199 34 lebhaftem
914 852 136 33 Beifall
1079 852 169 35 bewährt
1275 852 75 37 hat.

321 911 176 34 Fräulein
526 911 40 33 E.
597 910 141 34 Saart
774 921 72 22 von
874 909 78 35 hier
980 910 217 45 (Priesterin
1227 912 62 34 der
1317 912 128 45 Vesta)
1474 912 64 33 hat
1567 910 86 35 sehr
1680 921 42 34 ge-

248 969 124 43 fallen,
400 969 75 34 und
504 970 67 32 mit
596 968 128 35 Recht.
761 967 60 35 Sie
849 968 63 34 hat
938 970 227 34 namentlich
1194 970 59 34 die
1279 971 149 44 Hymne
1456 981 45 23 an
1532 969 58 34 die
1618 969 123 35 Nacht

245 1031 79 33 rein
351 1029 75 34 und
453 1028 104 34 recht
582 1027 143 34 hübsch
755 1039 213 34 gesungen;
1013 1029 76 34 ihre
1124 1030 109 34 Höhe
1272 1031 50 32 ist
1365 1029 84 35 sehr
1484 1028 152 35 lieblich
1663 1028 76 34 und

247 1086 261 46 ansprechend,
535 1085 76 34 lind
640 1086 58 34 die
720 1086 118 45 junge
863 1087 219 35 Künstlerin
1110 1089 48 32 ist
1185 1089 70 33 auf
1278 1088 79 34 dem
1387 1089 130 44 Wege,
1549 1087 58 35 die
1634 1087 85 34 Hoff-

244 1157 148 35 nungen
419 1146 98 34 ihrer
542 1145 172 34 Freunde
741 1157 47 22 zu
816 1146 294 36 verwirklichen.
1164 1148 176 35 Fräulein
1377 1147 256 45 Berghaus
1670 1157 68 24 aus

244 1205 163 34 Weimar
434 1203 189 46 (Camilla)
652 1204 63 33 hat
741 1206 79 32 eine
849 1204 137 35 schöne
1014 1206 87 43 und,
1131 1218 104 22 wenn
1265 1207 52 33 sie
1347 1206 162 34 dieselbe
1535 1206 104 34 nicht
1668 1206 54 34 for-

244 1266 79 42 cirt,
350 1264 95 34 auch
471 1275 95 33 ganz
595 1263 298 45 wohlklingende
923 1265 171 43 Stimme;
1122 1267 53 33 sie
1201 1266 50 34 ist
1280 1265 89 35 aber
1394 1265 96 35 noch
1521 1265 106 34 nicht
1653 1275 63 23 aus-

244 1324 163 47 gebildet
446 1335 134 34 genug,
622 1334 63 23 um
726 1324 155 42 überall,
922 1325 227 34 namentlich
1187 1326 36 33 in
1253 1326 127 44 Bezug
1420 1326 69 33 auf
1510 1326 226 43 Intonation,

245 1383 122 35 sicher
393 1394 47 23 zu
468 1383 89 34 sein.
600 1383 58 34 An
687 1383 134 33 Talent
848 1383 92 34 fehlt
967 1395 39 23 es
1033 1383 57 35 ihr
1117 1384 244 46 keineswegs.
1406 1385 120 33 Herrn
1556 1385 62 35 Dr.
1648 1385 61 33 Ra-

245 1443 256 34 demacher
527 1442 81 35 sind
637 1443 66 34 wir
729 1442 113 35 Dank
871 1443 186 45 schuldig,
1085 1444 46 34 da
1159 1455 38 23 er
1225 1444 117 34 durch
1370 1444 199 45 plötzliche
1598 1444 116 35 Ueber-

243 1502 132 34 nahme
402 1501 63 35 der
492 1501 262 35 Tenor-Partie
783 1501 57 35 die
869 1502 244 45 Aufführung
1145 1503 161 45 möglich
1344 1503 147 33 machte
1532 1503 77 34 und
1638 1503 100 35 diese

242 1563 124 34 Partie
393 1561 199 36 besonders
619 1562 37 33 in
686 1561 69 34 den
783 1562 271 34 dramatischen
1083 1562 138 34 Stellen
1249 1574 93 33 ganz
1372 1562 255 45 befriedigend
1655 1574 62 23 vor-

242 1626 97 40 trug.
362 1621 77 33 Das
464 1620 198 35 Ensemble
691 1620 65 35 der
774 1621 256 35 Solostimmen
1053 1620 88 35 liess
1165 1621 144 35 freilich
1329 1633 47 23 zu
1393 1621 200 35 wünschen
1618 1621 118 46 übrig.

530 1847 178 57 Tages-
747 1847 100 53 und
873 1847 523 57 Unterhaltungs-Blatt.

315 1969 79 33 Das
422 1967 293 46 bestgelungene
741 1968 164 34 Portrait
933 1966 63 35 des
1025 1978 65 23 vor
1116 1967 165 34 Kurzem
1309 1966 265 36 verstorbenen
1602 1967 115 46 könig-

239 2027 77 35 lich
338 2027 244 35 sächsischen
597 2026 395 44 Hof-Capellmeisters
1022 2026 107 36 C.G.
1160 2026 282 46 Reissiger,
1471 2026 269 46 lithographirt

239 2098 73 23 von
339 2087 42 35 C.
411 2086 141 45 Meyer,
581 2085 184 45 gedruckt
792 2096 73 24 von
893 2086 39 35 F.
952 2085 252 44 Hanfstengel
1233 2084 121 45 (Preis
1383 2086 70 33 auf
1475 2086 96 35 chin.
1601 2086 136 45 Papier

240 2145 47 37 20
307 2148 101 44 Ngr.,
436 2147 107 33 weiss
577 2146 41 34 15
643 2145 117 45 Ngr.),
788 2145 164 34 erschien
981 2156 40 24 so
1049 2144 90 34 eben
1168 2144 59 34 bei
1253 2144 191 34 Bernhard
1472 2145 148 35 Friedel
1648 2146 74 43 (frü-

239 2206 66 36 her
331 2206 61 35 W.
422 2205 123 46 Paul),
573 2206 139 33 Kunst-
741 2205 76 34 und
845 2205 418 44 Musicalienhandlung
1291 2205 37 33 in
1355 2204 180 36 Dresden.

315 2343 75 35 Ed.
426 2343 286 44 Rassmann,
753 2342 208 34 Bildhauer
996 2343 51 33 im
1075 2341 414 35 Sehwanthaler'schen
1517 2343 145 35 Atelier
1693 2355 47 23 zu

238 2403 202 45 München,
482 2402 64 34 hat
583 2403 91 33 zwei
708 2403 139 33 Büsten
885 2413 72 23 von
985 2403 120 34 Franz
1133 2403 105 33 Liszt
1265 2401 77 34 und
1369 2401 164 35 Richard
1565 2403 175 45 Wagner,

232 2463 87 46 jede
346 2463 104 34 stark
480 2462 105 34 einen
611 2462 100 34 Fuss
738 2461 108 42 hoch,
875 2461 199 36 vollendet.
1117 2462 60 33 Sie
1206 2461 82 34 sind
1316 2462 38 33 in
1382 2461 240 45 plastischem
1651 2462 67 35 Ala-

238 2524 127 34 baster
391 2521 232 47 ausgeführt.
668 2522 77 33 Das
781 2521 354 45 Eigenthumsrecht
1176 2522 63 33 hat
1281 2520 57 35 die
1378 2521 363 47 Verlagshandlung

237 2594 71 22 von
338 2582 39 35 C.
406 2582 42 35 F.
476 2581 128 34 Kahnt
630 2582 37 33 in
695 2582 152 45 Leipzig
874 2581 202 43 erworben,
1105 2581 57 34 die
1190 2580 66 36 das
1275 2582 208 45 Exemplar
1510 2592 84 23 zum
1613 2583 127 33 Preise

237 2652 74 23 von
338 2639 22 37 3
389 2639 127 37 Thlrn.
546 2639 153 37 ablässt.

316 2761 86 35 Ole
444 2760 112 34 Bull
595 2761 81 44 gibt
716 2771 45 23 zu
799 2759 309 37 Christiania
1136 2760 37 34 in
1204 2761 121 34 seiner
1352 2761 153 35 Heimat
1540 2761 198 35 wiederum

240 2820 190 45 Concerte,
461 2820 58 34 die
548 2820 85 34 sehr
660 2819 158 35 besucht
846 2820 94 33 sind.

720 2948 523 46 Mozart-Stiftung.

514 3029 476 45 Bekanntmachung
1030 3029 96 35 und
1167 3030 279 46 Einladung

313 3119 69 33 Die
412 3118 330 44 Mozart-Stiftung
770 3130 46 21 zu
844 3117 208 34 Frankfurt
1081 3129 57 22 am
1168 3119 116 40 Main,
1328 3118 210 45 begründet
1566 3118 56 34 bei
1653 3119 85 34 dem

238 3178 49 32 im
313 3177 117 34 Jahre
459 3175 96 38 1838
584 3177 130 34 dahier
742 3176 292 34 veranstalteten
1051 3177 251 45 Sängerfeste,
1330 3177 65 33 hat
1423 3178 58 33 ein
1503 3177 233 45 Stipendium

239 3247 47 22 zu
313 3236 196 45 vergeben.
557 3236 49 33 Es
646 3236 170 35 kommen
853 3236 140 34 hierbei
1034 3236 278 45 nachfolgende
1341 3237 303 45 Bestimmungen
1674 3237 64 35 der

239 3297 172 33 Statuten
440 3298 35 32 in
505 3297 193 33 Betracht:

315 3358 33 41 §.
376 3354 33 37 L
438 3357 70 34 Die
536 3356 331 44 Mozart-Stiftung
899 3354 192 36 bezweckt
1119 3356 300 45 Unterstützung
1455 3356 284 36 musicalischer

238 3417 156 35 Talente
421 3416 59 36 bei
506 3417 98 34 ihrer
633 3416 237 44 Ausbildung
898 3417 36 33 in
964 3415 62 35 der
1053 3415 388 45 Compositionslehre.

315 3479 30 40 §.
374 3474 35 38 2.
436 3476 206 45 Jünglinge
670 3486 68 24 aus
767 3475 100 34 allen
886 3476 185 40 Ländern,
1101 3476 38 33 in
1160 3475 115 35 denen
1296 3475 59 35 die
1376 3475 181 36 deutsche
1573 3477 163 46 Sprache

239 3537 57 35 die
324 3535 167 47 Sprache
517 3536 63 33 des
608 3535 138 35 Volkes
775 3535 60 42 ist,
863 3535 147 33 können
1039 3533 99 35 diese
1157 3535 301 47 Unterstützung
1479 3537 38 33 in
1536 3537 200 45 Anspruch

238 3596 165 43 nehmen,
432 3607 106 23 wenn
566 3596 54 33 sie
644 3594 319 35 unbescholtenen
993 3594 116 34 Rufes
1152 3594 83 34 sind
1275 3594 78 35 und
1389 3594 206 37 besondere
1621 3598 92 34 musi-

240 3655 160 35 calische
428 3655 239 45 Befähigung
693 3653 177 37 besitzen.

317 3718 31 40 §.
376 3713 59 38 25.
463 3714 279 44 Bewerbungen
770 3724 63 22 um
862 3713 64 34 das
947 3712 233 46 Stipendium
1203 3712 145 35 werden
1369 3714 37 33 in
1433 3713 208 35 frankirten
1662 3715 48 33 Zu-

240 3775 177 35 schriften
444 3774 59 35 bei
531 3774 81 35 dem
634 3773 239 35 Ausschusse
901 3773 190 47 gemacht;
1122 3773 190 35 dieselben
1340 3775 162 42 müssen,
1530 3773 109 35 nebst
1658 3775 52 35 An-

244 3834 93 46 gabe
364 3834 63 35 des
454 3834 134 44 Alters,
614 3835 68 32 mit
708 3833 232 45 Zeugnissen
968 3832 90 34 über
1086 3832 57 34 die
1171 3833 290 34 musicalischen
1489 3833 246 46 Fähigkeiten

242 3894 75 35 und
344 3895 225 43 Leistungen
597 3893 63 34 des
688 3893 213 34 Bewerbers
929 3892 179 45 begleitet
1136 3893 89 34 sein.

316 3956 31 39 §.
376 3951 60 38 26.
465 3953 177 44 Genügen
670 3953 205 44 Zeugnisse
905 3951 76 34 und
1009 3951 332 47 Erkundigungen,
1383 3963 43 23 so
1454 3951 92 35 wird
1575 3951 64 35 der
1664 3953 47 33 Be-

237 4012 142 36 werber
406 4023 83 22 vom
517 4011 234 34 Ausschusse
780 4010 264 46 aufgefordert,
1072 4011 99 35 seine
1201 4010 265 36 musicalische
1493 4010 243 49 Befähigung

239 4071 115 36 durch
384 4070 56 35 die
468 4069 101 36 That
595 4069 301 37 nachzuweisen.

1893 329 33 41 §.
1953 326 59 37 27.
2040 327 93 34 Dem
2161 325 195 37 Bewerber
2384 324 91 37 wird
2505 325 59 36 die
2580 324 251 48 Composition
2853 328 98 35 eines
2972 340 85 25 vom
3076 331 243 37 Ausschusse

1814 386 237 35 bestimmten
2079 386 134 33 Liedes
2241 386 76 34 und
2346 386 100 33 eines
2466 386 587 43 Instrumental-Quartettsatzes
3081 391 237 47 übertragen.

1892 447 32 41 §.
1952 444 59 37 29.
2039 445 90 35 Drei
2155 445 171 36 Musiker
2364 456 74 23 von
2479 444 247 36 anerkannter
2753 447 191 35 Autorität
2986 447 97 35 üben
3128 449 66 35 das
3231 451 88 34 Amt

1816 504 63 35 der
1905 503 256 35 Preisrichter.

1892 565 31 42 §.
1954 562 57 36 33.
2039 564 76 33 Der
2142 561 178 37 erwählte
2347 562 208 45 Stipendiat
2584 560 91 35 wird
2703 562 139 34 sodann
2872 564 96 34 nach
2996 564 113 35 Wahl
3139 565 65 34 des
3221 566 74 34 Aus-

1815 622 189 43 schusses,
2036 620 118 35 wobei
2177 619 141 46 jedoch
2347 620 64 35 der
2439 619 168 35 Wunsch
2636 619 63 34 des
2728 620 174 36 Schülers
2932 623 201 45 möglichst
3161 624 135 35 berück-

1815 680 155 46 sichtigt
1997 680 143 34 werden
2168 680 80 44 soll,
2289 681 117 33 einem
2448 680 154 34 Meister
2641 681 37 32 in
2721 679 63 36 der
2812 680 380 47 Compositionslehre
3234 694 84 23 zum

1813 739 218 35 Unterricht
2059 739 222 45 übergeben.

1889 798 81 35 Wir
1997 798 110 34 laden
2133 797 188 36 nunmehr
2345 809 68 23 zur
2431 797 240 47 Anmeldung
2697 798 60 35 bei
2784 809 70 24 uns
2883 797 178 37 binnen
3090 799 104 36 drei
3221 800 65 35 Mo-

1811 861 164 39 naten,
2016 870 71 22 von
2115 860 320 42 untengesetztem
2464 857 139 34 Datum
2631 869 59 32 an,
2730 858 73 34 alle
2831 858 208 45 diejenigen
3067 860 73 36 ein,
3176 859 142 35 welche

1811 917 151 45 geneigt
1993 917 73 33 und
2093 916 96 34 nach
2218 917 132 45 obigen
2378 916 258 35 Vorschriften
2663 918 317 44 geeigenschaftet
3008 918 94 45 sind,
3146 919 78 34 sich
3254 931 63 22 um

1811 975 120 34 dieses
1959 974 230 46 Stipendium
2217 986 48 23 zu
2293 975 208 35 bewerben.

1887 1034 206 34 Frankfurt
2121 1045 60 23 am
2202 1033 116 47 Main,
2350 1034 70 34 den
2450 1033 57 37 18.
2537 1034 207 35 December
2772 1032 107 40 1859.

2061 1108 82 31 Der
2170 1108 548 40 Verwaltnngs-Ausschuss
2746 1108 72 31 der
2845 1109 389 40 Mozart-Stiftung.

2169 3564 71 51 £>ie
2268 3564 323 52 giicberrfjetnifdje

1805 3627 185 34 erscheint
2020 3627 114 44 jeden
2171 3627 171 45 Samstag
2381 3627 40 34 in
2462 3627 122 33 einem
2624 3638 144 34 ganzen
2803 3627 129 44 Bogen
2974 3626 68 32 mit
3075 3624 240 47 zwanglosen

1803 3677 191 46 Beilagen.
2100 3678 77 33 Der
2199 3677 379 46 Abonnementspreis
2598 3678 147 45 beträgt
2777 3678 59 33 für
2865 3678 64 32 das
2949 3675 185 44 Halbjahr
3161 3673 23 36 2
3200 3676 115 42 Thlr.,

1803 3728 61 35 bei
1891 3729 70 34 den
1983 3730 46 33 K.
2058 3740 140 34 preuss.
2222 3728 304 34 Post-Anstalten
2554 3728 23 35 2
2592 3728 102 34 Thlr.
2719 3728 21 35 5
2760 3728 81 45 Sgr.
2894 3727 95 33 Eine
3018 3726 166 34 einzelne
3203 3727 85 34 Num-

1804 3791 79 22 mer
1907 3779 25 36 4
1960 3780 80 45 Sgr,
2093 3779 485 45 Einrückungs-Gebühren
2606 3791 67 34 per
2698 3777 194 36 Petitzeile
2919 3776 22 36 2
2972 3777 79 46 Sgr.

1905 3832 123 33 Briefe
2056 3831 77 33 und
2152 3829 272 46 Zusendungen
2457 3829 92 35 aller
2566 3831 70 33 Art
2663 3829 149 34 werden
2839 3833 110 29 unter
2976 3828 63 34 der
3062 3827 162 35 Adresse
3251 3826 65 34 der

1804 3883 51 33 M.
1884 3880 533 45 DuMont-Schauberg'schen
2445 3881 300 44 Buchhandlung
2772 3881 38 32 in
2838 3879 101 34 Köln
2968 3880 160 34 erbeten.

1918 3967 354 36 Verantwortlicher
2298 3967 284 45 Herausgeber:
2612 3967 99 34 Prof.
2744 3965 48 35 L.
2822 3964 172 46 Bischoff
3017 3966 38 32 in
3083 3963 113 36 Köln.

1877 4020 193 46 Verleger:
2102 4017 53 36 M.
2185 4015 423 47 DuMont-Schauberg''
2613 4016 88 34 sehe
2728 4016 300 44 Buchhandlung
3057 4015 40 33 in
3125 4014 113 35 Köln.

1834 4071 195 36 Drucker:
2061 4069 53 37 M.
2144 4067 412 47 DuMont-Schauberg
2583 4068 39 34 in
2649 4067 113 45 Köln,
2799 4068 243 34 Breitstrasse
3073 4064 47 38 76
3146 4077 35 23 u.
3212 4064 61 39 78.

2191 1528 202 43 I'EUE
2441 1529 485 46 MUSICAJLIEN

2289 1589 278 63 (classischer
2595 1594 235 63 Galtung).

1913 1672 54 35 Im
2003 1671 146 45 Verlage
2177 1670 59 35 des
2270 1670 311 36 Unterzeichneten
2609 1674 46 33 ist
2682 1686 38 21 so
2749 1675 85 32 eben
2862 1676 227 33 erschienen:

1820 1732 335 43 fmVniiewier,
2186 1731 160 35 Mfii'i
2379 1731 63 35 &r.
2606 1733 194 35 Zweites
2846 1735 110 33 Trio
2992 1736 65 42 für
3093 1735 117 34 Piano
3210 1737 107 44 forte,

2126 1782 135 33 Violine
2289 1782 75 33 und
2402 1781 204 38 Violoncell.
2638 1784 62 46 Op.
2729 1783 61 35 35.
2846 1785 23 32 2
2903 1785 93 34 Thlr.
3024 1785 48 33 25
3102 1786 80 45 Sgr.

2015 1834 24 32 2
2068 1833 152 34 kleine
2247 1832 207 35 Sonaten
2484 1834 211 44 (leichteren
2726 1836 108 45 Stils)
2872 1837 82 42 für
2989 1836 187 35 Ciavier
3222 1839 97 33 und

2126 1884 194 36 Violine.
2347 1884 62 35 41.
2450 1884 112 37 Werk.
2593 1886 61 36 Nr.
2689 1887 15 32 1
2735 1888 39 31 in
2802 1887 42 35 B.
2877 1889 16 32 1
2931 1887 96 36 Thlr.
3059 1888 48 33 10
3134 1889 77 45 Sgr.

2117 1938 63 32 J\r.
2211 1935 24 33 2
2261 1937 39 31 in
2331 1935 41 36 D.
2405 1937 16 32 1
2459 1936 94 37 Thlr.
2583 1937 49 33 10
2653 1937 79 45 Sgr.

2160 1994 139 33 Früher
2327 1994 204 35 erschienen
2558 1996 39 33 in
2624 1997 149 33 meinem
2809 1996 167 47 Verlage:

2016 2054 102 44 Fünf
2140 2053 127 35 heitere
2296 2053 126 34 Lieder
2448 2055 62 42 für
2543 2055 114 34 Tenor
2682 2068 68 22 von
2780 2057 89 36 Rob.
2903 2056 153 35 Beinick
3084 2058 62 33 mit
3176 2057 141 34 Piano-

2114 2105 328 44 forle-Begleitung
2450 2105 4 47 .
2487 2105 59 47 Op.
2576 2107 35 35 9.
2668 2107 46 34 15
2745 2108 82 44 Sgr.

2017 2156 124 34 Erstes
2173 2156 80 33 Trio
2290 2157 64 42 für
2381 2156 134 43 Piano,
2564 2157 135 34 Violine
2736 2159 77 33 und
2861 2158 202 37 Violoncell.
3096 2158 61 47 Op.
3187 2159 50 33 22
3261 2161 5 5 '

2122 2207 93 33 Thlr.
2246 2207 49 33 10
2322 2208 79 43 Sgr.

2016 2258 109 33 Sechs
2148 2258 167 34 deutsche
2342 2258 127 33 Lieder
2493 2259 64 42 für
2583 2260 77 32 eine
2689 2259 227 46 Singsti?nme
2943 2260 63 33 mit
3024 2259 206 46 Begleitung
3258 2259 61 35 des

2117 2309 30 33 P
2163 2311 177 41 anoforte.
2372 2309 62 47 Op.
2462 2309 60 35 23.
2582 2311 45 33 15
2656 2310 80 45 Sgr.

1974 2379 12 5 -
2016 2360 186 45 Fliegende
2233 2360 183 34 Blättchen
2443 2362 49 31 im
2522 2361 200 35 Kinderfon
2749 2363 83 42 fürs
2861 2361 141 35 Ciavier
3029 2374 41 21 zu
3100 2363 85 33 zwei
3211 2361 106 34 Hän-

2117 2411 77 34 den.
2228 2411 51 47 Op
2321 2411 62 33 24.
2436 2411 50 33 20
2513 2411 80 46 Sgr.

1879 2482 7 4 -
2016 2462 188 45 Fliegende
2235 2463 133 33 Blätter
2410 2460 257 46 (Präludium,
2705 2464 165 40 Scherzo,
2908 2462 195 42 Notturno,
3147 2463 172 48 Pallade)

2114 2516 64 42 für
2206 2513 120 34 Piano
2327 2516 105 41 forte.
2477 2514 59 46 Op.
2567 2514 61 35 31.
2677 2514 68 34 Der
2783 2515 194 44 fliegenden
3016 2515 138 34 Blätter
3194 2514 125 35 drittes

2119 2565 96 44 lieft.
2267 2566 47 32 25
2345 2565 80 45 Sgr.

2020 2616 73 34 Der
2117 2616 194 46 fliegenden
2341 2615 188 35 Blätlchen
2565 2617 49 33 im
2643 2615 140 36 Kinder
2785 2622 60 28 ton
2878 2617 82 43 fürs
2989 2615 141 35 Ciavier
3165 2628 45 22 zu
3236 2618 84 33 zwei

2119 2667 156 34 Händen
2303 2668 181 33 zweites
2512 2667 96 44 Hefe.
2639 2668 62 46 Op.
2729 2667 62 35 33.
2844 2667 48 33 25
2922 2667 78 45 Sgr.

2016 2719 225 45 7jwiegesang
2269 2719 66 34 der
2363 2718 107 43 Elfen
2497 2730 67 22 von
2596 2718 87 36 Rob.
2714 2718 165 43 Reinich,
2914 2719 65 42 für
3018 2719 301 45 sechsstimmigen

2119 2770 96 34 Chor
2242 2770 79 33 und
2347 2769 88 34 Soli.
2472 2770 63 46 Op.
2564 2769 62 37 36.

2220 2820 313 46 Ciavier-Auszug
2562 2821 19 33 1
2616 2820 94 34 Thlr.
2740 2819 49 34 10
2818 2820 82 45 Sgr.

2216 2872 106 34 Solo-
2350 2872 77 34 und
2454 2871 259 35 Chorstiminen
2743 2872 18 33 1
2799 2871 93 35 Thlr.

1912 2930 243 36 Grädener
2182 2932 189 47 behauptet
2395 2938 105 28 unter
2527 2932 67 34 den
2613 2935 89 42 jetzt
2727 2932 169 34 lebenden
2921 2930 252 48 Componisten
3202 2938 116 27 ersten

1810 2981 146 46 Ranges
1983 2984 121 33 seinen
2133 2983 116 36 Platz.
2354 2984 106 33 Seine
2496 2983 124 34 Werke
2656 2989 125 38 tragen
2822 2983 67 33 den
2919 2982 154 48 Stempel
3100 2983 62 33 der
3192 2983 124 43 Origi-

1807 3034 134 34 nalität
1962 3035 76 33 und
2054 3034 206 44 Genialität,
2287 3035 50 33 sie
2363 3035 123 34 reihen
2514 3036 76 33 sich
2617 3036 39 32 in
2686 3034 97 34 Geist
2809 3034 77 33 und
2903 3034 108 34 Form
3039 3034 135 42 würdig
3203 3033 113 34 denen

1807 3096 70 22 von
1903 3086 90 35 Rob.
2021 3086 213 34 Schumann
2261 3097 63 24 an.
2378 3086 186 34 Musikern
2600 3085 77 35 und
2711 3085 209 47 gediegenen
2960 3091 108 40 guten
3093 3084 221 36 Dilettanten

1808 3135 145 45 dürften
1981 3137 96 45 obige
2113 3137 121 34 Werke
2259 3149 69 21 von
2355 3137 125 34 hohem
2509 3136 172 36 Interesse
2707 3138 89 35 sein.

2081 3203 170 38 JFtrifx
2903 3213 132 35 twy.

1910 3307 84 36 Alle
2031 3309 40 34 in
2109 3308 121 35 dieser
2258 3308 303 47 Musik-Zeitung
2600 3308 274 45 besprochenen
2901 3307 83 36 und
3011 3307 306 47 angekündigten

1808 3359 224 36 Musicalien
2060 3365 62 30 etc.
2153 3359 86 35 sind
2281 3372 46 25 zu.
2361 3359 169 35 erhalten
2564 3359 41 35 in
2634 3360 68 34 der
2729 3365 85 28 stets
2840 3358 228 46 vollständig
3096 3359 221 34 assortirten

1807 3410 462 46 Musicalien-Handlung
2293 3410 82 35 und
2401 3410 242 35 Leihanstalt
2669 3422 73 23 von
2758 3409 310 35 BERNHARD
3086 3408 230 36 BREUER

1806 3460 41 37 in
1876 3461 113 44 Köln,
2019 3460 247 36 Hochstrasse
2294 3461 73 35 Nr.
2397 3463 60 33 97.
