3479 4399
1652 164 61 54 13

141 305 102 50 dem
287 304 148 50 eilften
465 305 219 49 Concerte
727 303 42 47 in
799 300 155 51 G-dur
997 300 88 48 und
1122 300 101 48 dem
1252 303 239 64 Potpourri
1532 303 115 49 über

140 383 108 47 zwei
267 380 291 50 Mozart'sche
574 379 203 47 Themen
802 394 82 31 von
907 376 168 49 seinem
1091 376 173 49 Lehrer
1287 379 181 63 Spohr
1491 379 156 48 hören.

142 459 135 48 Nicht
304 465 118 41 etwa
451 456 224 49 bekamen
703 455 81 46 wir
814 453 169 48 wieder
1011 454 128 47 einen
1170 453 79 49 der
1279 456 155 46 Vielen
1465 472 78 30 aus
1567 455 80 48 der

141 535 165 47 Schule
329 534 141 47 dieses
487 531 341 47 Grossmeisters
850 547 52 29 zu
921 529 157 57 hören,
1099 529 67 48 bei
1184 530 143 48 denen
1358 538 169 40 etwas
1551 531 71 49 haf-

140 619 72 38 ten
236 608 253 64 geblieben,
520 605 183 48 diesmal
729 604 126 48 ward
879 620 81 32 uns
983 605 76 47 das
1077 605 296 65 Vergnügen,
1402 608 127 45 einen
1561 608 63 46 rei-

140 701 102 35 nen,
272 682 319 63 vollständigen
615 681 216 47 Abdruck
855 680 127 65 jenes
1006 681 340 48 Violin-Poeten
1376 699 77 30 vor
1484 699 80 30 uns
1592 701 50 30 zu

140 761 154 54 sehen,
336 759 83 48 wie
450 757 136 47 deren
617 757 117 47 wohl
766 774 85 30 nur
892 760 173 62 wenige
1095 759 128 47 mehr
1261 759 261 47 vorhanden
1550 760 91 47 sein

141 840 177 60 mögen.
357 835 85 47 Die
473 832 517 65 Eigentümlichkeiten
1020 835 145 47 dieser
1193 835 165 47 Schule
1388 835 56 48 im

140 911 89 48 und
399 910 165 49 Staccato
565 908 62 47 der
628 910 370 65 Bogenführung,
1038 910 44 48 in
1111 910 79 48 der
1219 912 327 47 Accentuation

137 987 215 47 zuweilen
381 986 43 47 in
454 985 259 64 frappanter
738 986 156 48 Weise
916 1014 84 29 —,
1028 986 43 48 in
1101 987 190 47 Summa
1319 992 325 60 ausgeprägter

139 1063 80 47 Stil
256 1063 59 46 im
555 1060 65 67 Allegro
621 1061 81 47 wie
703 1061 52 47 im
1393 1058 193 69 Adagio,
990 1069 144 40 traten
1166 1079 79 30 aus
1284 1061 102 48 dem
1415 1063 226 65 Vortrage

137 1140 141 47 dieses
294 1137 321 66 jugendlichen
637 1137 234 47 Künstlers
894 1137 57 47 im
976 1137 238 48 schönsten
1237 1137 164 48 Verein
1423 1156 53 29 zu
1499 1141 141 62 Tage,

137 1216 117 47 ohne
295 1213 237 50 sclavische
573 1212 337 65 Nachahmung
962 1213 77 49 des
1082 1213 238 49 Vorbildes
1363 1215 184 47 merken
1588 1234 52 29 zu

139 1293 156 46 lassen.
352 1289 116 50 Was
496 1289 91 47 sich
617 1306 79 30 aus
725 1289 102 49 dem
859 1291 226 63 Vortrage
1109 1289 81 49 der
1218 1297 258 57 genannten
1506 1291 102 48 Com-

139 1366 247 64 positionen
416 1366 259 64 überhaupt
703 1367 114 47 noch
847 1366 257 48 abnehmen
1136 1367 113 56 liess,
1287 1367 68 55 ist,
1391 1366 100 49 dass
1522 1368 120 47 Herr

140 1442 190 65 Kömpel
361 1442 91 47 sich
482 1443 62 46 als
573 1443 128 47 einen
732 1443 42 47 in
798 1442 129 65 jeder
954 1444 259 63 Beziehung
1242 1443 235 64 würdigen
1509 1444 105 47 Riva-

136 1521 71 45 len
225 1518 75 48 des
319 1519 150 47 Herrn
490 1521 251 45 Joachim
767 1521 252 63 präsentirt,
1043 1521 155 48 dessen
1222 1521 274 63 Leistungen
1527 1522 114 46 eben

136 1612 48 31 so
226 1596 82 47 auf
342 1602 206 57 strenger
590 1597 341 48 Gesetzlichkeit
973 1597 90 47 und
1106 1597 213 63 richtiger
1348 1598 296 46 Erkenntniss

135 1670 77 49 des
242 1672 226 48 wahrhaft
494 1672 209 48 Schönen
733 1672 222 57 beruhen,
993 1674 84 46 wie
1118 1673 70 47 bei
1218 1673 165 47 diesem
1414 1674 202 63 Kunstge-

135 1763 178 41 nossen,
348 1747 220 49 demnach
600 1749 95 48 hier
719 1749 85 47 wie
832 1749 102 48 dort
962 1749 71 50 ein
1058 1749 338 48 Verschmähen
1425 1751 111 46 aller
1565 1751 51 45 Ef-

136 1823 319 48 fekthascherei
485 1825 82 47 auf
588 1825 102 47 dem
715 1825 112 47 Griff
841 1825 118 49 brett
986 1827 189 54 sowohl,
1208 1825 84 47 wie
1322 1825 75 49 mit
1428 1825 101 49 dem
1557 1828 56 46 Bo-

136 1914 100 49 gen.
280 1900 49 45 In
358 1899 153 64 Bezug
540 1900 80 46 auf
656 1902 210 47 letzteren
899 1918 94 32 war
1034 1918 44 31 es
1119 1900 321 49 insbesondere
1468 1903 148 47 erfreu-

137 1974 102 56 lich,
282 1974 398 57 wahrzunehmen,
728 1977 99 48 dass
863 1978 43 48 in
948 1978 81 47 der
1065 1978 284 63 königlichen
1379 1978 181 65 Capelle
1589 1997 50 28 zu

132 2051 247 47 Hannover
402 2051 113 47 noch
546 2051 69 49 die
638 2053 192 47 löbliche
852 2055 111 47 Sitte
990 2054 191 55 besteht,
1211 2054 142 47 dieses
1377 2055 263 65 Werkzeug

134 2126 78 47 mit
235 2128 335 63 Kolophonium
593 2147 52 29 zu
670 2130 297 57 bestreichen,
986 2148 75 30 um
1084 2132 71 46 die
1178 2130 308 65 ausgedehnte
1510 2133 131 48 Scala

132 2203 79 47 der
234 2203 349 67 Schattirungen
607 2205 211 48 wirksam
846 2224 99 31 zum
972 2208 237 47 Ausdruck
1236 2208 189 64 bringen
1451 2225 52 30 zu
1528 2209 81 47 kön-

135 2295 103 40 nen,
282 2280 214 48 während
537 2299 45 31 es
616 2283 43 47 in
701 2283 201 49 anderen
930 2284 185 48 Städten
1156 2285 81 47 seit
1264 2285 171 47 Jahren
1466 2302 86 30 nur
1580 2303 51 29 zu

130 2355 194 48 deutlich
348 2358 262 62 geworden,
639 2358 100 48 dass
762 2359 71 48 die
859 2361 179 47 Herren
1067 2360 262 48 Violinisten
1353 2361 150 64 jenem
1536 2361 76 47 har-

129 2431 125 64 zigen
278 2431 404 50 Ausdrucksmittel
713 2435 71 47 die
809 2435 198 48 Pomade
1037 2435 309 60 substituiren,
1372 2438 166 47 sonach
1570 2438 69 47 ihr

130 2507 119 64 Spiel
277 2509 92 45 sich
400 2509 117 47 wohl
548 2509 139 48 durch
722 2511 146 48 Glätte
897 2513 300 57 auszeichnet,
1226 2514 72 47 die
1326 2513 112 48 aber
1467 2515 170 46 allezeit

132 2584 262 48 Weichheit
423 2586 90 47 und
543 2587 260 49 Monotonie
831 2606 77 30 zur
939 2590 139 63 Folge
1118 2590 93 56 hat,
1256 2590 259 65 überhaupt
1553 2608 84 30 nur

129 2661 69 46 ein
229 2661 289 62 gelecktes
549 2662 96 47 Bild
673 2681 52 30 zu
757 2664 145 63 geben
926 2681 197 49 vermag.
1152 2666 86 48 Die
1261 2666 259 48 Liebhaber
1543 2666 69 48 die-

127 2753 69 30 ses
226 2737 134 47 fetten
385 2739 469 66 Einsalbungsmittels
884 2741 159 50 wissen
1073 2760 55 31 an
1151 2742 206 50 Joachim
1387 2761 51 30 zu
1467 2744 169 54 tadeln,

127 2812 101 48 dass
256 2830 48 30 er
330 2815 215 48 zuweilen
569 2817 122 47 stark
717 2817 170 56 kratze;
918 2820 134 47 leicht
1075 2820 254 56 erklärlich,
1358 2820 100 48 weil
1489 2836 48 31 er
1566 2820 70 48 die

129 2890 257 64 Tragweite
427 2891 76 48 des
532 2894 148 46 Tones
722 2894 42 48 in
800 2895 70 47 die
898 2897 150 47 Ferne
1086 2896 257 50 berechnet.
1392 2896 244 50 Schreiber

130 2965 146 49 dieser
303 2967 149 48 Zeilen
484 2970 128 47 weiss
653 2971 108 47 zwei
798 2972 93 47 ihm
926 2972 104 47 sehr
1066 2974 120 47 wohl
1227 2974 226 48 bekannte
1481 2990 155 47 grosse

129 3043 196 58 Meister,
355 3043 209 68 Lipinsky
590 3046 87 48 und
701 3047 253 66 Mayseder,
982 3066 51 31 zu
1056 3066 194 40 nennen,
1279 3051 43 47 in
1346 3050 136 48 deren
1506 3051 129 48 Nähe

130 3120 58 45 im
220 3118 315 51 Concerlsaale
572 3122 120 50 nicht
729 3132 82 57 gut
838 3125 157 48 weilen
1026 3142 111 40 war,
1179 3126 99 48 weil
1307 3127 61 47 sie
1396 3127 128 48 ihren
1556 3128 79 47 mit

130 3194 333 65 Kolophonium
489 3197 310 52 bestrichenen
822 3202 156 62 Bogen
1009 3202 162 64 kräftig
1200 3203 82 47 auf
1306 3202 70 48 die
1399 3202 152 48 Saiten
1580 3222 51 30 zu

126 3278 145 41 setzen
300 3273 216 64 gewohnt
544 3292 170 41 waren,
753 3277 140 48 damit
934 3278 78 49 der
1042 3281 97 46 Ton
1169 3280 85 47 den
1287 3280 162 48 weiten
1484 3283 147 46 Raum

127 3348 196 47 ausfülle
369 3351 86 45 und
485 3351 85 48 den
610 3352 316 66 dynamischen
957 3356 383 65 Anforderungen
1368 3357 76 47 des
1473 3375 133 47 vorge-

125 3431 216 58 tragenen
365 3427 186 48 Stückes
574 3431 278 64 entspreche.
885 3433 115 47 Was
1030 3437 118 45 wäre
1179 3441 89 41 erst
1291 3451 82 31 von
1396 3435 81 47 der
1501 3436 132 47 Kraft

125 3501 77 47 des
233 3501 278 49 Rode'schen
545 3506 178 63 Bogens
751 3526 52 29 zu
835 3509 160 64 sagen!

239 3578 77 47 Bei
347 3578 80 48 der
456 3579 269 68 heutzutage
757 3583 304 50 bestehenden
1089 3584 337 66 Umwandlung
1473 3587 44 47 in
1552 3587 80 48 der

126 3652 145 49 Kunst
297 3654 77 48 des
405 3656 280 66 Violinspiels
722 3677 144 48 gegen
897 3658 70 51 die
996 3663 234 47 classische
1260 3663 201 65 Epoche,
1505 3681 126 30 wozu

126 3730 198 64 weniger
339 3730 69 49 die
426 3734 339 62 Paganini'sche
781 3739 63 45 als
857 3755 17 29 v
885 3739 188 47 ielmehr
1090 3739 70 49 die
1178 3741 271 47 Beriot'sche
1466 3741 166 47 Schule

123 3804 87 48 den
242 3807 341 64 Haupt-Anlass
612 3813 206 63 gegeben
849 3813 113 63 (was
984 3816 163 63 jedoch
1179 3817 119 47 nicht
1329 3816 167 48 diesem
1520 3818 84 46 Mei-

121 3890 91 40 ster
239 3884 164 56 selber,
431 3887 193 49 sondern
653 3890 151 47 seinen
830 3892 221 49 Schülern
1082 3911 78 29 zur
1184 3896 104 45 Last
1320 3894 109 51 fällt,
1461 3894 71 47 die
1555 3894 77 49 das

121 3962 162 47 immer
323 3962 114 48 noch
476 3968 260 47 maassvolle
780 3969 86 46 und
910 3969 59 47 oft
1011 3970 227 49 wahrhaft
1266 3972 164 47 schöne
1461 3972 174 47 Muster

123 4038 65 47 bis
219 4035 64 51 ins
319 4039 277 50 Widerliche
642 4043 290 52 übertrieben
976 4047 90 48 und
1109 4047 77 49 das
1218 4049 271 47 Instrument
1532 4066 99 29 zum

1721 307 532 64 Seiltänzer-Werkzeug
2282 307 402 67 herabgewürdigt
2712 310 165 57 haben,
2909 314 115 47 Herr
3050 314 138 50 Vieux-

1722 390 141 57 temps
1893 383 172 64 voran),
2097 385 67 47 bei
2195 402 47 30 so
2275 384 442 63 beklagenswerter
2741 389 331 66 Umwandlung
3102 393 111 47 wird

1720 475 46 31 es
1793 460 219 64 vorläufig
2040 478 109 46 ganz
2190 460 251 64 unpassend
2470 461 110 58 sein,
2619 464 77 47 das
2731 464 194 63 jüngere
2954 467 262 49 Geschlecht

1720 534 80 48 der
1830 536 165 64 Geiger
2023 553 98 30 zum
2147 538 223 63 Vortrage
2392 536 80 47 der
2495 553 180 47 grossen
2700 539 402 51 Charakterbilder
3131 561 80 30 von

1721 610 152 57 Viotti,
1904 610 143 56 Rode,
2077 611 171 49 Rudolf
2272 614 233 53 Kreutzer,
2536 613 159 48 Baillot
2727 615 88 47 und
2845 618 197 47 anderen
3072 618 134 48 ihnen

1717 688 454 62 geistesverwandten
2214 688 317 64 Componisten
2575 690 332 57 aufzufordern;
2954 694 116 48 denn
3116 712 94 30 wer

1716 762 122 47 nicht
1865 762 77 49 das
1971 762 318 47 erforderliche
2317 765 125 61 Zeug
2472 764 110 45 dazu
2613 765 245 65 mitbringt,
2901 770 109 47 wird
3038 771 61 46 sie
3128 788 87 30 nur

1716 837 264 49 verderben.
2013 839 135 47 Fühlt
2176 839 91 47 sich
2296 839 111 47 aber
2430 840 138 46 Einer
2596 840 79 46 der
2698 841 208 64 Aufgabe
2930 846 282 61 gewachsen,

1715 914 80 47 der
1832 921 113 41 trete
1987 914 175 57 hervor,
2205 931 48 31 er
2294 915 104 47 darf
2434 915 74 47 des
2539 916 177 47 Beifalls
2757 933 83 31 von
2869 920 212 48 Kennern
3123 924 88 45 und

1713 991 140 47 Laien
1879 991 240 48 versichert
2141 992 106 46 sein.
2291 992 93 46 Für
2413 991 69 48 die
2506 991 349 66 überwiegende
2876 996 229 48 Mehrzahl
3136 999 79 45 der

1713 1066 214 65 heutigen
1960 1067 181 65 Geiger,
2183 1067 58 47 ob
2284 1069 61 45 sie
2374 1084 51 29 zu
2455 1067 85 47 den
2569 1075 248 42 entarteten
2849 1071 218 48 Schülern
3097 1074 118 47 eines

1715 1142 268 50 berühmten
2026 1143 110 49 oder
2181 1143 331 47 unberühmten
2542 1145 201 47 Meisters
2787 1164 49 29 zu
2879 1149 169 55 zählen,
3099 1159 116 54 passt

1713 1218 141 65 einzig
1898 1220 90 48 und
2030 1221 128 47 allein
2204 1221 77 47 das
2310 1220 440 48 Mendelssohn'sche
2780 1222 206 57 Concert,
3029 1226 98 46 weil
3170 1243 43 30 es

1719 1295 204 63 lediglich
1966 1296 78 47 das
2072 1296 403 63 Zugehörbringen
2520 1296 123 48 einer
2674 1297 243 50 Unsumme
2957 1316 82 32 von
3067 1301 148 48 Noten

1716 1368 60 65 (in
1805 1371 84 47 den
1919 1372 385 62 Allegro-Sätzen)
2329 1373 116 47 ohne
2470 1373 303 65 Anwendung
2794 1373 244 51 besonders
3061 1377 125 48 künst-

1716 1446 138 48 licher
1882 1447 277 47 Stricharten
2191 1447 315 63 beansprucht,
2535 1448 141 47 daher
2704 1465 46 32 es
2780 1466 80 32 von
2891 1452 212 47 Meislern
3132 1452 79 48 der

1716 1522 253 48 wohlfeilen
1989 1523 240 48 Mechanik
2258 1524 85 46 wie
2373 1540 82 31 von
2482 1523 284 65 dergleichen
2788 1527 220 48 Schülern
3037 1545 48 32 so
3108 1530 105 47 sehr

1715 1598 43 47 in
1786 1598 222 50 Affection
2039 1616 269 47 genommen
2338 1599 80 56 ist;
2460 1599 71 47 ihr
2561 1601 127 47 fetter
2716 1602 153 63 Bogen
2900 1604 151 63 gleitet
3079 1604 132 49 dabei

1713 1691 49 32 so
1785 1674 133 49 leicht
1941 1674 112 50 über
2074 1676 71 48 die
2168 1676 153 48 Saiten
2345 1676 194 64 hinweg,
2555 1676 84 48 wie
2657 1673 80 51 der
2757 1679 252 63 geschickte
3032 1681 156 48 Schlitt-

1712 1752 290 48 schuhläufer
2032 1752 113 48 über
2173 1752 70 48 die
2275 1752 141 48 breite
2445 1753 235 48 Eisfläche.

1827 1828 198 50 Berührt
2065 1846 104 30 man
2211 1829 78 49 das
2331 1829 175 49 Thema
2544 1831 283 66 „Entartung
2862 1831 76 49 des

1715 1900 80 66 (oft
1821 1919 216 51 synonym
2063 1905 78 49 mit
2163 1904 389 66 Abtrünnigkeit),
2580 1922 48 32 so
2657 1907 144 47 lassen
2823 1908 91 47 sich
2945 1907 64 48 bis
3030 1924 51 31 zu
3104 1909 82 47 Mei-

1712 1988 89 39 ster
1823 1982 255 48 Beethoven
2105 1983 167 47 zurück
2301 1983 107 47 viele
2436 1983 244 65 trübselige
2703 1984 289 48 Variationen
3015 1984 197 50 darüber

1712 2057 282 49 anstimmen.
2022 2058 116 48 Was
2166 2058 68 47 ich
2265 2058 191 48 diesfalls
2484 2059 113 47 auch
2629 2060 79 46 mit
2729 2060 162 47 Baillot
2917 2060 158 56 erlebt,
3107 2078 101 47 mag

1713 2134 82 46 auf
1810 2134 69 47 ein
1901 2134 140 47 ander
2065 2135 89 47 Mal
2178 2142 201 57 versparl
2407 2134 193 48 bleiben.
2629 2137 75 45 Ich
2728 2137 87 47 will
2839 2154 85 30 nur
2944 2138 267 47 schliesslich

1711 2208 58 48 im
1801 2210 193 47 Vereine
2023 2210 80 47 mit
2133 2210 236 47 mehreren
2392 2210 379 65 Sinnesgenossen
2801 2213 149 48 hoffen
2973 2213 90 48 und
3088 2217 93 44 wün-

1711 2285 151 56 schen,
1891 2286 102 47 dass
2021 2288 123 45 Herr
2174 2286 225 65 Kömpel
2430 2286 70 49 die
2520 2286 112 49 Zahl
2655 2288 78 47 der
2756 2297 247 40 entarteten
3025 2290 187 47 Schüler

1711 2363 185 47 niemals
1918 2363 283 57 vermehren,
2230 2364 192 47 sondern
2453 2372 96 39 treu
2581 2363 90 48 und
2700 2365 82 47 fest
2808 2382 55 30 an
2888 2366 165 47 seinem
3079 2366 105 47 erha-

1712 2438 144 49 benen
1884 2439 217 48 Vorbilde
2140 2440 178 65 hangen
2347 2440 164 48 werde.
2567 2443 99 45 Nur
2704 2443 112 47 zehn
2855 2443 140 48 Jahre
3039 2444 171 55 weiter,

1711 2515 90 47 und
1832 2532 45 31 es
1908 2516 112 47 wird
2049 2516 91 49 sich
2171 2518 218 47 vielleicht
2415 2518 137 47 schon
2580 2518 169 63 zeigen,
2778 2519 99 48 dass
2901 2519 99 48 kein
3020 2520 193 47 Zweiter

1711 2591 129 47 mehr
1868 2608 82 32 aus
1978 2593 186 64 Spohr's
2192 2594 164 47 Schule
2385 2593 70 48 ein
2489 2594 350 48 unverfälschtes
2867 2596 214 63 Zeugniss
3109 2595 78 47 dar-

1713 2667 114 47 über
1853 2685 52 29 zu
1936 2669 147 63 geben
2114 2670 55 46 im
2201 2669 169 48 Stande
2398 2670 67 47 ist.

1823 2746 62 46 Es
1928 2745 165 49 bedarf
2127 2746 120 48 wohl
2293 2746 135 50 kaum
2464 2746 80 48 der
2576 2747 345 66 Versicherung,
2964 2749 99 48 dass
3094 2750 119 47 Herr

1710 2820 193 65 Kömpel
1942 2821 71 48 die
2045 2824 348 63 Versammlung
2435 2822 57 47 im
2522 2824 392 48 Museums-Saale
2954 2843 51 30 zu
3050 2826 158 47 enthu-

1707 2896 258 50 siastischen
1998 2899 489 64 Beifallsbezeigungen
2517 2900 273 65 hingerissen
2822 2901 88 48 hat.

3014 2904 54 47 A.
3092 2904 44 47 S.

1999 3139 87 53 Die
2128 3139 287 54 Sixtinische
2455 3139 192 71 Capelle
2689 3139 48 53 in
2781 3139 135 53 Rom.

1998 3232 378 55 Mariano
2430 3232 433 55 Astolfi.

1818 3361 95 45 Der
1940 3361 145 48 Name
2114 3361 77 48 des
2223 3362 272 65 päpstlichen
2527 3362 307 65 Sängerchors
2864 3363 121 47 leitet
3013 3363 89 49 sich
3136 3365 50 47 be-

1706 3436 224 48 kanntlich
1961 3453 83 32 von
2074 3437 80 48 der
2185 3439 182 64 Capelle
2397 3439 57 47 im
2487 3441 188 47 Vatican
2706 3439 96 54 her,
2839 3439 71 47 die
2952 3448 130 40 unter
3109 3442 74 46 Six-

1704 3520 69 40 tus
1791 3512 74 48 IV.
1889 3512 138 49 1473
2048 3513 171 65 gebaut
2250 3514 156 49 wurde
2433 3514 88 49 und
2546 3516 141 47 durch
2707 3516 157 47 Michel
2892 3517 207 62 Angelo's
3118 3517 59 47 Ge-

1704 3589 146 49 mälde
1865 3588 76 50 des
1958 3591 158 48 letzten
2135 3592 206 48 Gerichts
2358 3593 165 64 geziert
2538 3593 126 48 wird.
2693 3594 94 46 Der
2806 3593 121 48 Chor
2943 3593 51 47 ist
3010 3593 119 47 nicht
3150 3611 52 30 zu

1704 3667 301 47 verwechseln
2043 3669 78 46 mit
2160 3669 100 47 dem
2292 3671 285 61 Sängerchor
2605 3687 82 31 von
2718 3671 61 45 St.
2812 3672 144 49 Peter,
2999 3669 81 47 der
3108 3687 99 31 vom

1704 3744 162 63 Papste
1881 3743 145 47 Julius
2045 3746 75 47 111.
2146 3744 81 49 her
2250 3746 113 48 auch
2388 3746 84 47 den
2496 3747 174 47 Namen
2697 3744 179 66 Capella
2901 3743 137 50 Julia
3069 3747 137 46 führt.

1705 3818 137 48 Beide
1872 3819 213 65 Capellen
2128 3822 131 48 leiten
2299 3822 215 65 übrigens
2557 3823 124 47 ihren
2712 3823 235 64 Ursprung
2982 3840 83 30 von
3097 3823 82 47 Gre-

1705 3913 82 46 gor
1817 3897 49 52 1.,
1908 3897 91 47 also
2030 3914 79 31 aus
2139 3898 102 48 dem
2273 3899 171 64 Beginn
2487 3899 75 47 des
2598 3898 230 48 siebenten
2855 3899 348 50 Jahrhunderts,

1707 3972 92 48 her.
1850 3973 85 47 Die
1964 3975 154 47 älteste
2148 3977 281 62 Benennung
2461 3992 92 32 war
2582 3975 116 47 wohl

1705 4049 352 64 Sängerschule;
2082 4053 98 47 eine
2200 4053 150 47 solche
2368 4053 120 47 hatte
2513 4052 80 48 fast
2609 4050 104 65 jede
2731 4050 281 51 bedeutende
3028 4053 177 47 Kirche.
