3790 4572
2196 3885 212 42 270

1104 594 109 39 nung
1240 579 68 40 für
1336 579 63 39 die
1419 579 241 52 Zinkätzung
1687 579 41 38 in
1747 577 165 53 Auftrag
1939 591 51 26 zu
2018 579 137 51 geben.
2196 580 61 37 Da

1105 642 82 39 sich
1213 643 33 49 ja
1272 642 117 38 heute
1425 639 74 39 fast
1531 640 89 51 jede
1662 639 345 51 Strichzeichnung
2047 639 41 39 in
2125 640 131 50 jedem

1103 702 212 39 Massstabe
1335 699 307 53 vervielfältigen
1660 701 101 47 lässt,
1789 714 45 25 so
1852 700 128 40 haben
1998 701 100 38 viele
2117 701 116 38 Zeich-

1103 776 71 26 ner
1194 763 78 38 den
1290 762 94 38 Sinn
1402 762 68 38 für
1489 762 62 38 die
1564 762 164 51 richtige
1744 762 149 38 Grösse
1909 762 103 39 ihrer
2025 762 231 51 Zeichnung

1103 823 82 40 und
1211 823 70 38 für
1308 823 62 38 die
1397 823 162 51 richtige
1595 823 132 38 Stärke
1760 823 70 38 der
1870 823 149 39 Striche
2060 822 195 39 verloren.

1102 885 75 38 Die
1200 884 110 39 beste
1329 884 82 38 Kur
1428 884 49 38 ist
1496 897 52 34 es,
1568 882 70 40 auf
1651 884 77 38 den
1746 884 221 39 Holzstock
1985 897 50 26 zu
2053 884 201 46 zeichnen,

1103 946 78 38 also
1200 945 41 38 in
1260 944 91 39 dem
1371 945 198 47 Massstab,
1588 945 42 39 in
1649 945 89 39 dem
1759 944 62 39 die
1840 945 232 51 Zeichnung
2089 944 143 40 wieder-

1103 1006 177 51 gegeben
1305 1005 84 39 und
1416 1005 188 52 gedruckt
1622 1005 110 40 wird.
1776 1007 97 37 Man
1891 1006 143 39 wende
2054 1006 77 38 also
2156 1006 99 39 auch

1102 1066 63 39 die
1191 1067 193 50 mässigen
1402 1066 131 40 Mittel
1561 1066 73 49 auf,
1661 1080 68 26 um
1758 1067 62 38 die
1840 1067 230 52 Zeichnung
2088 1068 41 38 in
2147 1067 107 39 Holz

1101 1127 213 40 schneiden
1341 1139 51 27 zu
1417 1127 125 39 lassen
1549 1146 10 29 j
1588 1128 63 38 die
1674 1129 149 38 Striche
1850 1129 164 38 werden
2041 1129 104 38 dann
2171 1142 84 25 von

1101 1188 127 38 selber
1256 1188 195 40 einfacher
1477 1188 83 39 und
1580 1189 142 39 breiter
1741 1189 174 39 werden.
1961 1190 77 38 Das
2058 1187 196 42 treffliche

2363 579 166 53 Beispiel
2557 579 71 38 der
2655 579 249 52 Hamburger
2931 579 260 49 Dilettanten,
3225 581 63 38 die
3321 583 82 39 sich
3434 584 80 40 ihre

2362 640 319 39 Bücherzeichen
2709 640 126 39 selber
2861 641 42 39 in
2928 640 106 40 Holz
3062 640 224 49 schneiden,
3314 643 200 42 verdiente

2362 701 132 39 besser
2522 701 170 38 bekannt
2718 701 85 39 und
2832 701 260 52 nachgeahmt
3119 714 50 26 zu
3196 703 175 39 werden.

2467 763 47 37 In
2542 762 146 38 diesem
2707 762 127 48 Sinne,
2862 763 137 51 glaube
3026 763 74 47 ich,
3130 762 90 39 darf
3235 763 109 51 jeder
3362 766 152 41 Freund

2363 823 69 38 der
2459 823 217 40 deutschen
2702 823 128 40 Kunst
2857 824 92 39 dem
2976 824 237 39 Gebrauche
3250 824 69 39 der
3346 827 144 40 Bücher-

2361 884 164 40 zeichen
2552 884 65 40 das
2646 885 126 39 Wort
2803 884 135 40 reden.
2992 885 98 39 Wie
3122 885 62 38 die
3212 885 302 54 Wappenkunst

2362 959 39 25 es
2430 946 143 51 gethan
2598 946 82 46 hat,
2716 959 44 25 so
2789 945 158 39 können
2975 946 97 39 auch
3106 946 62 38 die
3209 946 190 40 Ex-libris
3441 950 54 39 bis-

2360 1007 143 38 weilen
2530 1007 116 38 einen
2672 1007 164 38 Funken
2863 1007 133 40 echter
3029 1007 127 39 Kunst
3186 1008 41 38 in
3267 1008 133 39 Kreise
3433 1012 80 39 und

2360 1068 155 38 Häuser
2541 1078 147 41 tragen,
2716 1080 50 26 zu
2794 1067 131 39 denen
2952 1079 110 28 sonst
3089 1082 74 24 nur
3191 1069 64 39 das
3284 1070 228 52 Alltägliche

2360 1129 146 39 Zutritt
2531 1129 77 39 hat.
2653 1129 96 38 Und
2766 1128 109 51 jeder
2895 1129 186 47 einzelne,
3111 1129 69 38 der
3198 1143 73 26 uns
3291 1143 222 39 gewonnen

2359 1189 111 47 wird,
2498 1202 105 27 muss
2631 1189 373 41 hochwillkommen
3031 1190 93 39 sein.
