3790 4572
2293 3903 214 42 262

1210 602 124 40 führt:
1370 615 74 26 vor
1478 602 100 39 allen
1605 616 48 24 an
1680 601 301 39 Tintenfässern
2007 602 83 38 und
2122 603 237 48 Leuchtern,

1212 663 77 38 den
1317 663 246 50 wichtigsten
1589 663 222 38 Utensilien
1839 663 67 38 des
1935 663 312 47 Schreibtisches,
2275 665 84 38 und

1210 725 53 37 im
1291 724 266 38 sechzehnten
1577 724 261 47 Jahrhundert
1865 723 97 39 auch
1991 737 48 24 an
2067 724 293 39 Kaminböcken

1208 784 83 39 und
1326 784 311 53 Thürklopfern.
1696 784 197 47 Dadurch,
1931 784 84 39 dass
2053 784 199 39 dieselben
2288 786 72 39 mit

1210 845 232 46 Statuetten,
1470 858 90 26 zum
1578 845 93 39 Teil
1693 845 40 39 in
1761 845 305 53 phantastischer
2096 846 151 47 Weise,
2272 860 66 26 ver-

1209 905 162 38 bunden
1381 906 176 46 wurden,
1568 907 166 38 wurden
1749 906 53 40 sie
1817 920 65 25 aus
1899 906 204 40 einfachen
2111 907 224 40 Gebrauchs-

1209 966 292 50 gegenständen
1555 967 180 51 zugleich
1787 967 317 51 hervorragende
2150 968 183 39 Schmuck-

1208 1027 133 38 stücke
1388 1027 68 38 des
1500 1027 203 41 Zimmers.
1769 1029 94 38 Dies
1906 1028 70 51 gilt
2016 1028 238 39 namentlich
2294 1029 65 39 für

1207 1087 193 52 Venedig,
1437 1102 66 25 wo
1541 1088 65 39 das
1641 1089 172 40 Zimmer
1846 1090 69 38 der
1949 1090 247 39 vornehmen
2222 1089 110 39 Vene-

1207 1148 139 47 zianer,
1376 1148 64 40 das
1470 1149 125 40 durch
1623 1150 61 39 die
1704 1151 218 38 Statuetten
1950 1151 67 39 auf
2032 1151 151 38 Simsen
2209 1151 82 38 und
2317 1152 43 38 in

1206 1209 180 39 Nischen
1413 1210 82 38 und
1527 1210 125 41 durch
1687 1211 103 39 diese
1819 1212 281 51 angewandten
2129 1212 229 47 Statuetten,

1206 1269 74 39 wie
1309 1270 53 38 sie
1381 1272 109 38 wohl
1516 1286 62 24 am
1606 1271 259 40 treffendsten
1883 1286 50 24 zu
1952 1272 245 40 bezeichnen
2214 1279 144 41 wären,

1207 1330 117 39 einen
1358 1331 88 40 sehr
1479 1333 264 52 eigenartigen
1775 1334 213 39 Charakter
2024 1334 149 39 erhielt.
2226 1335 59 37 Da
2317 1334 43 39 in

1205 1404 171 26 unseren
1420 1394 176 39 Berliner
1636 1396 170 38 Museen
1851 1395 69 39 alle
1962 1395 281 51 Gegenstände
2290 1395 68 39 des

1206 1453 245 40 Mittelalters
1470 1455 82 39 und
1576 1456 69 39 der
1663 1456 270 47 Renaissance,
1962 1456 62 39 die
2049 1456 79 39 den
2147 1456 212 40 Charakter

1206 1513 67 39 des
1294 1514 142 40 Geräts
1464 1528 136 40 tragen
1628 1517 97 38 oder
1753 1517 137 38 darauf
1908 1519 131 50 Bezug
2065 1517 139 47 haben,
2232 1517 127 38 bisher

1205 1573 92 40 dem
1338 1576 172 40 Gebiete
1551 1578 67 39 des
1655 1578 544 50 Kunstgewerbe-Museums
2240 1590 95 38 zuge-

1204 1634 148 40 wiesen
1380 1636 97 49 sind,
1505 1652 44 25 so
1577 1639 98 39 habe
1703 1639 64 39 ich
1794 1652 74 25 nur
1897 1640 124 51 einige
2039 1638 318 51 hervorragende

1204 1697 188 53 Beispiele
1441 1699 154 39 solcher
1642 1700 306 51 „angewandter
1996 1702 269 44 Statuetten“,
2317 1700 42 38 in

1205 1757 131 39 denen
1365 1759 64 39 das
1456 1760 217 51 Figürliche
1701 1774 98 37 ganz
1826 1761 230 52 überwiegt,
2086 1761 69 38 der
2182 1761 150 38 Bronze-

1204 1819 196 52 abteilung
1428 1821 263 39 einverleiben
1709 1822 170 38 können.
1917 1822 125 38 Einen
2070 1821 289 51 vollständigen

1203 1879 152 52 Begriff
1362 1881 71 38 der
1446 1881 267 40 italienischen
1728 1882 248 53 Kleinplastik
1988 1883 42 39 in
2044 1884 155 37 Bronze
2219 1881 138 40 würde

1204 1941 62 38 die
1277 1942 225 51 Abteilung,
1517 1943 75 39 wie
1608 1942 60 39 die
1684 1944 425 52 Bronzesammlungen
2123 1944 54 38 im
2187 1943 170 47 Louvre,

1202 2002 42 39 in
1272 2003 78 38 den
1377 2003 170 39 Wiener
1574 2004 179 47 Museen,
1789 2005 55 38 im
1880 2007 141 37 Museo
2056 2004 218 40 Nazionale
2307 2016 50 26 zu

1202 2063 169 39 Florenz
1411 2063 215 49 beweisen,
1668 2077 79 27 erst
1788 2065 124 40 durch
1953 2065 404 51 Zusammenstellung

1204 2124 125 39 dieser
1378 2124 54 39 im
1482 2126 532 51 Kunstgewerbe-Museum
2058 2126 71 40 auf
2131 2126 227 40 bewahrten

1203 2185 141 38 Stücke
1373 2185 138 51 geben,
1538 2197 118 28 unter
1685 2187 132 39 denen
1844 2188 238 39 namentlich
2101 2187 63 38 die
2183 2188 150 37 Bronze-

1202 2245 154 53 klopfer
1383 2246 193 40 zahlreich
1604 2248 83 39 und
1713 2248 252 41 vortrefflich
1993 2249 96 39 sind.

1279 2308 79 37 Das
1382 2307 227 40 Tintenfass
1637 2309 42 39 in
1707 2309 69 38 der
1796 2310 255 39 Renaissance
2078 2311 50 38 ist
2237 2323 121 26 wenn

1202 2367 110 40 nicht
1343 2369 233 51 kastenartig
1610 2370 179 50 gestaltet
1820 2371 84 39 und
1932 2371 105 39 dann
2065 2385 64 25 aus
2157 2371 201 39 Plaketten

1201 2441 379 39 zusammengesetzt
1714 2432 43 39 in
1799 2432 71 38 der
1908 2433 124 50 Regel
2072 2432 52 39 als
2167 2432 189 47 Muschel,

1202 2491 209 46 Schnecke,
1433 2491 189 40 Füllhorn
1640 2492 100 39 oder
1759 2493 75 51 dgl.
1855 2493 182 51 gebildet,
2066 2493 62 38 die
2148 2507 84 25 von
2250 2494 107 38 einer

1201 2552 115 51 Figur
1336 2563 184 40 getragen
1540 2553 160 39 werden
1727 2555 100 38 oder
1854 2554 63 38 die
1946 2554 97 40 auch
2070 2567 75 25 nur
2173 2554 69 38 auf
2266 2554 91 38 dem

1202 2612 139 39 Sockel
1374 2613 131 38 neben
1541 2613 69 39 der
1644 2615 114 51 Figur
1792 2615 98 38 oder
1919 2616 169 51 Gruppe
2121 2615 236 51 angebracht

1202 2674 98 39 sind.
1338 2674 115 38 Ganz
1468 2674 154 40 ähnlich
1640 2676 99 39 wird
1759 2677 97 38 auch
1870 2676 69 38 der
1953 2676 197 40 Leuchter
2166 2676 188 51 gestaltet,

1201 2748 121 26 wenn
1355 2748 91 25 man
1476 2736 99 38 über
1607 2737 176 40 einfache
1811 2738 198 38 Pflanzen-
2042 2737 98 38 oder
2167 2737 167 40 architek-

1200 2796 180 40 tonische
1400 2796 170 38 Formen
1590 2797 241 53 hinausgeht.
1869 2799 48 37 So
1936 2799 51 38 ist
2005 2812 33 25 z.
2058 2799 40 37 B.
2117 2799 66 38 das
2203 2798 130 38 Reiter-

1202 2857 80 39 bild
1311 2857 68 39 des
1406 2857 113 38 Mark
1545 2858 122 39 Aurel
1706 2872 97 38 gern
1837 2859 51 39 als
1916 2858 228 40 Tintenfass
2176 2859 82 38 und
2286 2872 46 25 zu-

1202 2918 126 51 gleich
1355 2917 50 39 als
1433 2918 198 40 Leuchter
1658 2921 249 38 verwendet:
1937 2921 90 38 dem
2056 2920 132 38 Kaiser
2214 2921 50 37 ist
2291 2920 64 39 ein

1200 2979 190 38 Füllhorn
1426 2991 70 26 zur
1533 2979 225 41 Aufnahme
1795 2981 70 39 der
1897 2982 266 38 Wachskerze
2199 2982 42 38 in
2275 2981 79 39 den

1202 3039 99 39 Arm
1331 3039 192 51 gegeben,
1555 3041 82 38 und
1667 3041 86 39 eine
1781 3043 180 39 Muschel
1989 3042 69 39 auf
2081 3042 69 38 der
2176 3043 101 38 Basis
2305 3043 49 38 ist

1200 3099 65 39 für
1293 3100 63 38 die
1375 3100 124 39 Tinte
1528 3101 209 40 bestimmt.
1780 3104 153 38 Unsere
1953 3103 222 51 Sammlung
2202 3103 151 47 besitzt,

1202 3160 51 39 als
1296 3161 296 51 Gegenstücke,
1635 3163 62 38 ein
1733 3178 89 38 paar
1858 3164 246 52 jugendliche
2147 3165 207 38 hockende

1200 3222 140 45 Faune,
1369 3236 82 25 von
1479 3222 132 40 denen
1635 3224 70 38 der
1733 3225 85 38 eine
1842 3226 179 38 Muschel
2049 3225 82 38 und
2154 3226 198 47 Füllhorn,

1201 3281 71 39 der
1299 3282 141 39 andere
1477 3297 74 25 nur
1588 3284 87 39 eine
1709 3286 179 39 Muschel
1924 3293 113 44 trägt,
2075 3286 61 39 die
2171 3287 41 37 in
2245 3287 108 48 jener

1201 3342 138 40 Weise
1368 3345 232 39 verwendet
1627 3360 143 25 waren.
1807 3347 75 38 Die
1901 3348 167 50 Figuren
2096 3347 138 39 stehen
2262 3347 91 39 dem

1202 3403 135 40 Riccio
1380 3405 97 39 nahe
1524 3406 84 38 und
1649 3407 86 38 sind
1781 3408 126 39 seiner
1954 3408 189 40 durchaus
2186 3408 165 52 würdig.

1202 3465 117 39 Auch
1346 3465 62 39 die
1429 3466 168 53 Gruppe
1618 3467 105 39 einer
1741 3469 195 38 Fauneske
1960 3469 72 38 mit
2051 3469 128 38 einem
2197 3470 155 38 kleinen

1202 3525 106 38 Faun
1334 3539 80 26 war
1440 3528 108 38 wohl
1574 3530 273 50 ursprünglich
1875 3530 124 39 durch
2027 3530 84 38 eine
2143 3530 106 50 (jetzt
2268 3531 63 39 feh-

1202 3585 130 51 lende)
1362 3588 179 39 Muschel
1566 3601 91 26 zum
1671 3589 228 40 Tintenfass
1923 3591 210 38 bestimmt.
2170 3592 95 38 Eine
2284 3606 45 25 an-

1204 3645 91 38 dere
1322 3648 186 39 reizvolle
1531 3649 115 52 Figur
1672 3650 49 39 ist
1750 3652 62 37 ein
1832 3652 132 37 Knabe
1988 3652 42 37 in
2048 3653 279 50 kurzgeschürz-

1203 3716 83 29 tem
1304 3708 122 47 Rock,
1447 3709 69 38 der
1536 3711 87 38 eine
1642 3724 133 37 grosse
1794 3712 181 39 Muschel
1995 3713 69 38 auf
2086 3713 69 38 der
2175 3714 176 39 Schulter

2465 609 112 45 trägt.
2645 604 78 38 Für
2764 604 105 38 diese
2905 605 77 38 Art
3019 605 70 38 der
3126 605 272 41 Tintenfässer
3438 609 83 40 sind
3560 614 47 38 als

2465 665 193 39 Schmuck
2691 665 99 38 oder
2821 665 154 51 Träger
3011 666 72 38 mit
3109 666 191 39 Vorliebe
3332 668 276 52 phantastische

2465 726 209 38 Gestalten
2697 726 68 38 des
2791 726 154 39 antiken
2968 727 259 38 Naturkultus
3257 741 250 38 genommen:
3534 734 74 40 Pan

2464 786 82 39 und
2566 788 82 37 sein
2667 787 120 46 Kreis,
2816 788 171 52 Neptun
3005 787 84 39 und
3109 787 106 39 seine
3234 790 373 52 Meeresungetüme,

2465 847 433 51 Schlangenmenschen
2933 849 83 38 und
3050 848 177 40 ähnliche
3264 849 69 38 der
3361 851 143 39 Antike
3539 854 69 40 frei

2465 908 201 40 entlehnte
2686 908 423 54 Phantasiegeschöpfe.
3152 910 70 38 Als
3242 910 176 54 Beispiel,
3447 913 72 39 wie
3546 916 61 39 das

2465 969 278 52 Cinquecento
2764 970 65 38 das
2848 970 231 39 Tintenfass
3099 971 260 47 entwickelte,
3387 972 136 41 besitzt
3550 976 58 40 die

2465 1031 223 51 Sammlung
2725 1032 86 37 eine
2843 1031 295 40 venezianische
3166 1032 141 38 Arbeit
3333 1032 40 38 in
3402 1034 68 38 der
3495 1036 90 41 Rich-

2463 1103 98 40 tung
2595 1091 68 38 des
2693 1092 150 52 Jacopo
2877 1093 240 45 Sanvovino,
3151 1092 62 39 die
3241 1093 87 38 Klio
3363 1093 245 45 darstellend:

2464 1152 65 39 das
2564 1152 230 40 Tintenfass
2827 1152 122 39 bildet
2981 1153 84 39 hier
3101 1153 63 39 die
3196 1154 114 47 Basis,
3346 1155 71 39 auf
3446 1156 78 48 der,
3559 1160 49 39 als

2464 1213 159 48 Deckel,
2665 1213 63 38 die
2764 1213 232 52 grossartige
3034 1214 153 39 Gestalt
3223 1214 70 40 der
3330 1216 278 44 schreibenden

2463 1275 116 37 Muse
2606 1274 235 51 angebracht
2867 1275 60 38 ist.

2542 1336 75 37 Die
2651 1336 266 44 Feuerböcke,
2957 1336 54 38 im
3050 1335 264 41 fünfzehnten
3344 1338 264 52 Jahrhundert,

2464 1395 107 39 noch
2599 1395 163 41 schlicht
2787 1397 83 38 und
2898 1411 63 25 aus
2980 1397 128 47 Eisen,
3137 1399 161 38 werden
3326 1399 52 38 im
3397 1401 118 38 Laufe
3542 1402 64 40 des

2464 1456 266 40 sechzehnten
2748 1471 49 25 zu
2811 1458 152 40 reicher
2980 1459 84 38 und
3083 1459 269 48 künstlerisch,
3368 1460 108 40 nicht
3490 1463 118 40 selten

2463 1518 292 51 hervorragend
2788 1519 124 39 schön
2945 1519 242 40 dekorierter
3213 1521 119 38 Form
3368 1522 239 51 ausgebildet.

2463 1579 262 51 Regelmässig
2766 1580 138 39 stehen
2945 1580 72 39 auf
3049 1581 145 39 hohem
3236 1582 372 53 kandelaberartigen

2463 1640 291 39 Bronzesockel
2792 1641 185 51 Figuren,
3019 1642 62 39 die
3121 1643 133 50 Bezug
3290 1642 70 39 auf
3390 1643 64 39 das
3490 1644 117 40 Feuer

2462 1702 149 39 haben:
2641 1701 226 53 Hephästos
2886 1703 82 39 und
2988 1703 105 39 seine
3114 1703 139 39 Gattin
3271 1704 233 53 Aphrodite,
3523 1705 68 39 alle-

2464 1762 179 51 gorische
2677 1762 227 48 Gestalten,
2944 1765 146 37 Putten
3123 1765 70 39 mit
3227 1765 108 39 einer
3366 1766 167 38 Flamme
3566 1768 41 38 in

2464 1823 78 38 den
2569 1823 173 39 Händen
2777 1837 38 26 u.
2850 1825 78 51 dgl.
2982 1826 75 38 Die
3091 1826 174 39 Berliner
3297 1827 219 51 Sammlung
3547 1827 61 40 hat

2463 1883 51 39 als
2549 1884 207 52 Specimen
2792 1886 237 51 wenigstens
3064 1888 74 37 Ein
3170 1888 177 52 Beispiel,
3382 1887 85 39 eine
3502 1889 106 39 recht

2463 1945 175 51 tüchtige
2666 1945 138 40 Venus
2834 1947 69 38 auf
2923 1947 273 40 mittelhohem
3224 1949 150 39 Sockel.

2543 2006 157 38 Gerade
2716 2020 82 26 von
2812 2008 126 40 dieser
2949 2009 207 52 Richtung,
3171 2023 82 25 von
3270 2009 78 39 den
3358 2010 224 50 „angewand-

2462 2078 71 27 ten
2552 2067 252 48 Statuetten“,
2833 2070 149 39 könnte
3003 2083 141 26 unsere
3163 2071 90 38 Zeit
3279 2085 82 25 von
3389 2070 69 39 der
3476 2070 130 39 Plastik

2463 2128 71 38 der
2543 2128 257 39 Renaissance
2815 2130 71 39 mit
2896 2131 151 39 bestem
3057 2131 134 51 Erfolg
3203 2132 149 39 lernen.
3380 2131 73 39 Die
3464 2132 144 38 Freude

2463 2202 48 25 an
2537 2189 156 38 kleinen
2711 2190 185 40 Bronzen
2921 2192 83 38 und
3032 2192 65 39 das
3116 2192 207 40 Bedürfnis
3352 2192 53 39 sie
3434 2192 49 38 als
3507 2193 75 38 Zim-

2462 2250 272 39 merschmuck
2750 2251 44 39 in
2811 2253 302 39 verschiedener
3131 2254 140 38 Weise
3290 2267 50 25 zu
3358 2254 247 47 verwenden,

2462 2311 50 38 ist
2529 2310 152 40 freilich
2700 2312 99 39 auch
2815 2314 97 50 jetzt
2929 2314 42 38 in
2985 2315 190 39 weiteren
3191 2315 159 39 Kreisen
3365 2315 239 46 vorhanden;

2463 2371 91 39 aber
2573 2371 61 39 die
2650 2373 78 38 Art
2745 2373 75 40 wie
2839 2375 244 52 heutzutage,
3102 2376 238 39 namentlich
3362 2375 42 40 in
3418 2377 165 38 Deutsch-

2461 2432 108 47 land,
2624 2432 63 39 die
2733 2434 186 40 Künstler
2973 2436 146 40 diesem
3169 2437 208 39 Bedürfnis
3431 2450 49 26 zu
3525 2449 60 27 ent-

2463 2494 193 52 sprechen
2673 2495 157 48 suchen,
2850 2496 49 39 ist
2912 2497 185 40 wahrlich
3116 2498 109 40 nicht
3244 2498 61 39 die
3323 2498 174 51 richtige.
3533 2497 71 38 Die

2462 2554 193 39 Arbeiten
2684 2555 126 39 dieser
2836 2558 78 38 Art
2940 2558 87 39 sind
3055 2559 123 39 leider
3204 2559 73 39 mit
3304 2560 185 51 geringen
3507 2559 74 38 Aus-

2462 2616 168 39 nahmen
2651 2618 322 47 Dutzendwaare,
3003 2620 63 38 die
3091 2621 105 39 ohne
3215 2620 166 40 feineres
3401 2622 181 37 Naturstu-

2463 2676 106 40 dium
2587 2677 83 39 und
2690 2678 105 40 ohne
2814 2679 198 40 Phantasie
3032 2683 233 38 entstanden
3291 2681 83 40 und
3393 2682 40 38 in
3452 2680 133 39 zahlrei-

2462 2738 101 39 chen
2579 2738 158 39 Güssen
2757 2740 213 40 verbreitet
2987 2742 115 46 wird;
3130 2743 165 39 zumeist
3313 2743 156 39 kokette
3488 2741 92 39 weib-

2459 2798 100 40 liche
2569 2799 220 49 Gestalten,
2794 2802 151 38 welche
2961 2802 61 39 die
3030 2804 253 39 Lüsternheit
3294 2804 68 39 des
3374 2803 225 39 Beschauers

2460 2860 143 46 reizen,
2633 2860 111 41 nicht
2763 2863 90 39 aber
2873 2877 64 25 aus
2956 2864 324 40 künstlerischem
3298 2864 204 39 Bedürfnis
3520 2865 63 38 her-

2460 2933 280 40 vorgegangen
2768 2923 99 40 sind.
2905 2925 60 38 Sie
2994 2925 85 39 sind
3099 2926 118 39 daher
3245 2926 98 39 auch
3370 2926 103 39 ohne
3498 2925 102 51 jedes

2459 2982 226 39 Verhältnis
2704 2996 91 26 zum
2814 2985 172 39 Zimmer
3015 2986 97 38 oder
3140 3000 49 25 zu
3215 2987 126 38 einem
3360 2987 242 38 bestimmten

2459 3043 104 38 Platz
2590 3043 54 38 im
2663 3044 172 39 Zimmer
2862 3047 81 38 und
2966 3046 185 40 kommen
3170 3046 53 39 im
3243 3059 121 40 guten
3382 3047 97 39 Falle
3498 3046 104 39 nicht

2458 3104 100 38 über
2587 3104 78 38 den
2693 3106 169 52 Nippes,
2889 3107 98 39 über
3015 3107 62 39 die
3106 3109 286 50 Nachahmung
3420 3108 70 38 der
3511 3109 68 36 Por-

2459 3164 281 52 zellanfiguren
2780 3166 144 40 hinaus.
2987 3170 99 37 Was
3130 3170 64 38 ein
3234 3181 150 27 ernster
3424 3168 176 39 Künstler

2458 3226 118 40 heute
2604 3227 107 39 noch
2738 3227 109 39 darin
2874 3228 139 40 leisten
3039 3231 118 46 kann,
3191 3231 83 37 und
3302 3231 147 39 welche
3476 3230 100 37 Aner-

2458 3288 190 51 kennung
2677 3300 41 25 er
2747 3288 174 41 dadurch
2948 3290 141 49 findet,
3131 3292 199 38 beweisen
3362 3292 62 37 die
3450 3290 151 39 kleinen

2458 3349 183 37 Bronzen
2674 3362 83 25 von
2784 3351 135 52 Barye,
2954 3351 62 39 die
3049 3353 72 38 mit
3153 3353 78 38 den
3264 3353 137 38 besten
3432 3353 143 36 Bronze-

2459 3420 211 27 statuetten
2703 3410 70 38 der
2801 3412 256 40 Renaissance
3093 3413 125 53 gleich
3250 3413 151 39 bezahlt
3432 3410 166 41 werden.

2458 3472 123 50 Barye
2608 3471 66 38 hat
2702 3471 82 40 sich
2812 3474 97 38 auch
2943 3474 41 38 in
3020 3474 310 52 „angewandten
3361 3474 236 39 Statuetten“

2458 3532 199 45 versucht;
2687 3532 106 39 doch
2820 3533 86 39 sind
2930 3536 104 38 seine
3054 3536 250 46 Kandelaber,
3333 3532 265 42 Tintenfässer

2457 3606 36 25 u.
2514 3606 28 24 s.
2561 3592 27 39 f.
2623 3593 107 38 seine
2759 3594 285 49 schwächsten,
3077 3597 117 38 meist
3220 3596 190 52 geradezu
3435 3591 142 43 verfehl-

2456 3664 72 28 ten
2554 3654 205 38 Arbeiten.
2794 3655 69 39 Bei
2881 3657 183 52 richtiger
3083 3657 236 40 Erkenntnis
3338 3667 160 28 unserer
3516 3666 54 25 mo-

2457 3714 152 39 dernen
2636 3715 250 40 Bedürfnisse
2919 3718 169 38 würden
3118 3718 314 52 hervorragende
3458 3716 116 38 Künst-
