3805 4572
2257 3886 211 45 258

1165 591 141 39 Arbeit
1335 591 125 38 dieser
1487 590 87 47 Art,
1602 588 151 40 freilich
1780 590 64 38 ein
1861 588 137 46 Relief,
2024 589 50 38 ist
2091 589 220 38 Bertoldo’s

1165 665 150 38 grosses
1333 650 272 39 Bronzerelief
1620 650 106 38 einer
1745 649 317 47 Reiterschlacht,
2089 650 130 38 worin
2247 650 65 38 das

1163 714 100 38 stark
1283 711 245 50 beschädigte
1548 709 293 39 Marmorrelief
1854 711 105 38 eines
1980 710 260 52 Sarkophages
2259 711 54 38 im

1163 773 155 52 Campo
1353 773 117 37 Santo
1506 783 49 26 zu
1581 771 81 38 Pisa
1695 771 284 39 rekonstruiert
2010 771 60 39 ist.
2127 771 95 38 Wie
2250 771 62 39 die

1164 833 248 50 Auffindung
1431 832 69 38 der
1518 832 344 52 Laocoongruppe
1880 833 42 39 in
1938 832 113 40 ihren
2068 831 246 40 zahlreichen

1164 893 294 40 Bruchstücken
1477 891 62 38 die
1558 892 310 40 Künstlerschaft
1885 894 154 39 Italiens
2059 905 152 40 erregte
2229 893 84 39 und

1162 968 70 26 zur
1259 953 405 50 Zusammenstellung
1691 953 83 38 und
1794 954 47 37 Er-

1164 1022 177 45 gänzung
1358 1013 134 45 reizte,
1508 1012 112 40 dafür
1640 1013 140 39 besitzt
1800 1015 65 38 das

1160 1074 336 47 Bronzekabinett,
1524 1087 130 26 ausser
1683 1075 64 39 ein
1772 1089 93 39 paar

1158 1137 216 45 Plaketten,
1407 1135 98 39 auch
1536 1135 89 39 eine
1658 1136 124 39 kleine
1810 1136 52 39 als

1159 1198 130 38 Skizze
1322 1196 232 40 behandelte
1583 1197 184 53 Gruppe,
1802 1198 63 38 die

1159 1271 103 26 zwar
1291 1257 62 39 die
1372 1257 161 52 Lösung
1551 1257 205 49 verfehlte,
1776 1259 90 38 aber

1158 1332 84 26 von
1256 1318 90 39 dem
1364 1319 419 52 Kompositionstalent
1797 1320 68 38 des

1160 1379 200 40 Künstlers
1395 1379 63 38 ein
1485 1380 181 39 beredtes
1694 1381 171 51 Zeugnis

1160 1441 138 51 ablegt.
1331 1440 197 40 Aehnlich
1543 1440 237 41 skizzenhaft
1799 1441 45 39 be-

1160 1501 160 40 handelt
1336 1501 50 38 ist
1406 1502 63 38 die
1488 1502 124 39 kleine
1627 1503 114 51 Figur
1761 1502 105 39 eines

1161 1562 155 39 antiken
1325 1562 230 52 Tragöden,
1571 1564 74 37 wie
1661 1563 62 38 die
1734 1564 133 38 Maske

1159 1623 43 38 in
1229 1622 70 39 der
1325 1623 120 39 Hand
1473 1623 202 48 andeutet;
1703 1624 62 38 die
1790 1626 52 37 Re-

1160 1684 179 38 stitution
1367 1683 107 39 eines
1502 1685 198 38 Paduaner
1723 1687 121 37 Künst-

1160 1745 75 38 lers
1263 1744 198 40 vielleicht
1480 1745 68 38 des
1567 1746 172 47 Bellano,
1768 1747 100 38 nach

1160 1805 296 40 Bruchstücken
1469 1805 109 40 einer
1588 1808 280 38 Porträtstatue

1160 1866 73 38 mit
1279 1866 123 40 falsch
1449 1869 285 37 verstandener
1783 1869 64 37 Bei-

1161 1927 153 52 fügung
1341 1941 83 26 von
1443 1928 246 47 Attributen,
1715 1928 61 39 die
1805 1929 62 38 die

1160 1989 146 38 Antike
1351 2001 75 25 nur
1477 1988 71 39 der
1599 1989 153 39 Gestalt
1797 1990 71 38 der

1160 2048 201 52 Tragödie
1389 2049 119 39 selbst
1541 2050 179 51 gegeben
1746 2051 119 39 hätte.

1159 2110 119 39 Auch
1317 2109 62 39 die
1414 2123 153 39 grosse,
1606 2112 88 37 sehr
1727 2112 141 52 fleissig

1160 2170 315 40 durchciselierte
1491 2172 189 39 Statuette
1696 2173 68 38 des
1785 2186 62 26 aus-

1158 2231 207 40 ruhenden
1398 2232 211 48 Herkules,
1654 2233 87 40 eine
1779 2234 89 39 sehr

1161 2292 352 40 charakteristische
1574 2294 143 39 Arbeit
1775 2296 70 38 Ber-

1159 2353 161 47 toldo’s,
1339 2354 50 37 ist
1414 2355 341 50 augenscheinlich
1781 2356 86 39 eine

1160 2414 102 40 nach
1290 2414 107 39 einer
1431 2415 98 38 oder
1556 2414 197 42 vielleicht
1778 2430 67 26 ver-

1160 2475 242 40 schiedenen
1412 2476 346 52 unvollständigen
1765 2479 77 38 Her-

1159 2536 399 52 kulesdarstellungen
1617 2538 250 51 hergestellte

1160 2597 98 38 freie
1273 2598 347 39 Rekonstruktion.
1661 2600 75 38 Die
1756 2601 112 39 mehr

1161 2657 52 39 als
1240 2657 361 53 halblebensgrosse
1621 2661 117 38 Büste
1759 2661 108 39 einer

1162 2720 148 51 jungen
1320 2720 98 38 Frau
1428 2719 71 39 mit
1510 2720 189 41 seitwärts
1710 2723 136 51 geneig-

1160 2791 84 27 tem
1261 2781 136 52 Haupt
1414 2781 86 38 und
1519 2781 227 52 klagendem
1764 2783 78 38 Aus-

1162 2840 122 38 druck
1311 2840 105 51 giebt
1440 2842 82 40 sich
1549 2843 50 38 als
1619 2843 70 39 der
1707 2844 73 38 frei
1799 2845 45 37 be-

1160 2901 182 40 handelte
1367 2903 365 40 Büstenausschnitt
1759 2904 107 39 einer

1160 2961 155 40 antiken
1344 2962 284 53 Gewandfigur
1660 2978 50 26 zu
1738 2966 212 47 erkennen,
1979 2966 51 40 als
2058 2966 125 39 deren
2209 2967 78 39 Ver-

1159 3022 164 52 fertiger
1351 3022 124 41 durch
1494 3024 78 39 den
1589 3025 214 53 Vergleich
1829 3029 71 36 mit
1919 3027 91 39 dem
2029 3028 283 39 bezeichneten

1160 3083 131 39 Relief
1312 3083 41 40 in
1381 3083 70 40 der
1469 3086 158 52 Kapelle
1656 3086 68 39 des
1753 3088 117 38 Santo
1899 3101 49 26 zu
1975 3089 125 38 Padua
2128 3088 81 40 sich
2241 3089 71 38 der

1160 3144 250 40 Venezianer
1424 3146 182 39 Antonio
1621 3147 213 40 Lombardi
1846 3149 217 39 feststellen
2076 3150 100 39 lässt.
2213 3151 98 38 Von

1162 3204 125 39 dieser
1301 3206 119 39 Büste
1439 3207 185 39 kommen
1638 3210 176 38 mehrere
1830 3210 372 52 Wiederholungen
2216 3224 93 33 vor;

1162 3266 87 38 eine
1273 3266 223 49 derselben,
1529 3268 54 39 im
1609 3271 185 38 Museum
1830 3283 51 26 zu
1914 3271 194 48 Modena,
2144 3272 66 39 hat
2246 3272 65 39 ein

1162 3326 271 52 Gegenstück,
1470 3342 84 26 von
1582 3331 92 38 dem
1708 3332 75 38 mir
1819 3332 63 39 ein
1916 3332 161 40 anderes
2105 3333 206 53 Exemplar

1160 3386 109 40 nicht
1298 3389 168 40 bekannt
1493 3392 60 37 ist.

1240 3448 75 39 Die
1333 3450 238 52 Verehrung
1592 3452 71 38 der
1680 3452 159 48 Antike,
1867 3453 70 39 der
1956 3454 156 39 Genuss
2140 3455 83 39 und
2242 3456 67 38 das

1164 3508 176 41 Studium
1368 3512 206 39 derselben
1602 3513 166 39 standen
1799 3514 43 39 in
1875 3514 70 39 der
1972 3515 258 40 Renaissance
2264 3530 45 25 so

1162 3567 116 49 hoch,
1306 3570 86 40 dass
1420 3572 109 41 nicht
1548 3587 75 25 nur
1643 3574 63 38 die
1726 3588 97 38 ganz
1841 3575 277 41 humanistisch
2138 3577 151 51 gebilde-

1163 3639 69 28 ten
1250 3631 286 41 Kunstmäcene
1555 3635 84 38 und
1654 3636 296 40 Kunstfreunde
1970 3637 116 40 dahin
2106 3638 203 52 drängten,

1164 3690 173 40 sondern
1371 3693 148 40 ebenso
1554 3695 62 38 die
1652 3697 166 39 meisten
1848 3698 188 39 Künstler
2072 3699 120 39 selbst
2225 3700 84 39 ihre

2418 588 165 39 höchste
2623 587 152 39 Freude
2816 587 108 39 darin
2964 586 161 49 fanden,
3159 588 65 47 da,
3265 602 65 25 wo
3365 590 53 38 sie
3452 591 111 41 keine

2419 649 197 50 Originale
2656 649 151 47 hatten,
2854 649 100 39 nach
2997 648 283 41 litterarischen
3323 650 219 42 Ueberliefe-

2418 723 151 38 rungen
2598 709 62 39 die
2679 710 146 38 Antike
2854 709 339 51 gewissermassen
3220 722 78 26 neu
3324 722 50 28 zu
3397 712 167 42 schaffen

2418 771 83 38 und
2536 770 61 39 die
2633 769 167 52 eigenen
2827 771 281 52 Schöpfungen
3135 771 238 50 womöglich
3404 772 70 40 mit
3501 788 42 26 an-

2418 831 119 39 tikem
2564 830 139 40 Geiste
2731 844 49 26 zu
2808 831 303 51 durchdringen.
3165 831 77 38 Die
3271 832 199 40 Mehrzahl
3496 835 67 40 der

2416 893 371 39 Bronzestatuetten
2813 892 75 40 wie
2908 892 71 38 der
2997 893 199 38 Plaketten
3224 891 87 40 sind
3338 906 63 26 aus
3422 894 142 43 diesem

2860 953 166 39 Streben
3070 953 365 52 hervorgegangen,
3481 957 83 40 sind

2859 1014 72 39 mit
2964 1013 148 39 diesem
3145 1013 138 40 Geiste
3312 1015 141 40 erfüllt.
3507 1019 58 38 Sie

2860 1076 130 50 geben
3023 1075 80 38 den
3138 1075 310 40 künstlerischen
3475 1078 90 40 Sinn

2860 1137 71 37 der
2975 1136 88 39 Zeit
3106 1135 118 40 freier
3268 1136 83 39 und
3394 1140 147 51 mannig-

2859 1198 132 38 facher
3032 1197 160 48 wieder,
3232 1198 52 38 als
3326 1198 63 38 die
3425 1199 120 51 gleich-

2860 1258 170 51 zeitigen
3074 1260 193 37 Marmor-
3316 1259 83 39 und
3444 1260 102 40 Stein-

2860 1320 193 47 arbeiten,
3091 1320 47 37 da
3173 1319 104 39 diese
3311 1320 69 38 der
3408 1334 158 38 grossen

2861 1380 202 40 Mehrzahl
3100 1381 101 39 nach
3236 1379 66 40 für
3338 1381 63 38 die
3428 1382 138 40 Kirche

2861 1441 51 39 als
2924 1441 190 40 Schmuck
3128 1441 81 39 und
3221 1442 321 53 Andachtsgegen-

2861 1502 139 40 stände
3020 1503 249 38 entstanden.
3298 1504 115 38 Ganz
3427 1504 117 39 beson-

2861 1564 88 38 ders
2964 1564 65 39 hat
3042 1564 70 38 der
3126 1563 199 41 männlich
3338 1565 121 38 herbe
3474 1565 93 39 Sinn

2861 1625 67 38 des
2940 1626 293 48 Quattrocento
3248 1626 83 38 hier
3344 1626 113 38 einen
3472 1639 93 38 ganz

2861 1687 168 50 eigenen
3064 1686 160 39 reichen
3258 1686 206 39 Ausdruck
3503 1700 42 38 ge-

2858 1747 166 39 funden.
3086 1747 75 39 Die
3205 1747 248 51 Darstellung
3499 1748 65 38 des

2860 1808 292 39 menschlichen
3188 1809 190 52 Körpers,
3413 1821 50 26 zu
3498 1808 68 39 der

2860 1869 62 39 die
2959 1869 209 39 kirchliche
3211 1871 129 37 Kunst
3377 1883 74 25 nur
3485 1883 61 25 aus-

2860 1930 254 39 nahmsweise
3143 1930 99 39 oder
3268 1930 43 39 in
3337 1930 206 40 beschränk-

2859 2002 83 27 tem
2969 1993 128 36 Masse
3135 1992 74 50 (am
3237 1991 168 39 meisten
3431 1992 41 38 in
3499 1991 67 38 der

2860 2052 268 51 Wiedergabe
3152 2051 68 39 des
3241 2052 321 53 Kinderkörpers)

2861 2113 263 51 Gelegenheit
3161 2113 90 47 bot,
3293 2113 151 40 konnte
3486 2114 80 39 hier

2858 2175 83 39 voll
2960 2188 69 26 zur
3043 2175 178 51 Geltung
3244 2176 199 46 kommen,
3461 2176 34 50 ja
3514 2176 51 37 sie

2859 2236 137 39 wurde
3023 2236 113 39 recht
3156 2235 209 52 eigentlich
3389 2235 61 39 die
3468 2235 74 40 Auf-

2860 2297 97 51 gabe
2985 2297 71 39 der
3082 2297 157 39 kleinen
3266 2296 300 53 Bronzeplastik.

2858 2358 76 38 Die
2949 2358 189 38 Vorliebe
3156 2358 66 38 für
3241 2357 62 39 die
3320 2357 246 52 Darstellung

2860 2419 66 39 des
2978 2419 248 39 männlichen
3270 2419 189 52 Körpers,
3504 2418 61 39 die

2859 2493 133 39 grosse
3013 2481 168 39 keusche
3196 2480 87 47 Art,
3302 2480 75 38 wie
3393 2480 173 38 derselbe

2859 2541 209 51 aufgefasst
3085 2541 85 39 und
3189 2541 65 38 bei
3273 2541 91 38 dem
3383 2552 183 40 strengen

2858 2602 283 40 Naturalismus
3170 2603 106 40 doch
3303 2602 163 40 schlicht
3483 2602 82 38 und

2859 2663 101 39 breit
2973 2663 209 40 behandelt
3191 2663 60 48 ist,
3266 2663 298 40 charakterisiert

2859 2724 63 38 die
2966 2724 362 48 Frührenaissance,
3379 2724 186 40 während

2859 2784 62 39 die
2940 2786 290 51 Bevorzugung
3250 2786 67 38 des
3336 2785 228 40 weiblichen

2857 2847 194 52 Körpers,
3111 2847 65 38 das
3241 2847 165 39 Streben
3469 2847 96 38 nach

2858 2908 199 50 Rundung
3096 2908 83 38 und
3218 2908 245 47 Weichheit,
3505 2908 60 38 die

2416 2967 261 52 Vollendung
2711 2968 41 39 in
2787 2968 70 39 der
2884 2968 312 52 Durchführung
3230 2970 70 38 der
3334 2968 231 40 Oberfläche

2415 3028 67 39 für
2509 3029 63 38 die
2599 3029 367 40 Hochrenaissance
2994 3030 270 39 bezeichnend
3291 3030 105 48 sind,
3427 3029 115 51 Eigen-

2417 3089 193 48 schaften,
2638 3090 63 38 die
2728 3090 53 39 im
2799 3092 148 37 Barock
2973 3092 82 39 sich
3073 3092 72 38 mit
3173 3092 91 38 dem
3283 3091 165 39 Streben
3467 3089 98 39 nach

2421 3151 151 39 reicher
2590 3151 82 38 und
2691 3152 305 51 mannigfaltiger
3008 3153 226 51 Bewegung
3248 3151 219 40 verbinden
3483 3149 81 40 und

2416 3225 51 26 zu
2486 3212 108 38 einer
2609 3212 263 47 schlankeren,
2892 3213 89 39 aber
3000 3213 178 52 zugleich
3198 3212 365 40 oberflächlicheren

2415 3273 241 52 Auffassung
2683 3274 70 38 der
2779 3275 170 38 Formen
2977 3274 154 40 führen.

2493 3335 83 38 Der
2603 3335 281 39 Naturalismus
2919 3335 70 38 der
3016 3335 255 39 Renaissance
3304 3334 94 40 fand
3428 3333 41 40 in
3496 3333 67 38 der

2415 3396 379 38 Bronzekleinkunst
2822 3396 97 40 auch
2947 3396 61 39 die
3036 3396 80 39 ihm
3144 3408 113 27 sonst
3279 3396 42 39 in
3341 3396 69 38 der
3428 3394 136 40 Plastik

2415 3457 73 39 fast
2514 3468 177 39 versagte
2721 3457 262 51 Gelegenheit
3018 3470 50 26 zu
3100 3459 271 50 genreartigen
3398 3454 145 41 Darstel-

2414 3518 148 51 lungen
2569 3535 9 29 ;
2606 3531 75 25 vor
2700 3518 122 47 allem,
2851 3519 63 38 bei
2932 3519 70 38 der
3020 3518 202 47 Vorliebe,
3251 3518 88 39 alles
3363 3519 41 38 in
3422 3518 139 38 antikes

2416 3579 184 38 Gewand
2627 3591 50 26 zu
2705 3579 153 39 kleiden
2884 3580 85 38 und
2997 3580 69 38 der
3093 3580 145 39 Antike
3268 3578 293 45 nachzubilden,

2415 3640 125 38 durch
2559 3640 63 39 die
2641 3641 122 39 Wahl
2783 3641 259 51 genreartiger
3062 3641 205 39 Gestalten
3295 3653 63 26 aus
3388 3640 68 39 der
3473 3640 59 50 My-

2415 3701 188 51 thologie.
2665 3702 75 38 Die
2783 3702 147 47 Faune,
2971 3702 238 51 Nymphen,
3246 3701 202 39 Tritonen
3483 3697 80 40 und
