3606 4572
1226 1049 546 67 Inhaltsverzeichnis.

1446 1170 114 51 Text.

659 1243 27 5 ~
2270 1222 66 25 Seite

660 1246 16 29 1
683 1246 112 33 heodor
813 1248 145 42 Fontme,
982 1251 228 44 Lurenkomyrt

736 1322 20 17 >9
888 1325 20 17 »
983 1303 75 41 Fire,
1082 1305 56 31 but
1158 1308 86 30 do’nt
1264 1308 74 32 hurt
1358 1310 45 32 the
1416 1312 73 40 flag
2278 1317 62 32 216

735 1375 20 17 »
887 1378 19 16 »
980 1355 273 42 Balinefmfraum
1275 1363 64 38 auf
1356 1363 128 32 Lombok
2281 1377 54 24 218

658 1402 95 40 Willy
776 1404 193 44 Grohmann,
994 1408 74 31 Ecce
1091 1410 91 32 Poeta
2274 1430 20 23 2
2296 1430 34 32 ip

649 1455 109 38 Julius
779 1456 91 41 Hart,
895 1458 36 31 In
951 1460 58 30 der
1028 1461 103 32 Einöd

654 1507 144 32 Mathieu
821 1509 159 43 Sämann,
1004 1513 87 32 Liehe
2172 1549 7 8 t
2272 1535 59 32 22^

651 1559 81 32 Karl
752 1561 154 42 Hmckell,
931 1564 222 44 Blindenklage

652 1663 99 41 Cäfar
769 1665 170 43 Flaifchlen,
963 1669 50 31 ein
1035 1670 171 33 Rückblick.
1251 1674 69 31 Zur
1338 1677 167 31 modernen
1528 1678 156 43 Dichtung
2273 1693 56 33 233

649 1716 104 41 Harry
777 1719 87 38 Graf
882 1720 117 41 Keßler,
1023 1723 101 31 Henri
1144 1726 37 30 de
1204 1726 136 40 Regnier
2267 1745 61 34 243

652 1769 141 32 Wilhelm
816 1772 90 39 Bode,
930 1773 72 32 Aus
1024 1776 58 30 der
1101 1776 173 43 Abteilung
1293 1780 198 42 italienifcher
1511 1783 138 39 Bronzen
1674 1785 33 30 in
1729 1787 60 29 den
1811 1786 139 32 Berliner
1970 1787 125 41 Mufeen
2126 1811 8 9 .
2169 1813 7 7 .
2215 1814 6 6 .
2265 1798 61 34 230

648 1822 90 31 Peter
748 1823 105 41 Jeffen,
879 1818 82 38 Über
981 1826 148 33 Ex-libris

651 1874 46 31 W.
715 1884 61 22 von
958 1878 61 32 Ein
1041 1881 159 40 englifcher
1220 1883 228 40 Kunßkntiker
1469 1887 114 41 George
1606 1889 104 32 Moore
2269 1903 57 34 231

1203 1987 320 67 Abbildungen
1559 1992 58 49 im
1659 1992 113 52 Text.

648 2069 254 43 Umrahmungen
926 2082 61 22 von
1011 2073 73 32 Otto
1105 2075 162 34 Eckmann
2088 2096 61 34 213,
2171 2097 70 33 234,
2263 2098 61 33 233

646 2120 260 43 Schlußvignetten
928 2134 60 22 von
1011 2126 107 42 Hirtel
2140 2112 9 16 ’
2175 2148 52 24 2J8
2232 2114 9 16 ’
2259 2150 64 32 22^

647 2174 255 43 Umrahmungen
927 2179 71 30 und
1021 2178 156 42 Vignetten
1200 2191 60 22 von
1284 2182 96 33 Fidus
1991 2199 65 33 21p,
2080 2200 73 33 220,
2176 2201 65 32 221,
2264 2202 59 33 223

647 2226 160 41 Vignetten
830 2238 60 22 von
912 2230 93 32 Hans
1027 2231 113 33 Thoma
2144 2217 9 16 *
2179 2253 64 33 233,
2266 2255 57 33 233

644 2279 165 32 Flötender
828 2281 100 33 Faun.
974 2284 84 32 Nach
1080 2286 70 30 dem
1173 2286 87 32 Bilde
1282 2297 60 22 von
1365 2289 140 32 Boecklin
2257 2307 64 31 242

644 2331 175 42 Randleifle
843 2337 71 29 und
935 2335 187 43 Schlußflück
1145 2348 61 22 von
1230 2339 73 32 Otto
1327 2341 134 32 Greiner
2163 2359 69 33 243,
2256 2359 65 33 24p

644 2384 144 33 Initialen
811 2396 61 22 von
894 2389 112 31 Albert
1025 2390 123 41 Krüger
2079 2410 70 34 230,
2173 2411 55 34 233
2260 2405 64 40 236

644 2437 212 43 Zeichnungen
879 2441 74 31 nad)
975 2442 203 42 italienifchen
1200 2445 139 41 Bronzen
1362 2455 61 23 von
1446 2447 88 32 Peter
1554 2448 96 32 Halm
2171 2464 68 33 232,
2262 2465 57 33 238

643 2489 213 43 Zeichnungen
879 2493 74 32 nad)
975 2494 202 43 italienifchen
1200 2498 140 42 Bronzen
1362 2509 61 21 von
1447 2500 107 32 Albert
1575 2502 123 42 Krüger
2069 2515 64 34 233,
2156 2509 74 40 260,
2253 2511 65 39 264

642 2542 160 42 Kopfleiße
826 2547 71 29 und
918 2545 235 44 Schlußvignette
1176 2558 60 23 von
1259 2551 83 31 Emil
1364 2552 132 40 Doepler
1515 2554 30 31 d.
1559 2554 29 40 J.
2163 2562 67 41 263,
2254 2570 63 33 232

642 2595 160 33 Ex-hbris
1857 2618 20 23 2
1879 2610 50 41 66,
1957 2612 73 40 263,
2058 2612 70 41 268,
2156 2615 72 40 26p,
2251 2624 66 33 230

1293 2708 372 64 Kunstbeilagen.

2190 2772 46 17 vor
2251 2765 65 26 Seite

640 2791 89 31 Peter
749 2792 105 32 Halm.
902 2794 321 45 Originalradierung

639 2843 229 42 Mädchenkopf
884 2856 61 22 von
968 2848 102 42 Hein3
1092 2849 92 32 Heim

637 2895 213 43 Studienkopf
866 2909 61 22 von
950 2900 123 41 Adolph
1096 2902 122 40 Mensel

637 2948 322 46 Originalradierung
978 2963 61 22 von
1061 2955 206 41 Meyer-Bafel
2250 2976 64 32 22p

637 3001 321 46 Originalholifchnitt
979 3015 61 22 von
1065 3007 141 32 Veldheer

635 3054 321 45 Originalradierung
975 3067 61 23 von
1058 3059 147 32 Kirchner
2252 3080 61 34 243

633 3107 189 42 Radierung
841 3118 62 22 von
925 3110 111 31 Albert
1054 3111 126 42 Krüger
1200 3113 74 31 nad)
1296 3113 87 33 einer
1402 3115 117 41 Bronze
1541 3125 60 22 von
1624 3116 165 33 Donatelio
2259 3132 53 34 231

632 3160 150 33 Ex-libris
804 3171 61 22 von
887 3161 115 33 Sattler
2065 3174 69 41 263,
2157 3176 73 40 26p,
2253 3185 58 33 231

633 3212 198 33 Clairobscur
849 3224 61 21 von
933 3215 97 32 Lucas
1053 3215 138 33 Cranach
