3811 4572
1404 1090 372 32 DRUCKVERMERK:
1804 1089 45 32 ES
1880 1089 199 33 WURDEN
2105 1090 250 32 GEDRUCKT:
2387 1091 71 31 DIE
2488 1091 558 33 ORIGINAL-RADIERUNGEN
3072 1094 96 32 VON

1459 1160 387 43 TH-MEIER-BASEL/
1861 1160 148 30 EUGEN
2024 1160 382 43 KIRCHNER/PETER
2421 1162 131 31 HALM
2568 1161 64 31 BEI
2649 1162 30 31 O
2691 1162 189 32 -FELSING
2896 1164 49 30 IN
2961 1164 154 31 BERLIN

1517 1228 98 34 UND
1639 1228 71 32 DIE
1733 1230 259 30 RADIERUNG
2015 1230 97 30 VON
2133 1230 170 32 ALBERT
2321 1231 200 31 KRUEGER
2545 1232 124 30 NACH
2692 1231 273 34 DONATELLO
2989 1234 64 30 BEI

1591 1301 42 30 L-
1644 1300 205 31 ANGERER
1864 1300 49 31 IN
1936 1300 154 31 BERLIN
2104 1314 6 7 •
2127 1300 71 31 DIE
2220 1300 309 31 LICHTDRUCKE
2545 1302 124 29 NACH
2686 1302 184 32 WERKEN
2884 1303 98 31 VON

1634 1368 180 33 ADOLPH
1831 1369 176 32 MENZEL
2024 1368 95 32 UND
2140 1369 134 31 HEINZ
2293 1371 113 30 HEIM
2423 1369 195 32 WURDEN
2634 1371 307 31 HERGESTELLT

1679 1439 96 32 UND
1822 1439 235 32 GEDRUCKT
2090 1439 97 31 VON
2223 1441 32 29 A
2274 1455 6 6 •
2300 1441 148 30 FRISCH
2493 1441 49 30 IN
2579 1441 154 30 BERLIN
2744 1443 19 41 /
2805 1442 85 30 DER

1723 1512 232 30 ORIGINAL-
1967 1509 316 33 HOLZSCHNITT
2305 1510 95 31 VON
2428 1510 231 31 VELDHEER
2682 1510 165 32 WURDE

1767 1580 238 32 GEDRUCKT
2032 1582 96 30 VON
2160 1580 84 31 DER
2277 1580 171 31 OFFICIN
2477 1580 44 31 W
2538 1596 5 6 •
2569 1579 232 33 DRUGULIN

1827 1651 50 31 IN
1921 1650 161 32 LEIPZIG
2128 1649 97 30 UND
2270 1649 83 32 DAS
2399 1649 128 30 CLAIR
2540 1668 12 5 -
2562 1650 153 31 OBSCUR-

1877 1721 147 32 BLATT
2046 1721 127 32 NACH
2195 1720 135 32 LUCAS
2354 1721 214 31 CRANACH
2590 1721 77 31 HER-

1981 1791 219 32 GESTELLT
2226 1790 96 32 UND
2354 1790 239 32 GEDRUCKT

2029 2388 50 30 IN
2112 2387 86 30 DER
2231 2385 310 32 KAISERLICHEN

1949 2457 394 30 REICHSDRUCKEREI
2374 2455 50 31 IN
2456 2455 155 31 BERLIN

1877 2528 71 30 DIE
1971 2526 377 32 ZINKAETZUNGEN
2372 2526 135 31 DIESES
2529 2525 159 33 HEFTES

1755 2598 208 30 RUEHREN
1978 2598 88 30 HER
2077 2598 96 30 VON
2187 2595 514 44 MEISENBACH/RIFFARTH
2716 2598 28 29 &
2758 2596 57 31 CO

1713 2666 96 32 UND
1826 2666 297 33 BUEXENSTEIN
2140 2670 27 29 &
2184 2667 57 31 CO
2256 2681 7 8 •
2277 2666 49 31 IN
2341 2665 154 32 BERLIN
2512 2680 6 6 •
2528 2664 118 31 TEXT
2658 2665 96 30 UND
2771 2665 56 30 UM-

1652 2739 166 30 SCHLAG
1835 2739 198 30 WURDEN
2049 2736 237 32 GEDRUCKT
2296 2737 63 29 BEI
2371 2737 54 29 W-
2442 2736 232 30 DRUGULIN
2689 2736 49 30 IN
2754 2736 163 30 LEIPZIG

1602 2807 71 31 DIE
1705 2808 299 40 JAPANISCHEN
2039 2807 173 32 PAPIERE
2250 2807 85 31 DER
2368 2806 156 32 BEIDEN
2559 2806 402 32 SONDERAUSGABEN

1546 2878 209 32 RUEHREN
1776 2878 89 31 HER
1891 2878 96 31 VON
2007 2877 87 32 DER
2120 2878 139 31 FIRMA
2286 2878 28 29 R
2325 2876 207 31 -WAGNER
2555 2877 49 30 IN
2630 2877 153 30 BERLIN
2794 2893 6 7 •
2811 2877 174 30 VERLAG
2998 2883 8 19 :

1494 2949 112 42 PAN/
1629 2947 338 32 EINGETRAGENE
1999 2944 389 35 GENOSSENSCHAFT
2414 2944 87 32 MIT
2529 2944 366 33 BESCHRAENKTER
2927 2944 107 33 HAFT-

1465 3017 182 31 PFLICHT
1685 3018 49 30 IN
1780 3018 178 43 BERLIN/
1993 3017 282 31 REDAKTION:
2291 3017 109 30 EUER
2435 3017 91 30 DEN
2560 3017 405 31 KUENSTLERISCHEN
3003 3015 97 32 UND

1422 3087 551 33 KUNSTGESCHICHTLICHEN
1996 3087 116 31 TEIL:
2141 3088 61 29 DR
2221 3102 7 6 •
2249 3085 198 32 RICHARD
2472 3087 177 41 GRAUL/
2674 3087 109 30 FUER
2806 3087 90 30 DEN
2919 3087 200 30 DICHTERI-

1378 3158 138 29 SCHEN
1545 3156 97 31 UND
1665 3156 678 31 LITERATURGESCHICHTLICHEN:
2372 3155 61 32 DR
2448 3170 5 7 ■
2471 3156 163 31 CAESAR
2667 3156 261 31 FLAISCHLEN
2956 3156 50 31 IN
3034 3156 152 31 BERLIN
