3813 4572
2247 3907 210 48 256

1917 870 43 43 II.
1998 870 101 44 DIE
2130 871 683 49 BRONZESTATUETTEN.

1737 1098 51 33 AS
1804 1099 414 34 BRONZEKABINETT
2229 1108 65 28 ent-

1737 1155 78 38 hält
1865 1157 134 38 neben
2041 1157 135 39 diesen
2219 1158 101 39 fünf

1735 1217 149 38 Büsten
1921 1228 102 28 etwa
2062 1217 230 41 einhundert-

1737 1277 158 51 dreissig
1954 1279 220 38 Statuetten
2232 1280 84 39 und

1737 1338 149 38 nahezu
1933 1339 258 40 achthundert
2234 1340 61 39 Pla-

1737 1399 145 38 ketten.
1923 1400 97 38 Dass
2043 1400 106 39 diese
2173 1414 122 25 ausser-

1736 1460 243 39 ordentliche
2020 1461 108 38 Fülle
2170 1461 146 39 kleiner

1735 1521 82 38 und
1844 1534 96 38 ganz
1968 1522 149 38 kleiner
2144 1523 171 50 Objekte

1737 1581 132 38 neben
1883 1583 333 38 verschwindend
2235 1597 54 25 we-

1162 1646 120 50 nigen
1317 1646 150 36 Büsten
1501 1644 84 38 und
1620 1644 64 38 bei
1729 1644 91 37 dem
1855 1644 147 38 Fehlen
2038 1658 82 24 von
2156 1645 160 38 Statuen

1162 1705 239 51 keineswegs
1422 1705 115 38 einen
1554 1704 232 39 kleinlichen
1804 1704 84 38 und
1910 1704 296 39 verwirrenden
2225 1706 69 38 Ein-

1162 1766 124 38 druck
1312 1766 148 47 macht,
1497 1766 93 50 liegt
1622 1766 54 38 im
1704 1766 211 38 Charakter
1947 1766 70 38 der
2044 1766 272 39 Bronzekunst

1161 1827 235 52 überhaupt,
1433 1826 62 42 die
1529 1827 41 38 in
1598 1827 70 37 der
1695 1827 138 38 Plastik
1862 1826 113 39 recht
2009 1827 209 51 eigentlich
2252 1828 62 38 die

1162 1901 133 39 grosse
1314 1887 84 39 und
1417 1887 177 52 zugleich
1613 1887 61 37 die
1694 1887 225 39 malerische
1933 1887 196 52 Richtung
2147 1888 166 39 vertritt.

1162 1949 113 38 Dank
1303 1948 70 39 der
1403 1950 131 37 Natur
1563 1948 67 38 des
1658 1948 193 38 Materials
1878 1949 113 38 wirkt
2017 1948 83 39 hier
2128 1950 97 38 auch
2252 1949 63 39 die

1161 2009 160 38 kleinste
1335 2008 141 39 Arbeit
1495 2009 125 38 schon
1639 2021 109 38 gross
1768 2009 82 38 und
1869 2020 124 34 ernst;
2013 2009 126 39 schon
2158 2010 155 39 deshalb

1159 2070 66 40 hat
1243 2070 52 38 sie
1316 2069 62 38 die
1397 2069 257 39 Renaissance
1674 2070 230 51 bevorzugt.
1958 2071 77 37 Das
2054 2070 177 40 Material
2248 2072 67 38 hat

1161 2131 90 38 aber
1278 2131 107 38 noch
1413 2130 142 38 andere
1577 2130 310 51 Eigenschaften,
1916 2131 62 38 die
2006 2131 92 39 dem
2125 2132 93 38 Sinn
2245 2132 67 39 des

1159 2193 293 48 Quattrocento
1473 2192 276 52 entsprachen:
1764 2192 94 38 weit
1872 2192 174 52 weniger
2060 2192 51 39 als
2126 2192 70 39 der
2210 2195 78 37 Mar-

1159 2266 88 25 mor
1273 2252 84 38 und
1385 2252 125 39 Thon
1536 2252 49 39 ist
1613 2253 63 38 die
1707 2254 155 37 Bronze
1891 2253 188 52 abhängig
2112 2267 83 26 von
2223 2254 91 39 dem

1159 2313 209 39 statischen
1387 2314 218 45 Gesetzen;
1632 2314 42 38 in
1691 2315 155 37 Bronze
1870 2314 91 38 lässt
1989 2315 82 39 sich
2089 2315 119 39 daher
2227 2315 87 39 eine

1156 2374 149 40 lebhaft
1340 2375 180 50 bewegte
1556 2375 134 50 Figur,
1725 2375 124 39 lassen
1886 2375 82 40 sich
2003 2376 196 52 Gruppen
2237 2376 77 40 viel

1157 2435 162 40 leichter
1354 2435 83 39 und
1472 2434 118 40 freier
1617 2448 69 26 zur
1719 2436 248 52 Darstellung
2000 2437 166 51 bringen
2195 2439 50 37 als
2272 2437 42 40 in

1159 2498 185 37 Marmor.
1384 2495 69 39 Als
1483 2495 61 38 die
1564 2496 255 39 Renaissance
1837 2496 54 40 im
1909 2496 120 40 Laufe
2049 2497 67 38 des
2137 2498 151 52 Cinque-

1157 2568 120 27 cento
1294 2556 61 39 die
1371 2556 141 52 völlige
1526 2557 297 52 Beherrschung
1842 2558 70 38 der
1926 2559 313 40 Bronzetechnik
2253 2573 40 24 er-

1156 2618 106 51 langt
1271 2618 115 47 hatte,
1397 2618 136 38 suchte
1544 2618 53 38 sie
1608 2618 71 38 mit
1687 2618 189 40 Vorliebe
1887 2619 179 51 bewegte
2078 2620 234 52 Stellungen,

1156 2679 138 39 suchte
1314 2678 53 38 sie
1386 2678 42 38 in
1442 2678 206 39 Gestalten
1665 2679 75 38 wie
1759 2679 43 38 in
1821 2679 91 38 dem
1930 2681 170 46 Merkur,
2116 2681 92 38 dem
2222 2682 67 39 Per-

1157 2753 100 33 seus,
1286 2738 69 39 der
1370 2740 112 37 Fama
1508 2753 112 37 sogar
1640 2740 79 38 den
1737 2740 96 51 Flug
1851 2741 183 52 plastisch
2053 2742 258 39 anzudeuten.

1157 2801 117 38 Auch
1301 2801 67 38 hat
1395 2801 62 38 die
1476 2801 198 39 Phantasie
1700 2801 42 38 in
1770 2801 70 38 der
1858 2803 155 37 Bronze
2041 2802 78 39 viel
2143 2802 169 41 freieren

1157 2861 221 53 Spielraum,
1397 2874 79 26 was
1497 2861 62 39 die
1578 2862 255 38 Renaissance
1853 2862 206 51 gründlich
2079 2876 232 38 ausgenutzt

1156 2923 83 47 hat,
1291 2923 132 38 sodass
1471 2923 105 38 diese
1617 2924 218 38 Statuetten
1878 2924 82 38 und
2004 2923 221 41 Täfelchen
2268 2926 42 38 in

1156 2985 156 37 Bronze
1340 2984 87 38 eine
1455 2985 88 37 sehr
1563 2984 75 39 viel
1655 2985 175 38 reichere
1848 2985 230 51 Erfindung,
2105 2985 78 39 viel
2201 2999 81 26 man-

1156 3044 241 53 nigfaltigere
1417 3045 154 39 Motive
1592 3045 221 48 aufweisen,
1842 3046 51 38 als
1920 3046 62 38 die
2002 3046 306 52 gleichzeitigen,

1156 3118 45 25 so
1243 3105 87 39 sehr
1370 3105 76 38 viel
1486 3105 288 40 zahlreicheren
1813 3107 195 38 Arbeiten
2043 3107 42 38 in
2120 3109 187 47 Marmor,

1155 3165 105 39 Stein
1301 3166 82 38 und
1416 3166 136 39 Thon.
1611 3166 80 38 Zur
1723 3166 194 52 richtigen
1949 3168 256 52 Würdigung
2238 3170 70 38 der

1155 3226 412 39 Renaissance-Plastik
1599 3227 88 38 sind
1714 3227 54 39 sie
1802 3228 119 39 daher
1949 3241 83 26 von
2065 3228 242 41 besonderer

1154 3288 244 51 Bedeutung.
1467 3288 127 39 Nicht
1637 3288 131 51 wenig
1811 3289 66 39 hat
1921 3289 99 39 auch
2065 3289 62 39 die
2172 3291 112 39 künst-

1153 3348 164 39 lerische
1348 3348 167 39 Freiheit
1554 3348 43 39 in
1634 3349 70 38 der
1736 3349 258 52 Behandlung
2039 3350 71 39 der
2138 3352 169 39 Wachs-

1154 3410 85 37 und
1294 3410 296 38 Thonmodelle
1643 3410 70 38 der
1768 3411 271 38 Bronzekunst
2093 3412 211 40 Vorschub

1156 3469 189 51 geleistet;
1372 3471 108 38 denn
1507 3470 63 39 die
1590 3471 342 51 Schwierigkeiten
1956 3472 69 38 der
2045 3472 261 51 eigentlichen

1153 3530 293 40 Bronzearbeit:
1467 3531 64 39 das
1550 3532 178 47 Giessen,
1745 3532 214 39 Ciselieren
1972 3533 83 38 und
2073 3535 231 47 Patinieren,

1154 3590 238 40 überliessen
1437 3592 63 39 die
1540 3594 186 38 Künstler
1768 3594 44 38 in
1857 3593 78 39 den
1976 3605 131 27 ersten
2146 3594 158 53 fünfzig

1149 3650 143 47 Jahren
1323 3653 246 52 regelmässig
1601 3654 368 51 handwerksmässig
2005 3656 300 50 vorgebildeten

1157 3711 352 53 Glockengiessern
1535 3715 83 38 und
1638 3715 349 40 Goldschmieden.
2029 3717 137 39 Durch
2185 3718 117 48 diese,

2422 1100 62 38 die
2497 1099 129 53 häufig
2640 1101 179 51 zugleich
2832 1102 204 40 Bildhauer
3052 1117 141 35 waren,
3210 1104 138 39 wurde
3363 1105 62 38 die
3439 1106 105 41 Tech-

2420 1161 65 38 nik
2513 1161 213 40 allmählich
2744 1176 44 25 so
2808 1164 368 48 vervollkommnet,
3206 1165 84 39 dass
3309 1167 54 37 sie
3381 1166 54 39 im
3452 1168 118 39 Laufe

2421 1222 68 39 des
2524 1223 267 40 sechzehnten
2813 1225 279 47 Jahrhunderts
3127 1227 111 39 mehr
3271 1226 98 39 oder
3400 1229 171 51 weniger

2420 1284 293 52 Allgemeingut
2741 1285 71 39 der
2840 1286 237 52 begabteren
3105 1287 204 40 Bildhauer
3335 1289 147 38 wurde.

2499 1345 130 38 Unter
2655 1346 373 41 Bronzestatuetten
3059 1348 43 39 in
3135 1348 91 40 dem
3255 1350 112 47 Sinn,
3407 1349 76 39 wie
3509 1350 61 40 die

2420 1406 257 38 Renaissance
2718 1407 54 38 sie
2808 1407 55 39 im
2895 1408 215 39 Anschluss
3152 1423 48 24 an
3238 1409 63 38 die
3336 1409 147 39 Antike
3519 1411 51 39 als

2421 1467 168 51 eigenen
2616 1468 137 51 Zweig
2780 1468 70 39 der
2876 1470 293 52 Bronzeplastik
3197 1470 260 47 entwickelte,
3486 1472 85 38 sind

2419 1528 110 39 nicht
2556 1528 71 39 alle
2653 1529 155 38 kleinen
2833 1529 311 52 Bronzefiguren
3171 1531 50 38 als
3250 1530 134 39 solche
3412 1543 49 26 zu
3487 1545 63 25 ver-

2420 1588 150 39 stehen.
2624 1590 373 51 Bronzefigürchen,
3026 1591 62 38 die
3116 1591 52 39 als
3198 1592 190 39 Schmuck
3415 1592 70 38 der
3502 1592 46 38 Al-

2419 1655 99 41 täre,
2552 1649 70 38 der
2655 1650 282 48 Taufbecken,
2972 1652 420 40 Weihwasserbecken
3426 1666 36 25 u.
3490 1666 28 25 s.
3542 1653 27 38 f.

2421 1710 250 48 entstanden,
2713 1711 87 38 sind
2841 1712 188 52 abhängig
3073 1726 84 26 von
3202 1713 135 39 diesen
3381 1713 188 48 Werken,

2419 1771 189 38 während
2653 1771 65 38 die
2768 1772 261 51 eigentlichen
3073 1774 220 39 Statuetten
3338 1774 232 53 selbständig

2421 1831 97 48 sind,
2555 1846 76 24 nur
2666 1846 67 26 um
2767 1833 104 39 ihrer
2904 1834 120 39 selbst
3051 1835 131 39 willen
3215 1835 232 39 entstanden
3475 1835 94 39 sind.

2421 1893 60 38 Sie
2501 1893 86 39 sind
2607 1894 50 38 als
2677 1895 257 38 Kunstwerke
2952 1895 66 39 für
3038 1896 82 40 sich
3140 1897 166 51 gedacht
3325 1897 83 39 und
3426 1896 144 40 wollen

2421 1954 50 38 als
2500 1954 133 40 solche
2653 1955 183 39 beurteilt
2855 1957 172 38 werden.
3072 1959 92 38 Nur
3182 1959 55 38 im
3254 1958 314 51 uneigentlichen

2420 2014 116 39 Sinne
2575 2016 103 38 kann
2718 2016 119 40 daher
2878 2017 62 39 die
2979 2029 101 28 etwa
3114 2019 361 52 halblebensgrosse
3502 2019 45 48 Jo-

2419 2076 335 40 hannesstatuette
2773 2079 244 38 Donatello’s
3041 2091 117 27 unter
3177 2080 62 39 die
3259 2082 221 37 Statuetten
3506 2094 42 37 ge-

2419 2138 164 38 rechnet
2615 2139 180 48 werden,
2829 2140 48 38 da
2911 2140 106 39 diese
3051 2141 50 39 als
3130 2142 237 52 Bekrönung
3397 2141 69 39 für
3493 2141 76 39 den

2419 2197 297 41 Taufbrunnen
2741 2199 55 39 im
2819 2201 108 38 Dom
2954 2214 51 25 zu
3025 2202 169 39 Orvieto
3224 2203 155 39 bestellt
3405 2202 164 40 worden

2418 2258 61 39 ist.
2533 2260 186 38 Dasselbe
2748 2261 69 51 gilt
2843 2262 98 39 auch
2967 2262 69 39 für
3064 2263 64 38 das
3157 2264 141 39 zweite
3327 2265 146 38 ebenso
3502 2264 44 38 be-

2420 2320 198 39 deutende
2637 2322 130 38 Werk
2783 2323 256 48 Donatello’s,
3069 2324 64 38 das
3153 2325 62 38 die
3234 2326 174 38 Berliner
3427 2326 112 38 Samm-

2418 2380 95 52 lung
2541 2381 151 48 besitzt,
2721 2383 62 38 die
2812 2384 189 39 Statuette
3031 2385 69 39 des
3128 2386 144 46 David;
3308 2387 107 38 denn
3441 2387 53 38 sie
3520 2386 48 39 ist

2418 2454 75 25 nur
2521 2441 65 40 ein
2611 2442 156 53 zufällig
2799 2444 42 38 in
2867 2446 156 38 Bronze
3050 2447 233 51 verewigter
3310 2448 156 50 Abguss
3499 2446 66 39 des

2419 2502 215 52 flüchtigen
2652 2505 330 48 Wachsmodells,
3010 2507 66 38 das
3105 2507 70 38 der
3203 2509 183 38 Künstler
3412 2508 65 39 für
3504 2508 61 38 die

2417 2564 97 49 jetzt
2546 2564 55 38 im
2632 2566 159 38 Palazzo
2826 2567 168 39 Martelli
3027 2568 234 40 befindliche
3299 2569 266 52 lebensgrosse

2419 2626 301 39 Marmorstatue
2760 2627 221 52 anfertigte.
3035 2630 76 37 Die
3148 2630 229 47 Sicherheit,
3413 2631 74 38 wie
3525 2630 41 39 in

2419 2685 147 40 diesem
2584 2687 230 51 Figürchen,
2841 2689 42 39 in
2911 2689 92 39 dem
3027 2689 69 39 der
3115 2691 186 39 Künstler
3320 2692 62 38 die
3400 2691 139 40 Wachs-

2419 2748 145 46 stücke,
2606 2761 64 26 aus
2707 2749 133 39 denen
2878 2763 42 25 er
2953 2751 54 38 sie
3048 2754 392 46 zusammenknetete,
3476 2766 89 25 zum

2417 2808 93 39 Teil
2542 2810 249 49 (namentlich
2808 2811 54 38 im
2880 2811 127 52 Kopf)
3038 2813 106 38 noch
3170 2814 242 51 ungeglättet
3431 2813 134 40 stehen

2418 2869 173 50 gelassen
2607 2870 76 47 hat,
2710 2872 227 51 Bewegung
2955 2872 83 38 und
3055 2874 119 37 Form
3201 2874 120 40 frisch
3347 2875 82 38 und
3457 2887 106 39 gross

2416 2931 229 50 angegeben
2663 2932 97 47 sind,
2788 2932 90 39 lässt
2907 2933 65 38 das
2990 2933 153 39 Modell
3163 2934 80 47 der,
3262 2935 213 39 zweifellos
3494 2935 68 38 mit

2415 2990 70 38 der
2502 2991 162 39 Beihilfe
2684 3006 84 26 von
2787 2993 187 39 Schülern
3001 2994 293 52 ausgeführten,
3322 2997 130 38 Statue
3472 2996 89 39 weit

2413 3051 214 52 überlegen
2655 3055 239 38 erscheinen.

2491 3113 75 39 Die
2594 3113 206 41 frühesten
2826 3116 288 52 selbständigen
3137 3117 219 40 Statuetten
3383 3118 85 39 sind
3494 3131 44 25 zu-

2412 3174 115 37 meist
2545 3175 333 53 Nachbildungen
2895 3177 100 39 nach
3013 3178 157 38 antiken
3188 3178 260 40 Bildwerken:
3468 3179 72 38 Fila-

2411 3236 115 38 rete’s
2546 3237 109 38 Mark
2674 3237 123 39 Aurel
2820 3238 65 50 (im
2904 3238 200 38 Dresdner
3123 3240 211 50 Museum),
3355 3240 60 39 die
3433 3239 127 52 häufig

2410 3295 83 38 und
2511 3296 74 39 fast
2601 3297 139 38 immer
2760 3309 119 28 etwas
2894 3298 208 39 verändert
3120 3300 312 40 vorkommende
3447 3301 112 51 Figur

2411 3356 105 38 eines
2549 3357 139 47 Fauns,
2727 3358 69 38 der
2830 3359 62 38 die
2925 3359 110 38 Flöte
3068 3359 206 49 fortwirft,
3313 3363 72 38 mit
3416 3362 114 39 Wahr-

2411 3417 287 40 scheinlichkeit
2713 3418 91 39 dem
2817 3419 181 40 Antonio
3014 3420 211 51 Pollajuolo
3244 3422 313 52 zugeschrieben,

2410 3479 279 40 verschiedene
2730 3481 179 40 ähnliche
2944 3483 168 50 Figuren
3148 3496 83 25 von
3267 3483 290 39 Flötenbläsern

2410 3539 82 39 und
2519 3540 174 40 anderen
2719 3544 168 38 nackten
2905 3543 237 51 Jünglingen
3168 3544 53 38 im
3241 3544 209 39 Charakter
3476 3543 80 39 und

2409 3600 175 53 Haltung
2612 3603 146 38 antiker
2784 3604 200 53 Epheben,
3014 3605 61 38 die
3103 3604 72 39 auf
3197 3605 86 38 eine
3310 3605 245 39 unbekannte

2409 3662 265 40 archaistische
2714 3664 117 51 Figur
2869 3664 327 52 zurückgehende
3236 3665 200 39 weibliche
3474 3665 54 39 Ge-

2409 3722 217 52 wandfigur
2640 3724 69 39 mit
2725 3724 90 38 dem
2829 3723 246 53 Zeigefinger
3090 3738 60 26 am
3160 3725 152 39 Munde
3328 3726 225 50 (Angerone
