2588 4234
1269 4113 51 38 44

1181 315 297 61 Armide

1115 445 76 29 AIR
1228 445 60 28 DU
1326 444 204 30 SOMMEIL

2030 428 236 47 LUCKG

1981 503 62 47 (25
2071 512 102 40 sept.
2206 510 110 42 1777)

282 636 55 39 Ici
371 651 53 24 au
458 638 222 38 contraire
715 646 94 31 tout
845 635 200 41 s'anime.
1079 634 62 41 La
1176 644 156 31 nature
1364 635 109 40 n'est
1496 635 99 51 plus
1627 650 59 25 un
1707 635 157 51 simple
1884 644 40 30 et
1949 644 240 31 monotone
2209 635 199 42 frémisse-

225 719 119 31 ment
369 710 52 39 de
452 709 236 52 feuillages
719 727 5 23 :
752 711 83 39 elle
865 711 171 49 chante,
1066 719 40 30 et
1139 724 69 26 ses
1231 710 229 50 mélodies,
1498 714 231 47 pénétrant
1764 710 38 39 le
1823 723 120 26 cœur
1965 710 57 38 du
2046 709 147 46 héros,
2216 710 61 38 lui
2296 712 114 50 inspi-

225 793 94 31 rent
344 797 68 26 ses
437 785 170 39 chants.
635 785 31 39 Il
689 801 25 36 y
739 799 37 31 a,
804 794 121 31 entre
948 785 38 39 le
1006 798 197 38 paysage
1226 794 40 30 et
1292 783 36 41 le
1352 797 281 39 personnage
1656 799 58 24 un
1754 785 155 38 accord
1938 785 170 48 intime,
2142 797 86 26 une
2261 797 145 38 sympa-

224 859 89 39 thie
346 858 228 51 profonde.
609 858 69 40 On
713 860 160 38 entend
901 860 38 38 le
969 867 172 31 concert
1174 859 52 39 de
1256 859 115 39 leurs
1399 862 121 36 âmes
1550 861 127 37 unies
1708 870 7 38 ;
1748 874 59 24 un
1835 858 122 50 large
1980 867 183 31 courant
2196 858 238 41 d'émotion

223 933 209 39 humaine
452 937 199 36 entraîne
670 942 40 31 et
734 942 191 31 traverse
950 942 108 31 tout.
1091 933 188 52 L'opéra
1310 943 64 30 est
1416 934 170 39 devenu
1616 947 85 26 une
1731 946 150 27 œuvre
1912 935 208 47 sérieuse,
2147 941 40 31 et
2227 947 21 24 a
2282 935 152 37 atteint

229 1020 86 26 une
337 1008 235 50 puissance
595 1006 300 53 d'expression
918 1008 103 51 qu'il
1043 1022 54 26 ne
1117 1016 252 32 retrouvera
1391 1011 221 48 peut-être
1633 1009 170 50 jamais.

278 1079 70 41 On
369 1094 282 38 remarquera
677 1080 58 53 (p.
758 1080 66 53 47)
849 1082 63 40 les
935 1081 223 41 fameuses
1183 1084 174 49 quintes
1380 1080 250 53 parallèles,
1657 1080 130 41 d'une
1811 1082 294 39 surnaturelle
2127 1082 209 40 douceur.
