2451 4219
424 505 27 44 8

874 507 75 39 LA
979 506 380 48 CHRONIQUE
1391 505 308 41 MUSICALE

427 647 116 41 lader
572 649 191 41 l'estrade
789 648 136 41 élevée
946 650 104 39 dans
1079 648 38 40 la
1144 647 101 41 salle
1277 649 71 40 des
1377 649 226 42 Tuileries.
1626 647 223 53 Quelques
1872 646 243 40 instrumen-

428 720 117 41 tistes
570 720 50 39 de
646 720 133 51 grand
805 720 134 40 talent
969 719 122 41 firent
1115 722 217 38 connaître
1366 734 83 27 aux
1475 720 214 41 Parisiens
1714 719 59 40 les
1799 719 200 39 richesses
2020 724 39 32 et
2086 717 57 38 les

428 792 264 40 nouveautés
711 792 51 38 de
780 792 92 38 leur
889 790 120 54 génie
1028 799 39 32 et
1078 792 49 39 de
1145 792 92 40 leur
1256 794 220 39 exécution
1489 807 10 32 ;
1517 793 121 49 mais,
1653 792 38 40 la
1712 790 137 56 partie
1863 789 144 40 vocale
2027 789 118 39 étant

433 862 159 40 confiée
613 875 83 26 aux
718 868 163 34 acteurs
912 863 49 40 de
993 863 185 54 l'Opéra,
1212 872 95 33 tout
1338 868 172 51 progrès
1539 864 198 40 devenait
1763 861 263 56 impossible.
2066 860 78 39 Les

428 933 264 54 violonistes,
727 934 58 40 les
812 934 326 40 violoncellistes
1168 936 194 57 français,
1385 938 230 52 étrangers,
1640 936 58 39 les
1724 935 124 39 frères
1877 931 186 49 Besozzi,
2094 931 51 40 de

428 1004 159 49 Turin,
604 1005 169 40 avaient
793 1007 167 39 montré
981 1015 217 33 comment
1216 1021 55 26 on
1291 1008 175 53 pouvait
1487 1008 146 53 plaire,
1649 1006 167 41 séduire
1837 1019 53 27 en
1910 1005 151 53 jouant
2074 1002 71 41 des

429 1077 282 41 instruments
732 1081 23 35 à
779 1077 156 47 archet,
965 1078 58 39 du
1046 1078 218 54 hautbois,
1287 1080 58 39 du
1368 1081 172 50 basson;
1566 1080 57 39 les
1645 1079 115 40 effets
1781 1079 183 39 obtenus
1987 1089 75 40 par
2082 1086 63 28 ces

429 1148 208 40 virtuoses
657 1148 156 40 étaient
838 1148 167 53 ignorés
1035 1150 57 40 du
1115 1150 96 53 plus
1232 1152 133 51 grand
1393 1152 181 39 nombre
1594 1152 70 38 des
1686 1150 230 40 auditeurs.
1943 1148 79 39 Les
2049 1146 97 40 voix

430 1220 158 39 étaient
607 1219 57 40 les
686 1220 158 40 mêmes
871 1234 83 38 que
977 1221 86 39 l'on
1086 1222 219 40 entendait
1333 1227 23 35 à
1376 1223 174 53 l'Opéra
1566 1237 9 35 ;
1598 1235 63 27 ces
1694 1223 100 38 voix
1815 1219 247 41 chantaient
2091 1230 52 26 en

429 1290 107 39 latin
556 1303 54 26 au
630 1289 85 40 lieu
737 1291 49 38 de
802 1291 176 40 chanter
998 1305 51 25 en
1071 1293 195 52 français,
1290 1293 95 40 telle
1399 1294 102 40 était
1518 1294 39 39 la
1580 1293 113 40 seule
1712 1292 221 40 différence
1955 1303 82 40 que
2058 1289 86 40 Ton

429 1362 79 52 pût
535 1373 242 41 remarquer
804 1366 22 35 à
848 1361 157 54 l'égard
1025 1363 50 39 de
1094 1362 38 42 la
1158 1364 202 53 musique
1381 1364 144 42 vocale
1555 1364 196 54 produite
1771 1377 55 27 au
1849 1363 185 41 Concert
2054 1361 66 53 spi-

429 1432 128 41 rituel
572 1432 49 40 de
644 1434 107 52 1725
773 1436 22 36 à
817 1433 129 53 1753.
978 1448 17 23 »

482 1504 59 40 Le
562 1507 181 37 nombre
762 1505 71 39 des
852 1505 236 53 auditions,
1113 1508 190 53 pendant
1324 1515 118 34 toute
1461 1508 40 40 la
1521 1509 229 53 quinzaine
1771 1508 50 40 de
1835 1508 168 53 Pâques
2025 1514 41 33 et
2085 1505 60 40 les

423 1576 118 53 jours
556 1576 51 40 de
619 1576 99 40 fêtes
740 1576 252 41 solennelles
1012 1578 105 41 dont
1139 1580 39 39 la
1200 1580 262 42 célébration
1484 1581 243 40 interdisait
1744 1580 38 41 le
1802 1578 217 56 spectacle,
2036 1578 105 41 était

427 1649 50 39 de
502 1648 294 53 vingt-quatre
829 1662 56 26 ou
919 1649 246 55 vingt-cinq
1202 1665 75 38 par
1310 1653 148 40 année.
1490 1668 24 23 «
1545 1653 71 40 On
1640 1653 129 40 ferme
1799 1652 173 53 l'Opéra
1994 1651 37 39 le
2051 1649 96 53 jour

430 1719 59 40 du
513 1718 378 52 Vendredi-Saint,
913 1720 49 40 de
990 1721 181 54 Pâques,
1193 1723 51 39 de
1265 1723 125 52 Noël,
1421 1724 51 40 de
1498 1724 40 40 la
1562 1725 241 47 Pentecôte,
1829 1738 21 23 »
1882 1723 61 40 dit
1964 1722 183 40 l'auteur

435 1792 57 39 du
531 1790 191 41 Tableau
741 1791 54 39 de
813 1792 135 40 Paris
957 1810 12 30 ;
1004 1808 19 22 «
1055 1794 106 39 mais
1193 1795 242 40 l'orchestre
1465 1796 50 39 de
1536 1796 187 53 l'Opéra,
1759 1797 57 38 les
1845 1796 231 39 chanteurs
2106 1801 41 32 et

432 1863 58 39 les
512 1862 250 40 chanteuses
782 1871 103 32 vont
907 1877 74 26 sur
1004 1878 59 26 un
1084 1873 121 32 autre
1224 1866 160 41 théâtre
1398 1869 132 51 qu'on
1546 1868 164 54 appelle
1731 1867 182 41 Concert
1930 1865 213 55 spirituel,

427 1942 55 44 et,
506 1947 98 26 sous
618 1936 50 37 de
690 1935 218 39 nouvelles
929 1935 172 41 affiches
1122 1950 52 26 en
1197 1938 140 40 lettres
1358 1952 168 38 rouges,
1543 1940 192 39 débitent
1754 1947 139 32 toutes
1915 1939 59 39 les
1996 1938 121 39 modu-

434 2006 154 40 lations
614 2006 49 40 de
692 2006 93 40 leur
814 2007 134 53 gosier
969 2008 297 44 harmonieux.
1293 2011 56 39 Ils
1370 2011 121 40 n'ont
1511 2025 74 39 pas
1617 2012 91 40 leur
1738 2011 121 40 habit
1888 2011 50 39 de
1959 2011 186 48 théâtre;

430 2077 113 41 voilà
565 2084 119 34 toute
721 2077 39 40 la
790 2078 237 41 différence.
1065 2081 72 40 On
1174 2082 151 40 chante
1359 2083 38 39 le
1428 2083 223 40 Miserere
1671 2091 40 32 et
1732 2084 37 39 le
1783 2084 69 39 De
1867 2081 237 54 profondis
2124 2084 23 37 à

426 2149 136 54 grand
583 2149 161 50 chœur,
764 2163 19 24 »
807 2149 139 54 ajoute
963 2150 37 42 le
1019 2152 253 54 philosophe
1295 2154 201 52 Mercier;
1520 2171 19 20 «
1562 2155 106 39 mais
1693 2154 87 40 cela
1801 2168 53 26 ne
1874 2154 156 40 touche
2050 2166 72 41 per-

429 2234 151 34 sonne,
612 2220 346 54 religieusement
991 2224 183 52 parlant.
1202 2224 188 54 Lorsque
1419 2227 40 39 la
1492 2225 140 41 même
1663 2226 101 40 voix
1788 2226 75 52 qui
1886 2239 23 26 a
1933 2225 153 40 chanté
2109 2225 37 39 le

429 2292 86 41 rôle
544 2291 221 41 d'Armide
795 2305 56 28 ou
882 2294 283 53 d'lphigénie,
1207 2297 153 40 chante
1399 2311 59 26 un
1492 2306 134 32 verset
1661 2298 103 40 d'un
1795 2310 178 41 psaume
1994 2297 56 39 du
2082 2296 63 40 roi

431 2363 155 50 David,
618 2363 38 40 le
685 2364 63 40 roi
772 2364 139 40 David
941 2379 22 25 a
986 2366 91 40 l'air
1101 2380 59 26 un
1193 2380 83 40 peu
1307 2368 189 53 profane.
1529 2368 218 50 Quinault
1776 2377 40 31 et
1842 2370 37 38 le
1906 2368 236 52 Psalmiste,

428 2436 106 40 dans
555 2435 38 40 la
610 2436 162 40 bouche
794 2436 50 39 de
864 2436 40 40 la
925 2439 138 39 même
1083 2439 170 47 actrice,
1277 2439 93 40 font
1394 2441 163 40 sourire
1588 2441 331 52 l'imagination.
1943 2441 120 38 Tous
2081 2453 66 26 ces

433 2515 155 32 motets
617 2508 260 39 deviennent
897 2509 70 38 des
1002 2511 357 51 représentations
1386 2512 213 41 vraiment
1620 2513 240 40 théâtrales.
1884 2512 71 40 On
1974 2514 73 38 bat
2075 2511 71 40 des

434 2580 139 39 mains
593 2587 41 33 et
651 2579 85 41 l'on
759 2580 115 54 parle
894 2581 103 39 d'un
1019 2582 202 54 cantique
1241 2585 111 38 sacré
1371 2597 163 27 comme
1552 2585 127 40 d'une
1694 2585 149 41 ariette
1858 2585 104 39 dans
1983 2584 37 40 le
2042 2585 104 51 goût

433 2650 164 41 italien.
630 2665 21 23 »

485 2722 67 39 En
574 2721 110 52 effet,
708 2726 99 37 c'est
824 2737 84 27 aux
927 2725 202 41 Concerts
1152 2727 215 52 spirituels
1389 2728 161 40 donnés
1572 2729 187 53 pendant
1780 2729 40 39 la
1842 2728 235 54 quinzaine
2094 2729 51 39 de

438 2794 166 53 Pâques
626 2802 185 42 surtout,
831 2804 138 46 temps
983 2797 50 39 de
1050 2810 119 41 repos
1189 2812 110 39 pour
1319 2799 59 39 les
1404 2806 275 47 spectateurs,
1701 2799 248 54 qu'avaient
1973 2799 85 40 lieu
2088 2799 57 39 les

434 2866 152 39 débuts
607 2867 71 38 des
708 2874 178 35 acteurs.
922 2867 195 54 Jélyotte,
1151 2870 176 53 Poirier,
1354 2872 59 38 La
1442 2871 138 48 Tour,
1609 2871 129 49 Pilot,
1763 2872 197 52 Muguet,
1988 2872 159 51 Legros

430 2947 40 31 et
499 2939 219 52 beaucoup
740 2939 184 40 d'autres
940 2940 142 40 ténors
1096 2954 57 27 ou
1178 2942 365 54 hautes-contres,
1566 2944 143 40 furent
1729 2945 179 51 engagés
1929 2949 23 34 à
1973 2943 172 54 l'Opéra

430 3010 119 52 après
579 3009 120 40 avoir
739 3011 177 41 satisfait
951 3016 23 34 à
1006 3026 43 26 ce
1084 3013 175 40 curieux
1297 3027 142 40 usage,
1472 3015 260 40 c'est-à-dire
1767 3018 122 50 après
1920 3015 117 40 s'être
2070 3014 76 40 fait

430 3081 200 40 entendre
650 3081 105 40 dans
775 3083 71 38 des
882 3083 82 40 airs
995 3083 196 56 français,
1214 3086 105 39 dans
1349 3087 69 38 des
1439 3086 83 40 airs
1552 3088 181 52 d'opéra,
1772 3100 165 27 comme
1960 3088 37 40 le
2024 3088 123 38 ténor

431 3151 190 54 Duparc,
644 3166 74 39 par
737 3154 207 52 exemple,
979 3155 92 52 qui,
1094 3168 51 27 en
1174 3157 124 53 1764,
1332 3158 156 40 débuta
1519 3172 73 39 par
1619 3158 92 40 l'air
1740 3173 8 26 :
2006 3158 141 52 fières

429 3230 263 46 trompettes,
718 3225 50 39 de
804 3226 160 40 Castor
985 3234 41 32 et
1044 3228 167 40 Pollux
1218 3259 9 20 ,
1249 3231 144 38 revêtu
1420 3230 130 40 d'une
1571 3231 202 52 cuirasse,
1794 3230 120 41 coiffé
1935 3232 103 39 d'un
2058 3244 64 27 cas-

428 3308 84 39 que
529 3303 42 32 et
586 3304 174 45 portant
778 3297 131 54 l'épée
934 3313 54 26 au
1018 3301 105 39 côté.

484 3366 36 39 Il
541 3367 146 41 n'était
706 3381 73 40 pas
799 3370 140 40 moins
955 3372 170 52 étrange
1145 3373 50 39 de
1210 3373 92 40 voir
1315 3374 70 39 des
1409 3375 247 40 cantatrices
1680 3389 51 26 en
1753 3382 192 33 costume
1966 3375 154 54 d'impé-

428 3437 162 53 ratrice,
605 3439 51 42 de
676 3441 228 41 bacchante
920 3456 55 27 ou
997 3444 51 39 de
1063 3444 154 53 simple
1239 3446 186 53 bergère,
1445 3447 135 52 venir,
1595 3448 207 51 poudrées
1824 3452 22 37 à
1865 3447 162 52 frimas,
2044 3460 99 29 avec
