2451 4219
664 467 76 41 LA
773 463 289 51 MUSIQUE
1095 461 78 43 EN
1209 448 220 60 SUÈDE,
1465 455 131 43 ETC.

1955 460 52 30 21

259 618 62 42 les
340 618 98 56 plus
458 616 156 53 abêtis,
636 627 86 43 que
740 627 47 27 ce
808 613 77 54 qui
910 611 182 42 s'achète
1112 609 104 41 chez
1237 608 39 41 le
1298 603 279 46 falsificateur
1596 601 38 40 le
1656 601 96 53 plus
1770 594 156 43 officiel
1944 593 73 41 des

260 693 188 54 drogues
466 689 279 42 doctrinales.
769 686 83 42 Ces
884 687 151 39 braves
1059 695 104 41 gens
1185 688 98 34 sont
1305 678 116 42 aidés
1448 675 109 42 dans
1589 674 116 41 leurs
1737 668 280 58 préventions

264 781 77 42 par
376 766 38 42 le
448 764 79 42 fait
557 764 197 40 heureux
785 773 86 42 que
898 772 67 28 ces
1002 756 201 54 antiques
1236 752 221 57 procédés,
1491 763 67 28 ces
1589 745 207 44 formules
1831 757 53 26 au
1892 742 98 53 joui-

261 839 125 42 d'hui
414 836 239 50 démodées,
678 841 79 34 ont
782 838 23 37 à
827 833 94 41 leur
941 830 133 41 heure
1095 827 292 54 accompagné
1407 825 52 38 de
1486 824 165 39 bonnes
1679 819 170 48 choses;
1890 827 127 38 mais,

264 913 32 42 il
317 926 54 28 ne
391 910 93 42 faut
514 922 75 43 pas
617 907 98 56 plus
731 905 61 42 les
811 907 122 40 louer
966 904 52 39 de
1044 916 45 27 ce
1116 899 128 56 qu'ils
1266 905 95 45 ont,
1384 909 75 42 par
1486 894 317 48 inadvertance,
1824 885 196 44 travaillé

264 994 23 36 à
310 988 42 41 la
373 983 328 44 manifestation
722 982 60 40 du
805 982 123 49 beau,
956 976 109 56 qu'il
1088 989 54 28 ne
1172 974 95 41 faut
1288 973 94 40 leur
1403 968 247 57 pardonner
1671 966 94 40 leur
1788 964 108 52 goût
1923 973 72 42 pei-

265 1062 106 40 verti
395 1073 112 42 pour
527 1070 46 28 ce
594 1055 78 56 qui
691 1062 62 34 est
775 1053 135 52 ranci,
931 1051 113 55 gâté,
1069 1048 125 50 vicié,
1219 1045 151 57 pourri
1388 1049 23 35 à
1434 1043 39 40 la
1493 1040 169 51 moelle,
1685 1034 238 57 dépenaillé
1945 1045 75 43 par

267 1135 163 42 l'usure
454 1140 42 35 et
526 1133 39 40 la
595 1130 185 42 vétusté.
809 1128 35 42 Il
866 1140 53 28 ne
940 1126 92 41 faut
1064 1121 152 57 jamais
1257 1119 170 42 oublier
1462 1129 85 42 que
1580 1116 103 38 c'est
1704 1112 37 41 le
1770 1120 250 32 renouveau

268 1208 76 57 qui
363 1208 58 42 les
444 1205 160 51 effraie,
627 1205 37 39 le
686 1203 242 54 printemps
941 1197 79 56 qui
1039 1197 58 41 les
1117 1195 216 55 offusque,
1359 1192 38 40 le
1418 1189 120 43 soleil
1561 1183 240 45 renaissant
1822 1181 76 57 qui
1926 1180 94 40 leur

270 1283 121 41 brûle
427 1281 59 41 les
507 1291 130 44 yeux,
659 1277 60 41 les
739 1276 255 41 chantantes
1016 1279 161 33 statues
1208 1269 52 40 de
1283 1266 213 42 Memnon
1517 1261 78 56 qui
1619 1260 93 40 leur
1732 1255 257 44 abasouidis-

272 1364 95 34 sent
386 1355 60 41 les
466 1352 171 42 oreilles
659 1357 42 34 et
729 1349 77 54 qui
829 1349 60 39 les
919 1349 110 48 font,
1053 1356 96 28 sans
1172 1340 131 56 qu'ils
1327 1338 176 41 sachent
1525 1331 234 58 pourquoi,
1779 1330 158 52 aboyer
1967 1326 52 40 de

273 1427 51 42 de
345 1429 116 40 leurs
491 1436 212 29 museaux
725 1435 100 27 sans
849 1420 124 40 dents
994 1425 149 33 contre
1164 1424 98 31 tous
1294 1412 60 41 les
1374 1410 145 41 efforts
1548 1407 229 51 héroïques
1798 1415 57 26 ou
1879 1399 113 41 imbé-

274 1502 102 40 ciles
397 1500 71 39 des
491 1505 235 33 novateurs
754 1492 195 43 badauds
974 1504 58 26 ou
1054 1491 74 38 des
1149 1495 234 34 trouveurs
1406 1479 265 50 insatiables,
1697 1476 72 40 des
1787 1473 238 55 tripoteuis

273 1573 297 42 d'inventions
585 1568 216 42 insensées
816 1578 58 28 ou
885 1564 71 41 des
971 1561 224 57 pionniers
1209 1559 51 40 de
1272 1557 139 54 génie.
1430 1551 250 55 Incapables
1697 1557 40 32 et
1751 1557 203 34 envieux,
1972 1543 53 39 ils

275 1661 54 28 ne
357 1653 152 35 savent
542 1643 45 42 ni
611 1639 202 59 procéder
833 1652 56 28 au
912 1637 100 42 bien
1036 1634 46 42 ni
1105 1632 205 42 s'utiliser
1338 1636 149 34 contre
1507 1625 38 42 le
1585 1623 101 42 mal.
1716 1620 115 42 C'est
1860 1619 38 39 le
1938 1617 90 40 mal

275 1721 79 56 qui
376 1721 58 40 les
454 1719 150 49 attire;
623 1716 102 40 c'est
747 1721 149 34 contre
921 1711 38 40 le
980 1708 101 43 bien
1103 1705 131 56 qu'ils
1249 1704 96 42 font
1365 1703 95 41 leur
1476 1699 156 56 police.
1660 1697 80 40 Les
1761 1703 197 32 ennemis
1977 1689 51 41 de

278 1803 96 35 tout
401 1792 193 57 progrès,
620 1803 47 28 ce
698 1796 98 34 sont
833 1798 67 29 ces
935 1783 190 56 jocrisses
1154 1778 301 51 malfaisants,
1479 1782 41 33 et
1550 1772 30 40 il
1601 1770 94 41 faut
1727 1769 57 41 les
1815 1766 213 40 dénoncer

277 1873 176 51 partout
474 1873 40 34 et
531 1863 214 55 toujours,
761 1874 72 28 car
846 1862 101 38 c'est
965 1860 24 39 à
1009 1871 84 26 eux
1114 1868 85 42 que
1219 1853 58 40 les
1295 1852 141 55 places
1453 1855 97 35 sont
1566 1844 204 51 données,
1794 1844 23 37 à
1844 1852 82 27 eux
1945 1849 86 42 que

277 1943 61 41 les
362 1942 222 39 honneurs
622 1944 99 33 sont
744 1933 215 52 accordés,
982 1932 158 40 devant
1161 1940 85 28 eux
1267 1938 87 43 que
1376 1924 59 41 les
1455 1921 222 54 chapeaux
1699 1929 43 27 se
1764 1915 143 41 lèvent
1930 1923 101 28 avec

280 2022 178 48 respect.
480 2013 80 40 Les
571 2024 84 27 uns
672 2008 213 42 insultent
902 2005 208 54 Wagner,
1134 2004 232 48 outragent
1389 1994 271 48 Beethoven;
1683 1989 59 40 les
1764 1994 145 34 autres
1929 1985 82 39 s'at-

280 2095 186 49 taquent
493 2090 22 37 à
534 2081 272 52 Bcccherini,
825 2084 23 37 à
872 2078 200 43 Paisiello
1088 2090 10 40 ;
1122 2075 122 41 nient
1265 2069 193 53 Rossini,
1472 2066 189 52 Halévy,
1675 2060 149 53 Verdi,
1844 2059 187 40 Félicien

284 2161 159 41 David.
465 2159 114 42 L'un
603 2158 113 40 aime
736 2156 39 40 le
797 2153 125 41 Nord
941 2161 42 32 et
1003 2147 205 45 voudrait
1229 2147 135 54 qu'on
1387 2140 247 57 supprimât
1655 2142 96 35 tout
1775 2146 45 28 ce
1840 2131 79 56 qui
1940 2130 69 54 pal-

280 2235 89 56 pite
392 2248 55 26 au
471 2231 122 42 soleil
609 2245 8 36 ;
634 2230 153 41 l'autre
802 2226 162 56 préfère
985 2224 60 40 les
1067 2221 134 42 écoles
1223 2216 303 44 méridionales
1548 2221 42 32 et
1610 2206 266 46 anéantirait
1898 2203 134 47 Bach,

283 2306 215 51 Haendel,
518 2304 160 56 Spohr,
708 2301 274 42 Schumann.
1008 2296 123 43 Voici
1154 2307 61 28 un
1246 2290 171 44 badaud
1445 2287 76 56 qui
1545 2299 54 27 ne
1618 2285 94 54 jure
1733 2293 85 44 que
1841 2292 70 42 pai
1943 2277 60 39 Ra-

282 2381 124 56 phaël
425 2394 12 40 ;
456 2380 30 40 il
509 2379 159 40 n'aime
684 2390 74 41 pas
773 2373 309 54 Shakespeare,
1106 2370 44 39 ni
1173 2367 164 53 Byron,
1360 2363 46 41 ni
1431 2363 156 46 Dante,
1613 2358 47 41 ni
1683 2354 198 54 Eschyle.
1907 2349 129 44 Voilà

283 2469 61 28 un
360 2462 67 33 sot
448 2452 78 55 qui
541 2450 214 43 n'admire
773 2446 230 56 qu'Albert
1027 2445 141 39 Durer
1186 2448 41 35 et
1248 2438 76 56 qui
1346 2434 183 59 proscrit
1544 2432 217 44 l'Arioste,
1784 2427 252 47 Cervantes,

289 2526 220 52 Rabelais,
533 2525 167 52 George
720 2521 117 42 Sand
858 2528 42 32 et
923 2516 225 52 Michelet,
1171 2512 78 56 qui
1272 2525 99 28 sans
1392 2509 134 41 doute
1547 2520 54 26 en
1622 2511 63 34 est
1702 2509 128 35 mort.
1855 2498 158 53 Cegail-

284 2601 157 43 lard-ci
465 2598 193 42 n'admet
677 2610 86 42 que
785 2593 216 54 Boucher,
1016 2598 57 45 et,
1093 2589 59 54 là,
1168 2601 47 28 ce
1230 2584 224 43 monsieur
1468 2594 108 28 vous
1591 2589 213 45 prouvera
1827 2587 85 42 que
1931 2572 108 40 dans

286 2671 247 44 Qffenbach
575 2683 43 28 se
648 2677 156 34 trouve
839 2673 122 34 toute
1002 2663 40 41 la
1074 2661 116 41 bible
1227 2655 222 45 musicale.
1483 2654 121 40 Haro
1634 2663 75 28 sur
1738 2661 68 27 ces
1830 2644 181 43 baudets
2028 2645 9 37 !

289 2748 196 53 Puisque
503 2744 52 42 de
573 2744 95 41 leur
688 2741 149 55 regard
856 2738 157 43 louche
1027 2737 51 40 ils
1098 2749 52 27 ne
1172 2734 149 41 voient
1341 2732 140 54 qu'un
1502 2728 94 40 côté
1615 2727 51 39 de
1686 2724 16 41 1
1719 2721 199 47 horizon,
1940 2730 22 28 c
1980 2723 62 34 est

292 2821 131 55 qu'ils
447 2826 99 35 sont
568 2819 209 52 borgnes;
801 2817 134 53 qu'on
956 2812 95 40 leur
1073 2808 168 43 bouche
1261 2814 65 32 cet
1346 2803 75 43 œil
1441 2799 200 44 mauvais
1660 2796 77 55 qui
1763 2808 52 28 ne
1835 2801 103 32 veut
1968 2803 75 42 pas

293 2904 102 33 tour
421 2897 25 38 à
479 2901 99 33 tour
611 2890 197 55 legarder
837 2901 57 27 au
929 2885 219 42 couchant
1175 2889 41 33 et
1244 2894 55 27 au
1328 2879 148 39 levant
1493 2879 9 38 !
1537 2874 72 48 Qu
1627 2884 58 28 on
1727 2870 94 39 leur
1855 2866 122 41 crève
2005 2864 38 39 le

291 2979 199 46 tympan,
515 2970 25 36 à
568 2978 67 28 ces
659 2961 237 44 musiciens
923 2959 79 55 qui
1022 2958 200 40 radotent
1246 2950 200 51 mélodie,
1473 2944 244 52 harmonie,
1740 2937 303 51 enharmonie,

296 3042 245 55 rhythmes,
578 3038 204 50 sonorité,
823 3031 310 57 composition,
1173 3024 333 56 transposition,
1531 3019 115 43 école
1677 3015 225 51 italienne,
1937 3010 110 42 école

292 3113 259 52 allemande,
568 3120 39 32 et
630 3111 76 54 qui
728 3110 121 41 n'ont
866 3106 152 57 jamais
1039 3104 191 56 éprouvé
1249 3114 88 29 une
1360 3097 163 42 sincère
1544 3104 158 30 ivresse
1718 3088 126 51 d'art,
1864 3085 54 40 de
1937 3083 91 41 litté-

294 3200 166 41 rature,
480 3184 287 54 d'esthétique
783 3196 58 28 ou
863 3181 141 42 même
1021 3180 52 41 de
1095 3185 118 48 sport
1229 3176 109 41 dans
1357 3174 40 39 la
1420 3172 109 41 libre
1549 3176 239 45 campagne
1807 3166 8 36 !
1838 3160 35 42 L
1890 3158 132 54 impor-

292 3270 96 36 tant
410 3259 168 43 n'est-il
607 3270 74 42 pas
701 3256 52 41 de
772 3255 114 54 jouir
908 3268 56 28 au
994 3254 90 40 lieu
1110 3251 52 41 de
1183 3262 42 28 se
1253 3260 139 29 casser
1412 3250 23 35 à
1457 3243 72 41 des
1552 3245 208 35 sornettes
1793 3247 46 27 sa
1864 3232 97 41 bête
1995 3229 53 41 de

292 3339 85 39 tête
396 3335 8 41 !
428 3334 99 49 Que
543 3344 47 28 ce
611 3330 84 40 soit
712 3327 256 47 Palestrina,
995 3323 214 53 Haendel,
1234 3316 325 48 Mendelssohn,
1586 3308 178 51 Bellini,
1791 3303 177 43 Rossini
1990 3316 57 26 ou

293 3410 198 51 Wagner
510 3403 94 58 qui,
631 3402 95 56 près
747 3402 59 40 du
828 3400 197 40 ruisseau
1048 3400 156 54 jaseur,
1236 3407 102 28 sous
1359 3392 59 41 les
1439 3387 260 53 verdoyants
1721 3379 193 51 halliers,
1938 3388 110 29 nous

297 3482 61 42 ait
381 3478 175 58 préparé
576 3478 38 40 le
648 3489 121 40 repas
791 3475 105 40 dans
919 3473 38 41 la
982 3472 115 41 halte
1121 3472 51 39 de
1197 3469 166 45 chasse,
1384 3461 149 44 faut-il
1562 3472 42 31 se
1625 3457 225 52 chagriner
1871 3461 40 31 et
1934 3449 114 42 refu-
