2451 4219
866 498 75 39 LA
972 496 374 49 CHRONIQUE
1377 496 310 43 MUSICALE

427 513 54 32 22

426 658 65 26 ser
512 644 57 40 les
588 644 106 52 plats
715 640 169 41 assortis
906 652 107 40 pour
1035 647 117 31 notre
1178 637 178 41 vaillant
1374 638 159 54 appétit
1548 642 15 37 ?
1586 640 54 39 Et
1662 652 52 27 ne
1729 638 141 40 faut-il
1890 650 72 41 pas
1982 647 128 28 remer-

435 716 88 39 cier
545 715 40 39 la
606 720 150 33 nature
778 710 205 54 prodigue
1004 710 74 52 qui
1101 722 109 26 nous
1237 710 138 40 donne
1395 710 37 40 le
1448 711 95 52 jour
1566 710 261 40 éblouissant
1841 717 40 31 et
1902 707 236 50 laborieux,

430 786 95 54 puis
546 786 39 38 la
617 783 98 41 nuit
735 782 222 54 pacifiante
979 789 40 32 et
1039 780 174 54 peuplée
1249 781 50 40 de
1321 783 278 40 tremblantes
1637 782 161 51 étoiles,
1832 781 36 39 le
1893 779 118 40 Nord
2036 791 80 27 nua-

429 870 110 39 geux
564 862 38 33 et
625 855 38 39 le
688 852 109 41 Midi
831 852 233 53 splendide,
1089 851 149 42 Albert
1261 854 154 52 Durer,
1447 854 201 51 Holbein,
1675 852 282 51 Rembrandt,
1996 850 114 52 Ruys-

431 928 108 50 daël,
576 925 197 52 Téniers,
811 924 58 40 Le
904 923 165 52 Titien,
1108 924 193 39 Léonard
1338 925 49 39 de
1418 923 143 51 Vinci,
1597 925 172 39 Andréa
1808 923 66 40 del
1910 922 139 46 Sarto,
2084 920 58 39 Le

433 999 198 51 Corrége,
646 997 251 52 Velasquez,
919 996 238 50 Zurbarân,
1180 995 172 48 Ribera,
1372 995 139 54 Goya,
1531 1003 40 32 et
1585 996 113 40 aussi
1721 1004 119 31 notre
1860 995 57 38 Le
1938 991 202 50 Poussin,

439 1078 122 32 notre
585 1068 160 41 Claude
767 1066 194 52 Lorrain,
983 1073 40 33 et
1044 1074 119 32 notre
1187 1066 219 51 Prudhon,
1432 1080 97 27 avec
1556 1081 76 27 son
1653 1067 164 40 sourire
1839 1066 160 53 trempé
2026 1063 90 40 d'in-

437 1140 257 41 consolables
712 1139 332 53 désespérances,
1067 1146 40 32 et
1128 1138 113 40 aussi
1263 1146 119 32 notre
1398 1139 199 52 Vatteau,
1620 1139 136 39 l'idéal
1777 1146 38 32 et
1831 1136 309 52 mélancolique

433 1212 172 54 peintre
625 1211 70 38 des
713 1211 190 52 galantes
924 1209 263 52 allégresses?
1206 1209 129 39 Bénie
1359 1209 151 40 sois-tu
1533 1218 151 31 nature
1703 1210 75 52 qui
1795 1223 107 25 nous
1924 1222 42 26 as
1986 1208 131 39 libéra-

431 1284 159 38 lement
606 1281 169 51 octroyé
792 1279 40 40 la
849 1279 207 39 vieillesse
1077 1280 224 39 vénérable
1321 1287 40 32 et
1387 1280 204 40 l'enfance
1613 1281 267 39 divinement
1909 1278 229 53 gracieuse,

434 1355 41 38 la
496 1353 160 39 fiancée
673 1350 207 40 désirable
903 1357 40 33 et
963 1350 186 53 l'épouse
1167 1364 83 26 aux
1268 1350 113 40 seins
1402 1350 174 52 gonflés,
1601 1359 40 32 et
1666 1352 58 39 lés
1745 1352 127 39 vieux
1893 1350 155 53 grands
2070 1362 48 40 pa-

434 1432 112 32 rents
560 1423 105 40 dont
684 1423 57 38 les
762 1421 139 40 mains
922 1430 167 31 versent
1110 1435 73 26 sur
1203 1435 108 26 nous
1333 1423 57 38 les
1413 1423 245 40 solennelles
1680 1423 311 40 bénédictions!
2012 1421 131 40 Bénie

435 1499 23 35 à
477 1493 146 52 jamais
645 1493 150 40 sois-tu
814 1499 151 32 nature
985 1493 226 52 généreuse
1230 1499 38 32 et
1287 1493 173 40 féconde
1479 1494 75 52 qui
1573 1506 108 27 nous
1699 1507 43 26 as
1762 1493 140 40 donné
1922 1491 56 40 les
1999 1499 142 41 astres,

437 1567 58 39 les
524 1565 142 51 fleurs,
694 1564 56 39 les
781 1563 141 51 fruits,
945 1564 183 39 l'amour
1149 1571 39 32 et
1218 1564 193 51 l'amitié,
1435 1564 57 39 les
1521 1564 227 52 virginales
1770 1563 300 53 réjouissances
2105 1569 40 33 et

435 1638 59 39 les
516 1637 212 39 cuisantes
748 1635 209 53 voluptés,,
982 1643 39 32 et
1042 1635 57 39 les
1119 1635 101 39 rires
1238 1643 39 32 et
1300 1636 113 39 aussi
1434 1636 58 39 les
1512 1635 149 40 larmes
1677 1635 157 40 saintes
1848 1648 109 40 pour
1979 1635 166 52 pleurer

438 1722 103 26 ceux
562 1721 85 39 que
670 1720 107 27 nous
806 1707 182 51 aimons,
1008 1707 144 52 quand
1172 1706 249 53 l'infidélité,
1446 1707 222 52 l'absence,
1685 1707 36 39 le
1736 1708 200 39 tombeau
1959 1719 108 26 nous
2088 1705 58 39 les

438 1788 77 32 ont
534 1779 124 39 ravis.
676 1779 69 39 Ah
758 1782 8 37 !
792 1791 180 40 prenons
988 1785 136 32 toutes
1140 1780 57 37 les
1218 1778 99 53 joies
1333 1787 40 31 et
1387 1792 52 26 ne
1458 1780 57 38 les
1538 1786 222 46 comptons
1776 1792 72 40 pas
1860 1793 9 32 ;
1889 1791 50 26 ne
1956 1777 192 39 refusons

440 1865 73 40 pas
533 1852 137 38 même
690 1850 39 39 la
745 1849 204 40 tristesse!
976 1849 117 39 Dans
1116 1863 57 25 un
1195 1849 131 52 grand
1348 1863 132 37 cœur,
1504 1850 103 39 dans
1627 1863 59 27 un
1710 1851 124 38 noble
1857 1849 145 52 esprit,
2025 1848 30 39 il
2076 1862 27 39 y
2124 1862 23 25 a

442 1924 117 52 place
580 1934 111 40 pour
711 1927 94 33 tout
830 1920 292 54 comprendre,
1153 1934 110 39 pour
1283 1929 93 32 tout
1399 1922 147 49 aimer,
1568 1935 108 39 pour
1696 1929 95 32 tout
1823 1920 146 40 sentir.
1994 1920 151 48 Quant

437 2007 83 26 aux
541 2004 206 29 cerveaux
769 1991 157 50 étroits,
950 2005 83 26 aux
1056 2005 138 27 coeurs
1216 1992 150 53 aigres,
1391 2006 83 26 aux
1512 1992 200 54 critiques
1733 1992 176 47 châtrés,
1946 1991 178 39 laissons-

438 2066 61 39 les
522 2065 166 53 pérorer
709 2063 104 40 dans
843 2064 92 39 leur
957 2063 148 40 désert.
1139 2063 162 40 Vivons
1320 2068 7 35 !
1353 2064 110 51 Eux,
1495 2064 48 39 ils
1570 2077 52 26 ne
1643 2072 147 32 savent
1811 2077 73 40 pas
1907 2063 129 40 vivre.
2066 2063 56 39 Ai-

443 2149 122 26 mons
586 2139 7 35 !
620 2134 193 40 Pendant
846 2141 118 33 toute
993 2134 93 39 leur
1107 2134 231 53 existence,
1372 2143 95 31 tout
1495 2148 43 26 ce
1559 2135 75 53 qui
1671 2143 60 31 est
1764 2134 183 40 aimable
1978 2148 22 26 a
2031 2136 116 51 passé

440 2208 155 39 devant
615 2220 95 38 eux,
734 2214 40 31 et
792 2206 51 38 ils
868 2208 120 37 n'ont
1009 2218 71 40 pas
1101 2205 123 42 aimé.
1256 2206 56 39 Ils
1335 2206 205 39 n'aiment
1561 2220 88 39 pas,
1672 2206 50 39 ils
1740 2219 52 26 ne
1813 2205 146 40 vivent
1982 2220 86 38 pas,
2095 2206 51 38 ils

440 2292 51 25 ne
524 2285 148 32 savent
693 2279 137 37 même
852 2290 70 39 pas
945 2277 181 39 mourir.
1162 2277 56 39 Ils
1240 2285 146 31 savent
1416 2277 279 53 blasphémer,
1719 2277 263 54 blasphémer
2003 2285 144 31 contre

438 2351 108 52 l'art,
569 2351 39 39 la
628 2359 150 30 nature
793 2356 39 32 et
853 2350 40 38 la
922 2349 80 50 vie,
1026 2350 37 38 le
1087 2349 192 40 bonheur
1302 2357 40 32 et
1362 2351 39 38 la
1422 2350 193 41 lumière.
1642 2351 66 38 En
1729 2350 143 51 vérité,
1897 2364 64 25 ces
1982 2349 162 53 gens-là

445 2430 98 32 sont
562 2422 122 51 naïfs,
718 2421 84 39 s'ils
826 2434 51 26 ne
900 2429 97 31 sont
1018 2435 73 39 pas
1120 2422 202 39 insensés.
1359 2422 111 40 C'est
1493 2436 59 26 un
1583 2422 129 40 motif
1728 2435 111 40 pour
1858 2422 58 39 les
1937 2422 206 52 plaindre.

445 2493 112 40 Mais
576 2493 113 40 aussi
711 2493 50 39 ils
780 2502 95 31 sont
893 2493 233 50 méchants,
1152 2500 40 32 et
1214 2493 97 41 c'est
1333 2507 59 26 un
1414 2495 129 38 motif
1561 2503 85 30 non
1669 2508 73 39 pas
1759 2507 107 40 pour
1888 2494 57 39 les
1966 2494 108 49 haïr,
2100 2493 50 38 ils

445 2565 96 39 n'en
572 2565 143 39 valent
743 2578 71 39 pas
842 2566 39 38 la
919 2564 144 53 peine,
1089 2564 106 39 mais
1227 2578 104 39 pour
1364 2566 58 38 les
1453 2566 276 52 dédaigner...
1762 2575 40 31 et
1832 2566 57 39 les
1914 2566 155 38 écarter
2102 2564 48 41 de

442 2642 120 33 notre
584 2635 186 40 chemin.

495 2706 119 39 Niels
651 2705 115 41 Gade
806 2706 287 53 n'appartient
1131 2720 82 39 que
1250 2721 75 39 par
1361 2709 39 38 la
1436 2716 198 43 tangente
1657 2713 22 34 à
1711 2707 139 40 l'école
1886 2707 50 40 de
1968 2707 177 50 Berlioz,

442 2778 52 39 de
527 2776 317 47 Mendelssoha,
879 2790 84 40 que
995 2778 112 40 Fétis
1136 2779 269 52 poursuivait
1426 2779 112 39 faute
1559 2779 127 39 d'être
1705 2792 112 26 assez
1837 2778 123 53 jeune
1982 2792 109 40 pour
2110 2793 40 26 se

445 2857 218 45 ratrapper
691 2863 72 25 sur
783 2850 204 52 Wagner.
1023 2850 70 40 Ses
1128 2851 304 52 compositions
1453 2858 96 32 sont
1572 2852 150 38 restées
1742 2851 192 39 vivantes
1957 2851 105 39 dans
2092 2851 57 39 les

443 2920 167 39 faveurs
631 2920 57 40 du
708 2921 144 52 public
874 2922 213 39 allemand
1109 2930 38 31 et
1169 2923 268 48 Scandinave,
1460 2930 39 32 et
1515 2922 85 40 l'on
1623 2936 40 25 se
1680 2923 184 54 rappelle
1886 2923 173 52 qu'elles
2076 2931 74 32 ont

439 2992 64 38 été
520 2995 81 35 très
619 2992 398 40 bienveillamment
1036 2994 232 39 accueillies
1284 2994 172 52 lorsque
1474 2995 58 39 M.
1551 2994 236 53 Pasdeloup
1810 3008 109 26 nous
1935 2994 57 40 les
2015 2994 135 40 révéla

440 3063 106 39 dans
569 3076 62 27 ses
657 3072 189 31 concerts
867 3066 255 51 populaires,
1150 3070 57 34 où
1230 3073 92 32 tant
1342 3066 51 38 de
1421 3066 199 52 musique
1654 3068 217 51 étrangère
1892 3080 22 25 a
1942 3067 62 38 été
2030 3079 99 39 expo-

438 3135 67 38 sée
524 3149 54 25 au
606 3135 216 52 jugement
844 3137 151 38 éclairé
1029 3137 104 39 d'un
1161 3137 145 52 public
1334 3138 285 40 évidemment
1640 3138 154 40 d'élite.
1819 3138 112 40 C'est
1950 3151 58 26 un
2029 3146 100 31 natu-

438 3208 144 38 raliste
613 3220 81 40 que
715 3207 132 52 Gade,
869 3221 107 39 pour
999 3221 108 27 nous
1138 3210 210 52 exprimer
1375 3210 240 41 commeM,
1642 3211 126 39 Blaze
1789 3211 50 39 de
1862 3210 118 53 Bury
2001 3210 76 52 qui
2099 3210 53 38 l'a

442 3278 141 39 étudié
605 3282 22 35 à
647 3279 194 53 Leipsick
879 3281 151 48 même,
1063 3287 40 32 et
1138 3293 83 39 que
1253 3294 109 25 nous
1395 3282 301 53 reproduirons
1733 3283 54 39 ici
1819 3283 103 38 dans
1945 3289 94 31 tout
2076 3293 75 27 son

439 3351 320 40 commentaire.
802 3351 111 40 C'est
946 3364 59 26 un
1040 3352 250 39 naturaliste
1324 3366 49 25 en
1397 3366 44 26 ce
1480 3367 93 26 sens
1595 3368 80 39 que
1708 3354 36 40 le
1778 3354 94 38 chef
1902 3360 220 44 contempo-

442 3419 94 39 rain
557 3420 49 37 de
626 3420 141 40 l'école
788 3422 172 40 danoise
981 3431 172 44 apporte
1170 3436 54 26 au
1247 3424 96 51 plus
1369 3423 105 41 haut
1494 3425 124 52 degré
1639 3425 103 40 dans
1763 3438 62 25 ses
1844 3422 306 54 compositions
