2451 4219
550 470 348 53 VOLTAIRE,
934 469 193 41 PIRON
1164 469 78 40 ET
1274 455 367 53 SÉMIRAMIS

1924 472 58 45 27

278 620 79 40 Les
373 618 140 42 divers
531 621 172 53 poèmes
722 617 297 54 dramatiques
1042 616 51 40 de
1122 615 192 42 Voltaire
1341 613 173 42 avaient
1542 612 64 40 été
1629 610 82 41 mis
1728 613 22 36 à
1765 609 12 40 1
1796 609 183 54 épreuve

218 695 51 40 de
303 695 40 40 la
382 693 192 57 parodie.
604 693 80 40 Les
719 690 247 41 comédiens
990 689 173 41 italiens
1200 689 97 40 n'en
1334 686 290 55 manquaient
1661 698 74 43 pas
1757 697 59 27 un
1832 697 10 36 ;
1867 691 39 31 et
1930 681 51 41 ils

221 769 177 41 avaient
428 768 146 41 donné
598 764 368 43 successivement
990 780 8 24 :

273 900 68 43 M,
363 902 140 39 Bolus
509 932 8 18 ,
540 896 175 57 parodie
736 896 51 41 de
805 897 190 48 Brutus;

275 977 87 39 Les
383 973 202 54 Enfants
608 972 177 41 trouvés
792 1004 8 19 ,
825 969 175 57 parodie
1023 969 51 41 de
1093 970 167 40 Zaïre:

276 1049 63 40 Le
360 1048 210 40 Mauvais
590 1046 190 53 ménage
786 1077 9 21 ,
818 1043 174 56 parodie
1016 1043 233 41 d'Hérode
1270 1049 42 34 et
1330 1041 278 47 Mariamne;

279 1121 168 54 Œdipe
470 1119 191 42 travesti
667 1152 9 20 ,
699 1118 177 55 parodie
898 1117 38 40 d'
947 1117 163 54 Œdipe
1124 1132 17 33 ;

273 1194 85 40 Les
380 1194 276 53 Dommages
662 1224 10 19 ,
695 1190 176 56 parodie
892 1190 220 56 d'Attire.

282 1343 115 40 Mais
433 1342 63 42 M.
530 1342 51 40 de
602 1340 193 43 Voltaire
824 1338 270 43 n'entendait
1124 1339 125 55 point
1274 1340 87 40 être
1383 1338 227 54 turlupiné
1641 1338 50 40 de
1713 1345 106 33 cette
1839 1344 112 34 sorte
1973 1352 9 35 ;

232 1425 41 33 et
296 1417 59 40 les
378 1415 297 55 plaisanteries
698 1415 69 40 des
793 1414 174 41 Italiens
988 1413 227 40 mettaient
1237 1427 77 26 son
1341 1412 166 53 orgueil
1535 1426 55 25 au
1611 1411 210 54 supplice.
1850 1411 104 40 Lors-

226 1491 131 53 qu'en
384 1491 124 54 1748,
535 1489 31 40 il
587 1489 147 40 donna
764 1502 43 26 sa
835 1488 35 40 S
874 1488 110 40 émir
988 1487 110 40 amis
1104 1519 9 19 ,
1137 1486 58 40 les
1220 1486 212 40 Bouffons
1453 1486 50 39 de
1525 1484 165 40 l'Hôtel
1712 1484 51 40 de
1787 1483 167 54 Bourgo-

226 1578 84 40 gne
332 1564 308 54 s'apprêtèrent
661 1576 169 27 comme
845 1561 51 41 de
918 1569 208 32 coutume
1146 1563 22 37 à
1185 1560 65 40 lui
1272 1559 209 40 décocher
1498 1559 51 39 de
1571 1559 115 39 leurs
1710 1557 145 53 traits;
1874 1565 40 32 et
1933 1557 52 40 ils

225 1637 204 42 auraient
452 1637 98 54 joué
581 1638 94 40 leur
707 1636 175 55 parodie
905 1639 22 36 à
953 1633 347 42 Fontainebleau
1323 1632 158 41 devant
1512 1633 38 39 la
1582 1645 120 38 cour,
1728 1631 33 40 si
1793 1631 39 40 la
1868 1631 117 40 reine

225 1725 26 26 n
270 1711 102 41 était
394 1711 260 40 intervenue
676 1714 22 36 à
722 1721 154 43 temps.

281 1782 208 50 Voltaire,
513 1798 51 26 en
589 1784 112 52 effet,
726 1783 116 41 avait
864 1782 105 41 écrit
989 1785 23 37 à
1034 1789 107 33 cette
1166 1780 214 56 princesse
1402 1793 86 27 une
1510 1779 123 41 lettre
1656 1783 56 35 où
1737 1778 31 40 il
1790 1792 41 26 se
1855 1791 98 27 mon-

228 1865 65 33 tra
317 1857 123 41 affolé
470 1857 50 41 de
545 1857 131 54 dépit.
701 1856 125 42 Voici
852 1863 107 33 cette
992 1856 136 53 épître
1150 1853 164 55 éplorée
1342 1857 57 36 où
1426 1853 35 40 le
1484 1853 216 40 caractère
1722 1851 103 40 d'un
1849 1850 134 54 grand

230 1932 174 42 homme
427 1945 41 27 se
489 1931 141 41 décèle
648 1944 76 41 par
746 1944 61 28 ses
830 1930 99 55 plus
951 1928 128 56 petits
1102 1929 114 40 côtés

595 2101 16 15 «
637 2084 198 45 Madame,

276 2196 84 36 «Je
385 2206 62 25 me
469 2193 95 51 jette
590 2206 78 25 aux
691 2194 113 48 pieds
833 2194 49 36 de
910 2194 127 36 Votre
1070 2191 182 50 Majesté.
1289 2191 112 37 Vous
1423 2191 205 36 n'assistez
1657 2203 80 25 aux
1766 2192 220 47 spectacles

225 2268 78 37 que
325 2269 72 36 par
419 2256 355 37 condescendance
804 2267 104 35 pour
938 2263 113 29 votre
1075 2262 171 40 auguste
1281 2266 99 35 rang
1394 2264 8 38 ;
1427 2261 39 28 et
1498 2253 94 37 c'est
1621 2265 57 23 un
1707 2253 178 36 sacrifice
1908 2264 79 38 que

223 2325 116 29 votre
357 2325 118 29 vertu
494 2316 72 37 fait
581 2329 78 24 aux
682 2316 261 37 bienséances
964 2316 52 36 du
1041 2317 163 37 monde.
1229 2313 208 51 J'implore
1461 2321 104 30 cette
1580 2322 116 29 vertu
1719 2314 153 46 même;
1893 2322 38 28 et
1952 2313 35 49 je

225 2378 38 37 la
285 2377 166 50 conjure
472 2391 94 25 avec
583 2378 38 37 la
633 2378 93 50 plus
744 2378 83 37 vive
843 2377 165 38 douleur
1023 2378 48 36 de
1093 2389 50 24 ne
1162 2389 69 36 pas
1253 2375 163 38 souffrir
1433 2387 79 36 que
1529 2387 64 25 ces
1614 2375 218 49 spectacles
1855 2375 133 37 soient

226 2440 235 36 déshonorés
482 2452 71 36 par
583 2452 80 24 une
684 2439 125 37 satire
830 2439 157 37 odieuse
1013 2439 125 47 qu'on
1160 2446 96 28 veut
1291 2436 98 38 faire
1418 2445 141 29 contre
1587 2438 95 45 moi,
1717 2440 21 33 à
1769 2436 193 38 Fontaine-

226 2501 131 46 bleau,
379 2513 96 24 sous
495 2513 72 26 vos
581 2513 120 38 yeux.
728 2502 55 35 La
802 2500 179 49 tragédie
1000 2500 48 37 de
1063 2501 31 37 S
1096 2499 101 37 émir
1199 2499 83 37 ami
1283 2510 18 25 s
1321 2506 59 29 est
1401 2499 144 36 fondée
1568 2498 96 36 d'un
1685 2499 100 35 bout
1806 2500 21 33 à
1847 2497 141 38 l'autre

227 2574 69 24 sur
319 2563 37 36 la
378 2562 153 37 morale
556 2563 36 36 la
614 2563 92 48 plus
735 2574 115 37 pure,
877 2571 52 39 et,
950 2574 71 37 par
1043 2561 38 37 là
1104 2561 53 35 du
1187 2561 148 46 moins,
1366 2560 75 36 elle
1468 2567 99 41 peut
1592 2560 216 36 s'attendre
1829 2562 21 33 à
1875 2567 113 29 votre

225 2624 247 48 protection.
499 2624 174 48 Daignez
699 2624 249 47 considérer,
984 2623 201 46 Madame,
1208 2634 79 36 que
1317 2622 34 49 je
1372 2621 82 36 suis
1480 2621 242 49 domestique
1743 2621 50 36 du
1814 2622 108 48 Roy,
1950 2630 38 29 et

228 2697 72 37 par
322 2686 250 48 conséquent
595 2685 35 37 le
651 2683 120 40 vôtre.
809 2685 87 36 Mes
929 2685 247 47 camarades,
1211 2683 55 37 les
1300 2682 339 50 gentilshommes
1680 2682 224 37 ordinaires
1934 2683 52 36 du

234 2747 89 49 Roy
357 2747 99 36 dont
476 2747 202 48 plusieurs
715 2754 92 29 sont
833 2746 209 49 employés
1075 2746 100 36 dans
1201 2745 67 37 des
1302 2745 132 36 Cours
1467 2744 245 48 étrangères,
1749 2752 39 28 et
1810 2744 175 36 d'autres

229 2808 100 36 dans
348 2808 68 36 des
438 2808 134 47 places
594 2811 81 34 très
698 2807 262 48 honorables,
992 2807 289 48 m'obligeront
1301 2809 21 33 à
1347 2818 62 23 me
1437 2805 153 49 défaire
1611 2805 47 36 de
1680 2817 65 24 ma
1767 2805 161 51 charge,
1956 2806 32 35 si

226 2869 37 49 je
284 2868 110 38 subis
428 2869 146 36 devant
606 2881 78 25 eux
719 2877 39 29 et
788 2870 147 36 devant
957 2876 113 29 toute
1103 2867 37 37 la
1169 2866 153 38 famille
1357 2866 136 50 royale
1521 2878 55 24 un
1597 2866 267 37 avilissement
1882 2866 106 37 aussi

226 2930 110 37 cruel
341 2957 9 11 .
376 2930 45 37 Je
445 2928 165 51 conjure
635 2931 127 36 Votre
788 2929 182 50 Majesté,
1000 2942 72 37 par
1095 2928 37 37 la
1154 2928 202 49 grandeur
1378 2935 39 29 et
1438 2928 33 35 la
1495 2927 125 36 bonté
1649 2927 47 36 de
1718 2939 74 24 son
1823 2926 103 50 âme,
1950 2935 38 29 et

224 3004 72 37 par
315 3003 45 25 sa
375 2991 119 50 piété\
522 2992 47 36 de
592 3003 50 25 ne
662 3004 67 36 pas
754 3004 64 24 me
844 2991 123 38 livrer
989 2991 102 37 ainsi
1114 2994 20 33 à
1157 3002 85 25 mes
1270 2990 186 37 ennemis
1483 2996 165 30 ouverts
1671 2996 38 30 et
1737 2989 141 37 cachés
1902 2989 85 49 qui,

225 3055 117 46 après
366 3052 169 37 m'avoir
553 3053 211 47 poursuivi
786 3053 143 49 parles
952 3052 221 38 calomnies
1190 3052 56 36 les
1268 3051 91 50 plus
1382 3059 173 40 atroces,
1576 3050 166 38 veulent
1763 3064 62 23 me
1838 3051 150 50 perdre

225 3127 71 36 par
316 3125 79 25 une
419 3113 225 36 flétrissure
670 3114 210 48 publique.
909 3115 177 48 Daignez
1112 3113 224 48 envisager,
1363 3113 201 46 Madame,
1601 3124 77 36 que
1705 3123 64 26 ces
1802 3111 186 49 parodies

225 3175 218 49 satiriques
466 3182 73 29 ont
559 3174 62 36 été
643 3175 218 37 défendues
881 3179 21 33 à
927 3175 113 37 Paris
1060 3175 179 49 pendant
1261 3174 204 50 plusieurs
1488 3174 166 38 années.
1684 3172 153 37 Faut-il
1862 3173 126 46 qu'on

221 3238 59 36 les
301 3236 235 37 renouvelle
559 3248 105 37 pour
688 3236 83 37 moi
796 3237 203 37 seul-sous
1021 3236 58 37 les
1101 3248 107 37 yeux
1228 3236 47 35 de
1295 3236 128 35 Votre
1442 3234 197 49 Majesté?
1660 3234 87 36 Elle
1766 3245 50 25 ne
1837 3233 150 37 souffre

225 3311 71 37 pas
318 3297 39 37 la
379 3297 224 37 médisance
622 3297 99 36 dans
745 3309 73 25 son
840 3299 177 45 cabinet,
1050 3295 392 39 l'autorisera-t-elle
1474 3296 146 36 devant
1642 3302 114 28 toute
1783 3294 38 36 la
1849 3294 112 37 Cour
1975 3294 13 36 ?

231 3361 110 47 Non,
368 3360 201 45 Madame,
593 3366 116 30 votre
737 3370 112 25 cœur
876 3367 60 29 est
957 3367 92 42 trop
1074 3358 105 49 juste
1201 3370 105 38 pour
1333 3370 50 25 ne
1404 3370 70 37 pas
1496 3368 40 25 se
1562 3356 141 36 laisser
1724 3355 172 38 toucher
1919 3369 69 36 par

229 3433 86 24 mes
334 3421 165 49 prières,
525 3428 38 29 et
585 3433 71 36 par
678 3433 65 24 ma
765 3420 165 37 douleur
933 3451 8 17 ,
969 3429 38 28 et
1029 3433 105 37 pour
1156 3420 96 37 faire
1274 3419 157 37 mourir
1460 3418 47 36 de
1534 3417 168 51 chagrin
1731 3424 38 30 et
1797 3417 47 37 de
1874 3417 114 37 honte

227 3494 54 24 un
307 3482 142 36 ancien
472 3482 212 48 serviteur,
709 3490 39 28 et
769 3481 35 37 le
825 3482 176 48 premier
1023 3494 68 24 sur
1112 3482 69 47 qui
1200 3489 91 29 sont
1314 3480 182 36 tombées
1520 3490 68 26 vos
1609 3480 159 36 bontés.
1804 3481 66 35 Un
1900 3488 86 28 mot
