<?xml version="1.0" encoding="UTF-8"?>
<alto xmlns:xsi="http://www.w3.org/2001/XMLSchema-instance" xmlns="http://www.loc.gov/standards/alto/ns-v2#" xsi:schemaLocation="http://www.loc.gov/standards/alto/ns-v2# http://www.loc.gov/standards/alto/alto-v2.0.xsd" xmlns:xlink="http://www.w3.org/1999/xlink">
	<Description>
		<MeasurementUnit>mm10</MeasurementUnit>
		<sourceImageInformation>
			<fileName>//fileserver7/IN2/Princeton/Batch3/bmtnabc/1874/04/01_01/00000011.tif</fileName>
		</sourceImageInformation>
		<OCRProcessing ID="OCRPROCESSING_1">
			<preProcessingStep>
				<processingSoftware>
					<softwareCreator>CCS Content Conversion Specialists GmbH, Germany</softwareCreator>
					<softwareName>CCS docWORKS</softwareName>
					<softwareVersion>6.6-1.18</softwareVersion>
				</processingSoftware>
			</preProcessingStep>
			<ocrProcessingStep>
				<processingSoftware>
					<softwareCreator>ABBYY (BIT Software), Russia</softwareCreator>
					<softwareName>FineReader</softwareName>
					<softwareVersion>10.0</softwareVersion>
				</processingSoftware>
			</ocrProcessingStep>
		</OCRProcessing>
	</Description>
	<Styles>
		<TextStyle ID="TXT_0" FONTSIZE="26" FONTFAMILY="Times New Roman"/>
		<TextStyle ID="TXT_1" FONTSIZE="15" FONTFAMILY="Times New Roman"/>
		<TextStyle ID="TXT_2" FONTSIZE="13" FONTFAMILY="Times New Roman" FONTSTYLE="bold"/>
		<TextStyle ID="TXT_3" FONTSIZE="15" FONTFAMILY="Times New Roman" FONTSTYLE="italics"/>
		<TextStyle ID="TXT_4" FONTSIZE="7" FONTFAMILY="Fraktur"/>
		<ParagraphStyle ID="PAR_CENTER" ALIGN="Center"/>
		<ParagraphStyle ID="PAR_BLOCK" ALIGN="Block"/>
		<ParagraphStyle ID="PAR_LEFT" ALIGN="Left"/>
	</Styles>
	<Layout>
		<Page ID="P1" PHYSICAL_IMG_NR="1" HEIGHT="4219" WIDTH="2451" PC="0.949">
			<TopMargin ID="P1_TM00001" HPOS="0" VPOS="0" WIDTH="2451" HEIGHT="445"/>
			<LeftMargin ID="P1_LM00001" HPOS="0" VPOS="445" WIDTH="265" HEIGHT="3103"/>
			<RightMargin ID="P1_RM00001" HPOS="2029" VPOS="445" WIDTH="422" HEIGHT="3103"/>
			<BottomMargin ID="P1_BM00001" HPOS="0" VPOS="3548" WIDTH="2451" HEIGHT="671"/>
			<PrintSpace ID="P1_PS00001" HPOS="265" VPOS="445" WIDTH="1764" HEIGHT="3103">
				<TextBlock ID="P1_TB00001" HPOS="270" VPOS="2013" WIDTH="1752" HEIGHT="76" STYLEREFS="TXT_0 PAR_CENTER">
					<TextLine ID="P1_TL00001" HPOS="270" VPOS="2013" WIDTH="1752" HEIGHT="76">
						<String ID="P1_ST00001" HPOS="270" VPOS="2013" WIDTH="414" HEIGHT="76" CONTENT="ORIGINE" WC="0.99" CC="0300252"/>
						<SP ID="P1_SP00001" HPOS="684" VPOS="2089" WIDTH="82"/>
						<String ID="P1_ST00002" HPOS="766" VPOS="2015" WIDTH="142" HEIGHT="71" CONTENT="DU" WC="0.58" CC="61"/>
						<SP ID="P1_SP00002" HPOS="908" VPOS="2089" WIDTH="63"/>
						<String ID="P1_ST00003" HPOS="971" VPOS="2015" WIDTH="485" HEIGHT="74" CONTENT="CONCERT" WC="1.00" CC="0000210"/>
						<SP ID="P1_SP00003" HPOS="1456" VPOS="2089" WIDTH="64"/>
						<String ID="P1_ST00004" HPOS="1520" VPOS="2015" WIDTH="502" HEIGHT="74" CONTENT="SPIRITUEL" WC="0.99" CC="305400130"/>
					</TextLine>
				</TextBlock>
				<TextBlock ID="P1_TB00002" HPOS="967" VPOS="2380" WIDTH="1060" HEIGHT="727" STYLEREFS="TXT_1 PAR_BLOCK">
					<TextLine ID="P1_TL00002" HPOS="970" VPOS="2390" WIDTH="1053" HEIGHT="56">
						<String ID="P1_ST00005" HPOS="970" VPOS="2405" WIDTH="24" HEIGHT="26" CONTENT="E" WC="1.00" CC="0" STYLEREFS="TXT_2"/>
						<SP ID="P1_SP00004" HPOS="994" VPOS="2431" WIDTH="22"/>
						<String ID="P1_ST00006" HPOS="1016" VPOS="2390" WIDTH="189" HEIGHT="42" CONTENT="Concert" WC="0.99" CC="0020033"/>
						<SP ID="P1_SP00005" HPOS="1205" VPOS="2432" WIDTH="32"/>
						<String ID="P1_ST00007" HPOS="1237" VPOS="2390" WIDTH="199" HEIGHT="56" CONTENT="spirituel" WC="0.99" CC="004514506"/>
						<SP ID="P1_SP00006" HPOS="1436" VPOS="2446" WIDTH="22"/>
						<String ID="P1_ST00008" HPOS="1458" VPOS="2391" WIDTH="77" HEIGHT="54" CONTENT="qui" WC="0.98" CC="032"/>
						<SP ID="P1_SP00007" HPOS="1535" VPOS="2446" WIDTH="35"/>
						<String ID="P1_ST00009" HPOS="1570" VPOS="2404" WIDTH="23" HEIGHT="28" CONTENT="a" WC="0.39" CC="6"/>
						<SP ID="P1_SP00008" HPOS="1593" VPOS="2446" WIDTH="23"/>
						<String ID="P1_ST00010" HPOS="1616" VPOS="2390" WIDTH="87" HEIGHT="42" CONTENT="lieu" WC="0.98" CC="7200"/>
						<SP ID="P1_SP00009" HPOS="1703" VPOS="2446" WIDTH="22"/>
						<String ID="P1_ST00011" HPOS="1725" VPOS="2398" WIDTH="98" HEIGHT="34" CONTENT="tous" WC="0.98" CC="4600"/>
						<SP ID="P1_SP00010" HPOS="1823" VPOS="2446" WIDTH="25"/>
						<String ID="P1_ST00012" HPOS="1848" VPOS="2390" WIDTH="58" HEIGHT="41" CONTENT="les" WC="0.98" CC="400"/>
						<SP ID="P1_SP00011" HPOS="1906" VPOS="2446" WIDTH="23"/>
						<String ID="P1_ST00013" HPOS="1929" VPOS="2404" WIDTH="94" HEIGHT="39" CONTENT="ans," WC="0.98" CC="3004"/>
					</TextLine>
					<TextLine ID="P1_TL00003" HPOS="971" VPOS="2464" WIDTH="1053" HEIGHT="54">
						<String ID="P1_ST00014" HPOS="971" VPOS="2465" WIDTH="37" HEIGHT="40" CONTENT="le" WC="0.98" CC="00"/>
						<SP ID="P1_SP00012" HPOS="1008" VPOS="2505" WIDTH="36"/>
						<String ID="P1_ST00015" HPOS="1044" VPOS="2464" WIDTH="390" HEIGHT="54" CONTENT="Vendredi-Saint," WC="1.00" CC="213000034005307"/>
						<SP ID="P1_SP00013" HPOS="1434" VPOS="2518" WIDTH="24"/>
						<String ID="P1_ST00016" HPOS="1458" VPOS="2478" WIDTH="56" HEIGHT="27" CONTENT="au" WC="0.70" CC="05"/>
						<SP ID="P1_SP00014" HPOS="1514" VPOS="2518" WIDTH="41"/>
						<String ID="P1_ST00017" HPOS="1555" VPOS="2464" WIDTH="348" HEIGHT="52" CONTENT="Conservatoire," WC="1.00" CC="45000230002004"/>
						<SP ID="P1_SP00015" HPOS="1903" VPOS="2518" WIDTH="36"/>
						<String ID="P1_ST00018" HPOS="1939" VPOS="2477" WIDTH="85" HEIGHT="28" CONTENT="aux" WC="1.00" CC="000"/>
					</TextLine>
					<TextLine ID="P1_TL00004" HPOS="975" VPOS="2537" WIDTH="1047" HEIGHT="55">
						<String ID="P1_ST00019" HPOS="975" VPOS="2538" WIDTH="177" HEIGHT="40" CONTENT="Italiens" WC="1.00" CC="00031030"/>
						<SP ID="P1_SP00016" HPOS="1152" VPOS="2578" WIDTH="22"/>
						<String ID="P1_ST00020" HPOS="1174" VPOS="2545" WIDTH="41" HEIGHT="33" CONTENT="et" WC="1.00" CC="00"/>
						<SP ID="P1_SP00017" HPOS="1215" VPOS="2578" WIDTH="21"/>
						<String ID="P1_ST00021" HPOS="1236" VPOS="2542" WIDTH="23" HEIGHT="36" CONTENT="à" WC="0.91" CC="0"/>
						<SP ID="P1_SP00018" HPOS="1259" VPOS="2578" WIDTH="22"/>
						<String ID="P1_ST00022" HPOS="1281" VPOS="2538" WIDTH="38" HEIGHT="40" CONTENT="la" WC="0.83" CC="30"/>
						<SP ID="P1_SP00019" HPOS="1319" VPOS="2578" WIDTH="26"/>
						<String ID="P1_ST00023" HPOS="1345" VPOS="2538" WIDTH="101" HEIGHT="40" CONTENT="salle" WC="1.00" CC="00200"/>
						<SP ID="P1_SP00020" HPOS="1446" VPOS="2578" WIDTH="32"/>
						<String ID="P1_ST00024" HPOS="1478" VPOS="2538" WIDTH="72" HEIGHT="40" CONTENT="des" WC="1.00" CC="000"/>
						<SP ID="P1_SP00021" HPOS="1550" VPOS="2578" WIDTH="35"/>
						<String ID="P1_ST00025" HPOS="1585" VPOS="2538" WIDTH="209" HEIGHT="41" CONTENT="Concerts" WC="0.99" CC="20000735"/>
						<SP ID="P1_SP00022" HPOS="1794" VPOS="2579" WIDTH="23"/>
						<String ID="P1_ST00026" HPOS="1817" VPOS="2537" WIDTH="180" HEIGHT="55" CONTENT="populai" SUBS_TYPE="HypPart1" SUBS_CONTENT="populaires," WC="0.99" CC="0540007"/>
						<HYP HPOS="1997" VPOS="2537" WIDTH="25" CONTENT="-"/>
					</TextLine>
					<TextLine ID="P1_TL00005" HPOS="971" VPOS="2611" WIDTH="1053" HEIGHT="54">
						<String ID="P1_ST00027" HPOS="971" VPOS="2625" WIDTH="80" HEIGHT="39" CONTENT="res," SUBS_TYPE="HypPart2" SUBS_CONTENT="populaires," WC="0.98" CC="6004"/>
						<SP ID="P1_SP00023" HPOS="1051" VPOS="2664" WIDTH="21"/>
						<String ID="P1_ST00028" HPOS="1072" VPOS="2619" WIDTH="101" HEIGHT="43" CONTENT="etc.," WC="0.99" CC="00004"/>
						<SP ID="P1_SP00024" HPOS="1173" VPOS="2664" WIDTH="19"/>
						<String ID="P1_ST00029" HPOS="1192" VPOS="2624" WIDTH="42" HEIGHT="27" CONTENT="se" WC="1.00" CC="00"/>
						<SP ID="P1_SP00025" HPOS="1234" VPOS="2664" WIDTH="22"/>
						<String ID="P1_ST00030" HPOS="1256" VPOS="2611" WIDTH="184" HEIGHT="40" CONTENT="donnait" WC="1.00" CC="0000030"/>
						<SP ID="P1_SP00026" HPOS="1440" VPOS="2664" WIDTH="15"/>
						<String ID="P1_ST00031" HPOS="1455" VPOS="2611" WIDTH="108" HEIGHT="54" CONTENT="jadis" WC="0.99" CC="43010"/>
						<SP ID="P1_SP00027" HPOS="1563" VPOS="2665" WIDTH="20"/>
						<String ID="P1_ST00032" HPOS="1583" VPOS="2611" WIDTH="214" HEIGHT="54" CONTENT="plusieurs" WC="0.99" CC="053050240"/>
						<SP ID="P1_SP00028" HPOS="1797" VPOS="2665" WIDTH="16"/>
						<String ID="P1_ST00033" HPOS="1813" VPOS="2611" WIDTH="82" HEIGHT="40" CONTENT="fois" WC="0.99" CC="0040"/>
						<SP ID="P1_SP00029" HPOS="1895" VPOS="2665" WIDTH="20"/>
						<String ID="P1_ST00034" HPOS="1915" VPOS="2611" WIDTH="109" HEIGHT="40" CONTENT="dans" WC="1.00" CC="0000"/>
					</TextLine>
					<TextLine ID="P1_TL00006" HPOS="969" VPOS="2684" WIDTH="1056" HEIGHT="55">
						<String ID="P1_ST00035" HPOS="969" VPOS="2684" WIDTH="180" HEIGHT="41" CONTENT="l'année." WC="0.98" CC="44690401"/>
						<SP ID="P1_SP00030" HPOS="1149" VPOS="2725" WIDTH="31"/>
						<String ID="P1_ST00036" HPOS="1180" VPOS="2684" WIDTH="35" HEIGHT="40" CONTENT="Il" WC="0.80" CC="04"/>
						<SP ID="P1_SP00031" HPOS="1215" VPOS="2725" WIDTH="29"/>
						<String ID="P1_ST00037" HPOS="1244" VPOS="2684" WIDTH="106" HEIGHT="42" CONTENT="était" WC="0.99" CC="52000"/>
						<SP ID="P1_SP00032" HPOS="1350" VPOS="2726" WIDTH="23"/>
						<String ID="P1_ST00038" HPOS="1373" VPOS="2684" WIDTH="167" HEIGHT="41" CONTENT="destiné" WC="0.99" CC="0061060"/>
						<SP ID="P1_SP00033" HPOS="1540" VPOS="2726" WIDTH="20"/>
						<String ID="P1_ST00039" HPOS="1560" VPOS="2690" WIDTH="22" HEIGHT="34" CONTENT="à" WC="0.93" CC="0"/>
						<SP ID="P1_SP00034" HPOS="1582" VPOS="2726" WIDTH="24"/>
						<String ID="P1_ST00040" HPOS="1606" VPOS="2685" WIDTH="237" HEIGHT="54" CONTENT="remplacer" WC="0.99" CC="008010441"/>
						<SP ID="P1_SP00035" HPOS="1843" VPOS="2739" WIDTH="29"/>
						<String ID="P1_ST00041" HPOS="1872" VPOS="2684" WIDTH="59" HEIGHT="40" CONTENT="les" WC="0.99" CC="300"/>
						<SP ID="P1_SP00036" HPOS="1931" VPOS="2739" WIDTH="26"/>
						<String ID="P1_ST00042" HPOS="1957" VPOS="2697" WIDTH="46" HEIGHT="27" CONTENT="re" SUBS_TYPE="HypPart1" SUBS_CONTENT="représentations" WC="0.97" CC="40"/>
						<HYP HPOS="2003" VPOS="2697" WIDTH="22" CONTENT="-"/>
					</TextLine>
					<TextLine ID="P1_TL00007" HPOS="971" VPOS="2758" WIDTH="1054" HEIGHT="55">
						<String ID="P1_ST00043" HPOS="971" VPOS="2759" WIDTH="316" HEIGHT="54" CONTENT="présentations" SUBS_TYPE="HypPart2" SUBS_CONTENT="représentations" WC="0.99" CC="5900060055000"/>
						<SP ID="P1_SP00037" HPOS="1287" VPOS="2813" WIDTH="37"/>
						<String ID="P1_ST00044" HPOS="1324" VPOS="2759" WIDTH="233" HEIGHT="40" CONTENT="théâtrales" WC="1.00" CC="0300010400"/>
						<SP ID="P1_SP00038" HPOS="1557" VPOS="2813" WIDTH="29"/>
						<String ID="P1_ST00045" HPOS="1586" VPOS="2759" WIDTH="189" HEIGHT="52" CONTENT="pendant" WC="1.00" CC="0000010"/>
						<SP ID="P1_SP00039" HPOS="1775" VPOS="2813" WIDTH="38"/>
						<String ID="P1_ST00046" HPOS="1813" VPOS="2758" WIDTH="39" HEIGHT="40" CONTENT="le" WC="0.88" CC="20"/>
						<SP ID="P1_SP00040" HPOS="1852" VPOS="2813" WIDTH="32"/>
						<String ID="P1_ST00047" HPOS="1884" VPOS="2765" WIDTH="141" HEIGHT="46" CONTENT="temps" WC="1.00" CC="30000"/>
					</TextLine>
					<TextLine ID="P1_TL00008" HPOS="969" VPOS="2830" WIDTH="1057" HEIGHT="56">
						<String ID="P1_ST00048" HPOS="969" VPOS="2833" WIDTH="51" HEIGHT="40" CONTENT="de" WC="1.00" CC="00"/>
						<SP ID="P1_SP00041" HPOS="1020" VPOS="2873" WIDTH="24"/>
						<String ID="P1_ST00049" HPOS="1044" VPOS="2833" WIDTH="168" HEIGHT="53" CONTENT="Pâques" WC="1.00" CC="000000"/>
						<SP ID="P1_SP00042" HPOS="1212" VPOS="2886" WIDTH="34"/>
						<String ID="P1_ST00050" HPOS="1246" VPOS="2839" WIDTH="42" HEIGHT="33" CONTENT="et" WC="1.00" CC="00"/>
						<SP ID="P1_SP00043" HPOS="1288" VPOS="2886" WIDTH="20"/>
						<String ID="P1_ST00051" HPOS="1308" VPOS="2838" WIDTH="21" HEIGHT="34" CONTENT="à" WC="0.79" CC="2"/>
						<SP ID="P1_SP00044" HPOS="1329" VPOS="2886" WIDTH="30"/>
						<String ID="P1_ST00052" HPOS="1359" VPOS="2831" WIDTH="212" HEIGHT="41" CONTENT="certaines" WC="1.00" CC="001000300"/>
						<SP ID="P1_SP00045" HPOS="1571" VPOS="2886" WIDTH="23"/>
						<String ID="P1_ST00053" HPOS="1594" VPOS="2831" WIDTH="117" HEIGHT="41" CONTENT="fêtes." WC="0.98" CC="766004"/>
						<SP ID="P1_SP00046" HPOS="1711" VPOS="2886" WIDTH="39"/>
						<String ID="P1_ST00054" HPOS="1750" VPOS="2831" WIDTH="58" HEIGHT="40" CONTENT="Le" WC="0.99" CC="00"/>
						<SP ID="P1_SP00047" HPOS="1808" VPOS="2886" WIDTH="31"/>
						<String ID="P1_ST00055" HPOS="1839" VPOS="2830" WIDTH="187" HEIGHT="41" CONTENT="Concert" WC="0.99" CC="1000303"/>
					</TextLine>
					<TextLine ID="P1_TL00009" HPOS="969" VPOS="2904" WIDTH="1057" HEIGHT="61">
						<String ID="P1_ST00056" HPOS="969" VPOS="2906" WIDTH="188" HEIGHT="59" CONTENT="français" WC="0.99" CC="04006020"/>
						<SP ID="P1_SP00048" HPOS="1157" VPOS="2965" WIDTH="25"/>
						<String ID="P1_ST00057" HPOS="1182" VPOS="2906" WIDTH="72" HEIGHT="40" CONTENT="des" WC="1.00" CC="000"/>
						<SP ID="P1_SP00049" HPOS="1254" VPOS="2965" WIDTH="29"/>
						<String ID="P1_ST00058" HPOS="1283" VPOS="2905" WIDTH="319" HEIGHT="54" CONTENT="Mélophilètes" WC="0.80" CC="022650310010" STYLEREFS="TXT_3"/>
						<String ID="P1_ST00059" HPOS="1612" VPOS="2937" WIDTH="9" HEIGHT="19" CONTENT="," WC="1.00" CC="0"/>
						<SP ID="P1_SP00050" HPOS="1621" VPOS="2965" WIDTH="25"/>
						<String ID="P1_ST00060" HPOS="1646" VPOS="2905" WIDTH="132" HEIGHT="41" CONTENT="établi" WC="0.99" CC="070132"/>
						<SP ID="P1_SP00051" HPOS="1778" VPOS="2965" WIDTH="23"/>
						<String ID="P1_ST00061" HPOS="1801" VPOS="2905" WIDTH="37" HEIGHT="40" CONTENT="le" WC="0.92" CC="10"/>
						<SP ID="P1_SP00052" HPOS="1838" VPOS="2965" WIDTH="27"/>
						<String ID="P1_ST00062" HPOS="1865" VPOS="2919" WIDTH="50" HEIGHT="26" CONTENT="10" WC="0.72" CC="50"/>
						<SP ID="P1_SP00053" HPOS="1915" VPOS="2965" WIDTH="21"/>
						<String ID="P1_ST00063" HPOS="1936" VPOS="2904" WIDTH="68" HEIGHT="54" CONTENT="jan" SUBS_TYPE="HypPart1" SUBS_CONTENT="janvier" WC="0.99" CC="000"/>
						<HYP HPOS="2004" VPOS="2904" WIDTH="22" CONTENT="-"/>
					</TextLine>
					<TextLine ID="P1_TL00010" HPOS="969" VPOS="2978" WIDTH="1058" HEIGHT="56">
						<String ID="P1_ST00064" HPOS="969" VPOS="2980" WIDTH="89" HEIGHT="40" CONTENT="vier" SUBS_TYPE="HypPart2" SUBS_CONTENT="janvier" WC="0.97" CC="6305"/>
						<SP ID="P1_SP00054" HPOS="1058" VPOS="3020" WIDTH="29"/>
						<String ID="P1_ST00065" HPOS="1087" VPOS="2992" WIDTH="126" HEIGHT="42" CONTENT="1722," WC="0.61" CC="31553"/>
						<SP ID="P1_SP00055" HPOS="1213" VPOS="3034" WIDTH="24"/>
						<String ID="P1_ST00066" HPOS="1237" VPOS="2988" WIDTH="42" HEIGHT="32" CONTENT="et" WC="0.97" CC="00"/>
						<SP ID="P1_SP00056" HPOS="1279" VPOS="3034" WIDTH="31"/>
						<String ID="P1_ST00067" HPOS="1310" VPOS="2979" WIDTH="38" HEIGHT="41" CONTENT="le" WC="0.93" CC="10"/>
						<SP ID="P1_SP00057" HPOS="1348" VPOS="3034" WIDTH="35"/>
						<String ID="P1_ST00068" HPOS="1383" VPOS="2978" WIDTH="188" HEIGHT="42" CONTENT="Concert" WC="0.99" CC="1230163"/>
						<SP ID="P1_SP00058" HPOS="1571" VPOS="3034" WIDTH="37"/>
						<String ID="P1_ST00069" HPOS="1608" VPOS="2978" WIDTH="147" HEIGHT="41" CONTENT="italien" WC="0.99" CC="2070004"/>
						<SP ID="P1_SP00059" HPOS="1755" VPOS="3034" WIDTH="30"/>
						<String ID="P1_ST00070" HPOS="1785" VPOS="2978" WIDTH="72" HEIGHT="41" CONTENT="des" WC="0.99" CC="030"/>
						<SP ID="P1_SP00060" HPOS="1857" VPOS="3034" WIDTH="29"/>
						<String ID="P1_ST00071" HPOS="1886" VPOS="2980" WIDTH="106" HEIGHT="39" CONTENT="Ama" SUBS_TYPE="HypPart1" SUBS_CONTENT="Amateurs.," WC="0.97" CC="154" STYLEREFS="TXT_3"/>
						<HYP HPOS="1992" VPOS="2980" WIDTH="35" CONTENT="-"/>
					</TextLine>
					<TextLine ID="P1_TL00011" HPOS="971" VPOS="3052" WIDTH="1052" HEIGHT="55">
						<String ID="P1_ST00072" HPOS="971" VPOS="3062" WIDTH="137" HEIGHT="45" CONTENT="teurs.," SUBS_TYPE="HypPart2" SUBS_CONTENT="Amateurs.," WC="0.98" CC="4614044" STYLEREFS="TXT_3"/>
						<SP ID="P1_SP00061" HPOS="1108" VPOS="3107" WIDTH="24"/>
						<String ID="P1_ST00073" HPOS="1132" VPOS="3053" WIDTH="201" HEIGHT="54" CONTENT="organisé" WC="0.99" CC="09005460"/>
						<SP ID="P1_SP00062" HPOS="1333" VPOS="3107" WIDTH="20"/>
						<String ID="P1_ST00074" HPOS="1353" VPOS="3053" WIDTH="41" HEIGHT="40" CONTENT="la" WC="0.80" CC="30"/>
						<SP ID="P1_SP00063" HPOS="1394" VPOS="3107" WIDTH="22"/>
						<String ID="P1_ST00075" HPOS="1416" VPOS="3053" WIDTH="142" HEIGHT="40" CONTENT="même" WC="0.96" CC="3690"/>
						<SP ID="P1_SP00064" HPOS="1558" VPOS="3107" WIDTH="23"/>
						<String ID="P1_ST00076" HPOS="1581" VPOS="3053" WIDTH="135" HEIGHT="39" CONTENT="année" WC="0.99" CC="02050"/>
						<SP ID="P1_SP00065" HPOS="1716" VPOS="3107" WIDTH="31"/>
						<String ID="P1_ST00077" HPOS="1747" VPOS="3066" WIDTH="75" HEIGHT="40" CONTENT="par" WC="0.98" CC="005"/>
						<SP ID="P1_SP00066" HPOS="1822" VPOS="3107" WIDTH="22"/>
						<String ID="P1_ST00078" HPOS="1844" VPOS="3052" WIDTH="39" HEIGHT="40" CONTENT="la" WC="1.00" CC="00"/>
						<SP ID="P1_SP00067" HPOS="1883" VPOS="3107" WIDTH="24"/>
						<String ID="P1_ST00079" HPOS="1907" VPOS="3065" WIDTH="116" HEIGHT="27" CONTENT="mar-" WC="0.99" CC="0004"/>
					</TextLine>
				</TextBlock>
				<TextBlock ID="P1_TB00003" HPOS="265" VPOS="3123" WIDTH="1764" HEIGHT="425" STYLEREFS="TXT_1 PAR_LEFT">
					<TextLine ID="P1_TL00012" HPOS="267" VPOS="3124" WIDTH="1760" HEIGHT="56">
						<String ID="P1_ST00080" HPOS="267" VPOS="3126" WIDTH="128" HEIGHT="54" CONTENT="quise" WC="0.89" CC="05000"/>
						<SP ID="P1_SP00068" HPOS="395" VPOS="3180" WIDTH="31"/>
						<String ID="P1_ST00081" HPOS="426" VPOS="3126" WIDTH="51" HEIGHT="40" CONTENT="de" WC="1.00" CC="00"/>
						<SP ID="P1_SP00069" HPOS="477" VPOS="3180" WIDTH="28"/>
						<String ID="P1_ST00082" HPOS="505" VPOS="3126" WIDTH="109" HEIGHT="49" CONTENT="Prie," WC="0.98" CC="05403"/>
						<SP ID="P1_SP00070" HPOS="614" VPOS="3180" WIDTH="37"/>
						<String ID="P1_ST00083" HPOS="651" VPOS="3126" WIDTH="104" HEIGHT="41" CONTENT="unie" WC="0.97" CC="5440"/>
						<SP ID="P1_SP00071" HPOS="755" VPOS="3180" WIDTH="20"/>
						<String ID="P1_ST00084" HPOS="775" VPOS="3126" WIDTH="203" HEIGHT="42" CONTENT="d'intérêt" WC="0.99" CC="431200346"/>
						<SP ID="P1_SP00072" HPOS="978" VPOS="3180" WIDTH="29"/>
						<String ID="P1_ST00085" HPOS="1007" VPOS="3139" WIDTH="102" HEIGHT="28" CONTENT="avec" WC="0.98" CC="2600"/>
						<SP ID="P1_SP00073" HPOS="1109" VPOS="3180" WIDTH="28"/>
						<String ID="P1_ST00086" HPOS="1137" VPOS="3125" WIDTH="37" HEIGHT="41" CONTENT="le" WC="1.00" CC="00"/>
						<SP ID="P1_SP00074" HPOS="1174" VPOS="3180" WIDTH="22"/>
						<String ID="P1_ST00087" HPOS="1196" VPOS="3125" WIDTH="207" HEIGHT="41" CONTENT="financier" WC="0.99" CC="670100500"/>
						<SP ID="P1_SP00075" HPOS="1403" VPOS="3180" WIDTH="23"/>
						<String ID="P1_ST00088" HPOS="1426" VPOS="3124" WIDTH="189" HEIGHT="51" CONTENT="Croizat," WC="0.65" CC="12245073"/>
						<SP ID="P1_SP00076" HPOS="1615" VPOS="3180" WIDTH="29"/>
						<String ID="P1_ST00089" HPOS="1644" VPOS="3139" WIDTH="53" HEIGHT="27" CONTENT="en" WC="0.87" CC="11"/>
						<SP ID="P1_SP00077" HPOS="1697" VPOS="3180" WIDTH="31"/>
						<String ID="P1_ST00090" HPOS="1728" VPOS="3124" WIDTH="129" HEIGHT="42" CONTENT="firent" WC="0.98" CC="463405"/>
						<SP ID="P1_SP00078" HPOS="1857" VPOS="3180" WIDTH="32"/>
						<String ID="P1_ST00091" HPOS="1889" VPOS="3127" WIDTH="138" HEIGHT="37" CONTENT="naître" WC="0.97" CC="934342"/>
					</TextLine>
					<TextLine ID="P1_TL00013" HPOS="266" VPOS="3199" WIDTH="139" HEIGHT="42">
						<String ID="P1_ST00092" HPOS="266" VPOS="3199" WIDTH="139" HEIGHT="42" CONTENT="l'idée." WC="0.99" CC="0020304"/>
					</TextLine>
					<TextLine ID="P1_TL00014" HPOS="323" VPOS="3270" WIDTH="1702" HEIGHT="58">
						<String ID="P1_ST00093" HPOS="323" VPOS="3272" WIDTH="122" HEIGHT="42" CONTENT="Cette" WC="0.99" CC="20020"/>
						<SP ID="P1_SP00079" HPOS="445" VPOS="3314" WIDTH="39"/>
						<String ID="P1_ST00094" HPOS="484" VPOS="3272" WIDTH="217" HEIGHT="42" CONTENT="solennité" WC="1.00" CC="004000000"/>
						<SP ID="P1_SP00080" HPOS="701" VPOS="3314" WIDTH="30"/>
						<String ID="P1_ST00095" HPOS="731" VPOS="3274" WIDTH="209" HEIGHT="41" CONTENT="musicale" WC="1.00" CC="07000000"/>
						<SP ID="P1_SP00081" HPOS="940" VPOS="3315" WIDTH="33"/>
						<String ID="P1_ST00096" HPOS="973" VPOS="3275" WIDTH="66" HEIGHT="40" CONTENT="fut" WC="0.98" CC="600"/>
						<SP ID="P1_SP00082" HPOS="1039" VPOS="3315" WIDTH="29"/>
						<String ID="P1_ST00097" HPOS="1068" VPOS="3273" WIDTH="152" HEIGHT="41" CONTENT="fondée" WC="1.00" CC="200000"/>
						<SP ID="P1_SP00083" HPOS="1220" VPOS="3315" WIDTH="31"/>
						<String ID="P1_ST00098" HPOS="1251" VPOS="3287" WIDTH="53" HEIGHT="27" CONTENT="en" WC="1.00" CC="00"/>
						<SP ID="P1_SP00084" HPOS="1304" VPOS="3315" WIDTH="35"/>
						<String ID="P1_ST00099" HPOS="1339" VPOS="3274" WIDTH="127" HEIGHT="54" CONTENT="1725," WC="0.50" CC="64507"/>
						<SP ID="P1_SP00085" HPOS="1466" VPOS="3328" WIDTH="41"/>
						<String ID="P1_ST00100" HPOS="1507" VPOS="3287" WIDTH="76" HEIGHT="41" CONTENT="par" WC="0.98" CC="040"/>
						<SP ID="P1_SP00086" HPOS="1583" VPOS="3328" WIDTH="37"/>
						<String ID="P1_ST00101" HPOS="1620" VPOS="3272" WIDTH="207" HEIGHT="56" CONTENT="privilège" WC="0.99" CC="000506800"/>
						<SP ID="P1_SP00087" HPOS="1827" VPOS="3328" WIDTH="26"/>
						<String ID="P1_ST00102" HPOS="1853" VPOS="3272" WIDTH="59" HEIGHT="40" CONTENT="du" WC="0.73" CC="05"/>
						<SP ID="P1_SP00088" HPOS="1912" VPOS="3328" WIDTH="32"/>
						<String ID="P1_ST00103" HPOS="1944" VPOS="3270" WIDTH="81" HEIGHT="46" CONTENT="roi," WC="0.97" CC="4046"/>
					</TextLine>
					<TextLine ID="P1_TL00015" HPOS="271" VPOS="3344" WIDTH="1756" HEIGHT="58">
						<String ID="P1_ST00104" HPOS="271" VPOS="3346" WIDTH="136" HEIGHT="41" CONTENT="Louis" WC="1.00" CC="00030"/>
						<SP ID="P1_SP00089" HPOS="407" VPOS="3387" WIDTH="22"/>
						<String ID="P1_ST00105" HPOS="429" VPOS="3345" WIDTH="80" HEIGHT="43" CONTENT="XV" WC="0.53" CC="63"/>
						<SP ID="P1_SP00090" HPOS="509" VPOS="3388" WIDTH="18"/>
						<String ID="P1_ST00106" HPOS="527" VPOS="3346" WIDTH="118" HEIGHT="42" CONTENT="avait" WC="0.99" CC="50000"/>
						<SP ID="P1_SP00091" HPOS="645" VPOS="3388" WIDTH="21"/>
						<String ID="P1_ST00107" HPOS="666" VPOS="3347" WIDTH="179" HEIGHT="40" CONTENT="accordé" WC="1.00" CC="0001000"/>
						<SP ID="P1_SP00092" HPOS="845" VPOS="3388" WIDTH="15"/>
						<String ID="P1_ST00108" HPOS="860" VPOS="3361" WIDTH="46" HEIGHT="26" CONTENT="ce" WC="0.92" CC="10"/>
						<SP ID="P1_SP00093" HPOS="906" VPOS="3388" WIDTH="22"/>
						<String ID="P1_ST00109" HPOS="928" VPOS="3347" WIDTH="208" HEIGHT="55" CONTENT="privilège" WC="1.00" CC="000020050"/>
						<SP ID="P1_SP00094" HPOS="1136" VPOS="3402" WIDTH="21"/>
						<String ID="P1_ST00110" HPOS="1157" VPOS="3361" WIDTH="53" HEIGHT="26" CONTENT="en" WC="1.00" CC="00"/>
						<SP ID="P1_SP00095" HPOS="1210" VPOS="3402" WIDTH="20"/>
						<String ID="P1_ST00111" HPOS="1230" VPOS="3346" WIDTH="148" HEIGHT="41" CONTENT="faveur" WC="1.00" CC="000000"/>
						<SP ID="P1_SP00096" HPOS="1378" VPOS="3402" WIDTH="22"/>
						<String ID="P1_ST00112" HPOS="1400" VPOS="3347" WIDTH="174" HEIGHT="40" CONTENT="d'Anne" WC="0.99" CC="040040"/>
						<SP ID="P1_SP00097" HPOS="1574" VPOS="3402" WIDTH="18"/>
						<String ID="P1_ST00113" HPOS="1592" VPOS="3346" WIDTH="198" HEIGHT="41" CONTENT="Danican" WC="0.86" CC="3006000"/>
						<SP ID="P1_SP00098" HPOS="1790" VPOS="3402" WIDTH="21"/>
						<String ID="P1_ST00114" HPOS="1811" VPOS="3344" WIDTH="216" HEIGHT="53" CONTENT="Philidor," WC="0.88" CC="000320014"/>
					</TextLine>
					<TextLine ID="P1_TL00016" HPOS="271" VPOS="3418" WIDTH="1758" HEIGHT="57">
						<String ID="P1_ST00115" HPOS="271" VPOS="3420" WIDTH="204" HEIGHT="40" CONTENT="hautbois" WC="0.99" CC="00050640"/>
						<SP ID="P1_SP00099" HPOS="475" VPOS="3460" WIDTH="22"/>
						<String ID="P1_ST00116" HPOS="497" VPOS="3420" WIDTH="51" HEIGHT="40" CONTENT="de" WC="1.00" CC="00"/>
						<SP ID="P1_SP00100" HPOS="548" VPOS="3460" WIDTH="22"/>
						<String ID="P1_ST00117" HPOS="570" VPOS="3420" WIDTH="41" HEIGHT="41" CONTENT="la" WC="0.85" CC="20"/>
						<SP ID="P1_SP00101" HPOS="611" VPOS="3461" WIDTH="17"/>
						<String ID="P1_ST00118" HPOS="628" VPOS="3419" WIDTH="205" HEIGHT="55" CONTENT="Chapelle" WC="0.99" CC="34050000"/>
						<SP ID="P1_SP00102" HPOS="833" VPOS="3474" WIDTH="22"/>
						<String ID="P1_ST00119" HPOS="855" VPOS="3420" WIDTH="160" HEIGHT="55" CONTENT="royale," WC="0.99" CC="5060404"/>
						<SP ID="P1_SP00103" HPOS="1015" VPOS="3475" WIDTH="25"/>
						<String ID="P1_ST00120" HPOS="1040" VPOS="3428" WIDTH="41" HEIGHT="33" CONTENT="et" WC="1.00" CC="00"/>
						<SP ID="P1_SP00104" HPOS="1081" VPOS="3475" WIDTH="30"/>
						<String ID="P1_ST00121" HPOS="1111" VPOS="3421" WIDTH="109" HEIGHT="40" CONTENT="frère" WC="0.99" CC="04210"/>
						<SP ID="P1_SP00105" HPOS="1220" VPOS="3475" WIDTH="21"/>
						<String ID="P1_ST00122" HPOS="1241" VPOS="3420" WIDTH="272" HEIGHT="54" CONTENT="consanguin" WC="0.99" CC="0201008041"/>
						<SP ID="P1_SP00106" HPOS="1513" VPOS="3475" WIDTH="25"/>
						<String ID="P1_ST00123" HPOS="1538" VPOS="3420" WIDTH="97" HEIGHT="40" CONTENT="aîné" WC="0.98" CC="0170"/>
						<SP ID="P1_SP00107" HPOS="1635" VPOS="3475" WIDTH="19"/>
						<String ID="P1_ST00124" HPOS="1654" VPOS="3421" WIDTH="58" HEIGHT="39" CONTENT="du" WC="0.92" CC="01"/>
						<SP ID="P1_SP00108" HPOS="1712" VPOS="3475" WIDTH="23"/>
						<String ID="P1_ST00125" HPOS="1735" VPOS="3418" WIDTH="163" HEIGHT="41" CONTENT="célèbre" WC="1.00" CC="0000040"/>
						<SP ID="P1_SP00109" HPOS="1898" VPOS="3475" WIDTH="15"/>
						<String ID="P1_ST00126" HPOS="1913" VPOS="3431" WIDTH="87" HEIGHT="28" CONTENT="com" SUBS_TYPE="HypPart1" SUBS_CONTENT="compositeur" WC="0.99" CC="000"/>
						<HYP HPOS="2000" VPOS="3431" WIDTH="29" CONTENT="-"/>
					</TextLine>
					<TextLine ID="P1_TL00017" HPOS="272" VPOS="3492" WIDTH="1757" HEIGHT="56">
						<String ID="P1_ST00127" HPOS="272" VPOS="3493" WIDTH="192" HEIGHT="55" CONTENT="positeur" SUBS_TYPE="HypPart2" SUBS_CONTENT="compositeur" WC="0.99" CC="00050205"/>
						<SP ID="P1_SP00110" HPOS="464" VPOS="3548" WIDTH="23"/>
						<String ID="P1_ST00128" HPOS="487" VPOS="3493" WIDTH="52" HEIGHT="41" CONTENT="de" WC="1.00" CC="00"/>
						<SP ID="P1_SP00111" HPOS="539" VPOS="3548" WIDTH="22"/>
						<String ID="P1_ST00129" HPOS="561" VPOS="3493" WIDTH="206" HEIGHT="54" CONTENT="musique" WC="1.00" CC="4003000"/>
						<SP ID="P1_SP00112" HPOS="767" VPOS="3548" WIDTH="21"/>
						<String ID="P1_ST00130" HPOS="788" VPOS="3501" WIDTH="41" HEIGHT="34" CONTENT="et" WC="1.00" CC="00"/>
						<SP ID="P1_SP00113" HPOS="829" VPOS="3548" WIDTH="20"/>
						<String ID="P1_ST00131" HPOS="849" VPOS="3492" WIDTH="155" HEIGHT="54" CONTENT="joueur" WC="1.00" CC="300000"/>
						<SP ID="P1_SP00114" HPOS="1004" VPOS="3548" WIDTH="23"/>
						<String ID="P1_ST00132" HPOS="1027" VPOS="3493" WIDTH="193" HEIGHT="40" CONTENT="d'échecs" WC="1.00" CC="03420000"/>
						<SP ID="P1_SP00115" HPOS="1220" VPOS="3548" WIDTH="24"/>
						<String ID="P1_ST00133" HPOS="1244" VPOS="3493" WIDTH="207" HEIGHT="52" CONTENT="François" WC="1.00" CC="31000000"/>
						<SP ID="P1_SP00116" HPOS="1451" VPOS="3548" WIDTH="22"/>
						<String ID="P1_ST00134" HPOS="1473" VPOS="3493" WIDTH="163" HEIGHT="51" CONTENT="André," WC="0.98" CC="050433"/>
						<SP ID="P1_SP00117" HPOS="1636" VPOS="3548" WIDTH="26"/>
						<String ID="P1_ST00135" HPOS="1662" VPOS="3498" WIDTH="21" HEIGHT="35" CONTENT="à" WC="0.91" CC="0"/>
						<SP ID="P1_SP00118" HPOS="1683" VPOS="3548" WIDTH="23"/>
						<String ID="P1_ST00136" HPOS="1706" VPOS="3492" WIDTH="222" HEIGHT="40" CONTENT="condition" WC="0.99" CC="306030310"/>
						<SP ID="P1_SP00119" HPOS="1928" VPOS="3548" WIDTH="17"/>
						<String ID="P1_ST00137" HPOS="1945" VPOS="3505" WIDTH="84" HEIGHT="40" CONTENT="que" WC="1.00" CC="000"/>
					</TextLine>
				</TextBlock>
				<ComposedBlock ID="P1_CB00001" HPOS="342" VPOS="445" WIDTH="1600" HEIGHT="1424" STYLEREFS="TXT_4 PAR_LEFT" TYPE="Illustration">
					<GraphicalElement ID="P1_CB00001_SUB" HPOS="342" VPOS="445" WIDTH="1600" HEIGHT="1424"/>
				</ComposedBlock>
				<ComposedBlock ID="P1_CB00002" HPOS="275" VPOS="2390" WIDTH="666" HEIGHT="669" STYLEREFS="TXT_4 PAR_LEFT" TYPE="Illustration">
					<GraphicalElement ID="P1_CB00002_SUB" HPOS="275" VPOS="2390" WIDTH="666" HEIGHT="669"/>
				</ComposedBlock>
			</PrintSpace>
		</Page>
	</Layout>
</alto>
