2451 4219
597 1084 114 69 LA
782 1077 485 89 MUSIQUE
1341 1074 117 69 EN
1537 1052 317 88 SUÈDE

380 1262 77 42 EN
495 1262 276 51 ISLANDE,
806 1261 77 41 EN
917 1248 310 52 NORWÈGE
1257 1253 78 42 ET
1368 1251 155 42 DANS
1552 1250 74 39 LE
1657 1244 348 44 DANEMARK

2029 1242 58 55 (0

698 1556 330 53 HISTOIRE
1075 1556 87 42 ET
1212 1556 555 53 MONOGRAPHIE

1004 1775 74 35 LE
1119 1770 352 39 DANEMARK

1211 1888 37 39 V

807 2022 75 26 VEC
903 2006 155 40 Schulz
1079 2013 41 32 et
1147 2003 191 51 Kuhlau,
1376 1999 397 42 Niels-Guillaume
1801 1997 115 41 Gade
1948 2005 61 31 est
2043 1996 51 40 de

807 2087 97 33 tous
922 2079 58 40 les
999 2076 310 54 compositeurs
1329 2072 152 40 danois
1502 2071 112 40 celui
1633 2069 76 55 qui
1729 2083 23 27 a
1775 2069 38 40 le
1834 2069 95 54 plus
1952 2068 120 53 préoc-

809 2152 106 52 cupé
946 2149 215 52 l'Europe.
1196 2146 117 40 Gade
1345 2153 59 32 est
1442 2157 108 41 pour
1580 2143 38 39 le
1656 2140 244 41 Danemark
1931 2153 46 27 ce
2013 2152 82 41 que

811 2220 188 42 Linblad
1021 2227 61 33 est
1115 2232 109 41 pour
1251 2218 39 38 la
1323 2215 150 41 Suède.
1510 2214 57 41 Ce
1590 2212 289 54 compositeur
1909 2219 61 32 est
2000 2212 52 38 né
2074 2214 21 36 à

810 2293 287 54 Copenhague
1119 2293 35 38 le
1177 2303 51 27 22
1266 2289 173 39 octobre
1468 2288 122 52 1817.
1615 2285 84 41 Son
1723 2288 97 51 père
1840 2284 102 39 était
1964 2281 110 41 fabri-

810 2373 98 33 cant
933 2364 325 39 d'instruments
1285 2361 51 40 de
1356 2359 220 51 musique;
1601 2356 31 41 il
1652 2356 180 41 favorisa
1856 2356 100 38 chez
1989 2355 106 39 l'en-

388 2440 94 39 fant
518 2439 72 39 des
613 2438 236 54 penchants
886 2435 76 53 qui
988 2435 126 39 firent
1156 2434 93 53 plus
1289 2431 93 41 tard
1404 2444 44 27 sa
1474 2430 169 39 fortune
1672 2436 40 32 et
1747 2435 42 32 sà
1830 2427 148 52 gloire.
2018 2426 82 39 Des

388 2514 173 38 maîtres
594 2511 179 38 obscurs
810 2509 296 50 enseignèrent
1142 2518 113 26 assez
1285 2504 85 39 mal
1398 2516 55 26 au
1488 2501 106 53 petit
1624 2500 236 40 mélomane
1893 2500 38 39 le
1957 2498 143 54 piano,

387 2585 40 39 le
462 2584 144 39 violon
645 2590 41 32 et
722 2581 41 41 la
801 2580 193 53 guitare,
1034 2578 259 40 instrument
1319 2575 110 39 alors
1472 2575 82 39 fort
1592 2586 52 27 en
1684 2585 165 39 vogue,
1886 2581 39 30 et
1965 2572 73 52 qui
2079 2585 23 25 a

388 2656 135 39 rendu
565 2653 202 41 familiers
813 2657 105 35 dans
956 2658 95 34 tout
1091 2650 35 39 le
1166 2647 136 50 Nord,
1340 2651 21 34 à
1404 2653 107 32 cette
1549 2646 163 52 époque
1735 2675 10 20 ,
1782 2643 58 40 les
1879 2643 223 52 rhythmes

388 2727 201 53 importés
609 2725 238 53 d'Espagne
880 2731 41 33 et
942 2722 60 39 les
1031 2719 243 55 populaires
1303 2717 275 53 inspirations
1600 2717 48 38 de
1670 2716 13 38 1
1702 2714 170 54 Europe
1895 2713 179 41 méridio-

391 2801 108 39 nale.
524 2799 79 40 Les
635 2797 232 41 favorables
903 2793 277 55 dispositions
1200 2792 51 39 de
1285 2789 175 41 l'enfant
1496 2788 194 39 suffirent
1711 2791 22 35 à
1943 2794 95 33 tout
2060 2799 43 27 ce

390 2885 82 40 que
496 2883 72 27 son
592 2868 227 42 éducation
847 2865 204 41 musicale
1068 2860 228 58 présentait
1330 2860 279 52 d'incomplet
1629 2867 38 32 et
1695 2858 50 39 de
1764 2858 260 51 défectueux,
2047 2867 53 42 et,

390 2943 125 53 jeune
534 2956 164 36 encore,
731 2942 31 39 il
790 2939 151 41 mérita
975 2938 126 39 d'être
1131 2934 138 41 admis
1289 2946 166 27 comme
1486 2930 228 41 violoniste
1736 2930 105 40 dans
1860 2930 244 40 l'orchestre

390 3017 49 38 de
472 3015 40 40 la
531 3013 185 53 chapelle
736 3012 154 53 royale.
924 3009 102 39 Vers
1055 3009 37 39 le
1114 3006 137 41 même
1280 3014 150 43 temps,
1465 3005 347 38 commencèrent
1846 3015 61 26 ses
1929 3009 175 32 travaux

391 3085 107 41 dans
534 3085 40 40 la
613 3081 286 55 composition
922 3093 96 26 sous
1046 3079 40 39 la
1106 3076 208 41 direction
1335 3075 49 39 de
1417 3073 173 54 Weyse.
1617 3073 59 39 La
1699 3073 155 39 lecture
1878 3071 71 40 des
1967 3070 114 55 parti-

392 3158 113 39 tions
526 3156 71 40 des
616 3154 153 54 grands
804 3155 170 37 maîtres
995 3150 158 39 acheva
1175 3161 76 27 son
1283 3145 226 42 éducation
1528 3153 40 31 et
1589 3144 237 42 détermina
1846 3156 44 27 sa
1910 3141 194 42 vocation

392 3230 49 39 de
462 3227 300 55 compositeur.

449 3301 66 39 En
556 3300 125 52 1841,
703 3297 116 42 Gade
842 3297 84 54 prit
947 3302 92 47 part
1070 3306 54 28 au
1159 3302 204 31 concours
1382 3299 152 31 ouvert
1553 3290 107 42 dans
1686 3300 42 29 sa
1751 3287 100 42 ville
1872 3287 138 41 natale
2031 3300 74 42 par

436 3463 46 38 (t)
506 3459 88 34 Voir
614 3457 50 36 les
687 3459 169 34 numéros
874 3459 60 33 des
960 3452 17 49 i
994 3452 18 49 5
1029 3452 139 49 janvier,
1196 3466 10 22 lel'1
1215 3460 23 19 e1
1239 3452 3 49 '
1267 3455 125 33 février
1413 3457 32 30 et
1473 3463 10 22 i
1492 3460 19 14 Ci
1538 3463 105 24 mars.
