2451 4219
707 460 358 42 L'HISTOIRE
1097 459 81 42 EN
1213 458 332 43 CHANSONS

1952 460 50 43 15

686 609 60 36 La
767 609 244 50 République
1033 609 51 37 l'a
1091 609 87 51 fait
1198 611 132 36 naître

694 678 114 36 Dans
830 677 38 36 la
884 677 174 49 poitrine
1080 677 47 37 de
1147 689 62 25 ses
1214 678 86 50 fils.

685 745 110 36 Nous
818 744 145 38 l'avons
966 775 8 17 ,
1002 745 95 36 dans
1115 757 65 25 vos
1203 745 204 50 capitales,

685 811 139 37 Hurlé
831 812 113 49 jadis
965 816 22 32 à
1009 820 83 29 tous
1115 812 56 37 les
1192 820 120 37 vents,

690 879 144 46 Quand
853 891 91 26 sous
967 892 67 25 nos
1058 881 179 36 marches
1260 880 259 50 triomphales

692 947 234 38 Croulaient
948 948 54 37 les
1023 946 130 39 trônes
1174 948 224 37 allemands
1422 961 10 22 :

882 1016 50 37 Je
950 1015 81 38 suis
1049 1016 235 51 Française,

689 1084 97 37 Mon
803 1095 112 39 pays
936 1090 58 30 est
1015 1083 253 50 républicain,

685 1152 51 35 Je
757 1163 47 24 ne
826 1150 158 37 connais
1007 1151 113 48 qu'un
1139 1150 86 37 seul
1246 1153 165 48 refrain,

689 1218 108 37 C'est
817 1218 103 37 celui
947 1218 48 37 de
1016 1218 37 37 la
1078 1217 280 40 Marseillaise.

300 1346 63 41 Le
384 1347 146 41 Chant
543 1347 57 42 du
619 1349 178 53 Départ
812 1349 76 41 des
908 1349 479 41 Alsaciens-Lorrains
1393 1382 9 20 ,
1425 1363 75 40 par
1517 1349 180 40 Lacoste
1712 1357 40 33 et
1773 1351 55 38 A.
1848 1349 133 55 Despa-

242 1434 102 40 gne;
766 1423 47 39 là
833 1424 157 40 Patrie
997 1457 8 19 ,
1030 1437 76 40 par
1132 1422 174 40 Urbain
1331 1422 192 50 Pineau;
1543 1422 3 55 ■
1546 1445 48 8 —
1616 1422 126 41 Voici
1762 1424 45 39 la
1825 1423 179 51 liberté,

243 1493 166 54 hymne
430 1498 24 37 à
476 1495 40 40 la
539 1495 298 55 République,
859 1496 202 41 Ghatelin
1084 1504 40 33 et
1145 1497 55 38 A.
1224 1495 192 54 Blangy;
1498 1494 184 41 Adieux
1701 1497 26 38 à
1745 1495 44 40 la
1804 1495 205 52 France;

249 1580 75 28 sur
343 1567 39 41 le
403 1570 100 40 titre
523 1582 85 27 une
630 1569 260 41 Alsacienne
915 1585 8 25 :

782 1688 86 36 Par
892 1686 38 38 la
939 1687 122 50 faute
1088 1686 88 38 d'un
1201 1686 152 48 traître,

689 1753 110 53 Chef
820 1766 94 26 nous
937 1754 242 37 l'Allemand
1197 1754 218 38 désormais

785 1824 104 36 Sera
910 1829 112 30 notre
1042 1822 85 37 seul
1148 1823 157 46 maître,

691 1890 107 36 C'est
819 1889 86 38 vrai
1007 1889 101 37 mais
1131 1896 111 30 notre
1263 1890 83 36 ami
1357 1890 155 48 jamais
1521 1888 15 38 !

303 2016 60 44 Ce
398 2031 202 29 morceau
630 2029 63 32 est
722 2021 131 54 gravé
883 2034 53 27 en
970 2020 183 59 français
1173 2029 41 33 et
1236 2034 53 27 en
1322 2020 169 55 italien,
1513 2020 167 55 paroles
1703 2019 51 42 de
1777 2019 221 56 Battaille,

252 2093 207 54 musique
479 2093 50 42 de
551 2094 185 42 Dubost.

306 2192 61 39 Ce
396 2192 109 40 n'est
515 2192 108 54 plus
647 2206 98 27 mon
767 2192 219 54 Drapeau
993 2226 9 19 ,
1026 2192 189 42 Vatimel
1236 2202 41 32 et
1301 2193 263 53 Domergue,
1652 2192 83 54 Là,
1760 2192 59 43 ils
1840 2200 73 35 ont
1936 2197 72 39 tué

243 2278 70 27 ma
335 2267 120 39 mère
461 2297 9 21 ,
507 2265 203 42 Ghatelin
734 2275 41 32 et
804 2266 266 55 Chassaigne
1089 2279 9 40 ;
1125 2280 44 27 ce
1202 2266 94 41 doit
1328 2268 87 39 être
1440 2280 87 27 une
1555 2267 180 41 seconde
1757 2267 180 54 édition,
1967 2268 39 41 le

244 2339 140 40 même
407 2338 101 41 titre
541 2353 23 26 a
592 2339 92 54 déjà
717 2340 64 40 été
814 2339 99 45 cité.
946 2364 54 8 —
1016 2342 66 38 La
1100 2340 180 40 France
1301 2344 110 38 n'est
1433 2354 87 40 pas
1548 2347 143 35 morte
1694 2373 9 17 ,
1733 2341 203 41 Chatelin
1965 2349 41 33 et

245 2412 341 55 Chassaigne.—
590 2413 339 42 L'lnstruction
953 2415 277 54 obligatoire
1234 2449 8 17 ,
1268 2415 53 41 G.
1344 2416 171 54 Poyaut
1538 2424 40 31 et
1597 2415 39 40 J.
1662 2414 350 43 Chabrut*—La

244 2486 288 51 Délivrance,
572 2487 128 54 polka
736 2488 226 52 militaire,
991 2502 76 41 par
1091 2490 50 39 L.
1171 2488 158 42 Dufils.
1431 2490 210 54 Paysan,
1674 2490 271 41 travailleur
1967 2496 42 34 et

245 2560 151 40 soldat
403 2593 9 20 ,
440 2560 219 42 Delormel
680 2569 41 34 et
744 2562 54 42 O.
826 2562 198 54 Fouque.
1051 2563 143 40 —Au
1216 2577 99 27 nom
1340 2563 55 41 de
1422 2565 43 39 la
1485 2563 223 42 Lorraine
1723 2596 8 20 ,
1760 2563 185 55 Burguy
1969 2571 41 33 et

247 2633 110 40 Paul
381 2633 219 43 Henrion.

633 2746 231 55 (Refrain.)

683 2840 51 36 Je
753 2840 87 36 hais
863 2845 81 31 tout
964 2843 153 47 refrain
1140 2842 187 48 éclatant,

694 2907 87 36 Car
804 2907 26 36 il
840 2909 99 47 faut
958 2920 72 37 que
1043 2909 47 49 je
1111 2921 93 25 vous
1226 2909 243 51 l'apprenne,

690 2974 60 38 On
774 2987 47 24 ne
842 2975 139 37 chante
996 2975 93 50 plus
1111 2989 46 24 en
1175 2977 198 37 Lorraine
1397 2991 9 22 :

690 3042 58 38 On
768 3042 101 50 prie,
896 3055 46 24 on
964 3047 137 46 espère
1103 3074 8 18 y
1139 3056 46 25 on
1207 3045 146 37 attend.

299 3162 63 45 Le
389 3163 141 44 Vieux
543 3163 233 56 Drapeau,
796 3166 207 42 Villemer
1017 3176 42 33 et
1077 3171 53 38 A.
1154 3168 191 44 d'Hack.
1357 3170 121 42 Voici
1503 3170 41 42 la
1567 3171 216 55 première
1799 3172 174 55 strophe
2000 3185 10 30 :

586 3281 103 37 Près
706 3281 88 38 d'un
816 3283 151 37 chemin
992 3283 48 39 de
1063 3283 39 39 la
1129 3285 129 38 vieille
1275 3285 210 47 Lorraine,

588 3349 234 39 Silencieux
824 3378 9 20 >
859 3351 110 38 deux
992 3353 177 38 hommes
1191 3358 24 32 à
1233 3367 178 39 genoux,

591 3418 197 38 Creusent
809 3419 67 37 des
896 3421 127 36 mains
1046 3421 38 36 la
1107 3428 107 31 terre
1233 3426 145 47 auprès
1395 3423 89 37 d'un
1506 3422 129 49 chêne,

588 3487 63 36 En
670 3497 43 26 se
739 3487 131 36 disant
896 3501 10 22 :
930 3488 35 37 le
987 3495 396 32 retrouverons-nous
1395 3492 23 35 ?
