2451 4219
410 474 52 43 38

853 480 77 40 LA
960 480 375 51 CHRONIQUE
1369 484 310 42 MUSICALE

414 622 196 52 rendant,
636 623 70 40 dès
725 624 37 40 le
785 638 54 40 24
858 639 127 38 mars,
1001 627 39 39 la
1054 627 459 55 Marie-Magdeleine
1533 631 48 39 de
1599 632 61 41 M.
1679 632 224 40 Massenet.
1920 632 37 40 O
1977 632 118 40 Made-

410 693 130 40 leines
553 699 7 35 !
581 708 237 27 serez-vous
840 696 193 53 toujours
1049 698 165 40 battues
1238 714 74 38 par
1326 701 57 40 les
1398 702 158 42 destins
1572 703 229 40 contraires
1818 712 39 31 et
1868 705 155 38 vouées
2034 717 83 26 aux

409 766 228 40 existences
657 767 291 50 vagabondes!
969 770 38 38 A
1030 782 76 26 son
1137 778 112 45 tour,
1275 773 38 40 la
1345 773 465 56 Marie-Magdeleine
1830 775 51 40 de
1910 775 61 40 M.
1998 775 90 40 Mas-

409 843 114 33 senet
532 850 23 26 a
566 838 119 51 passé
705 838 58 39 les
785 839 306 53 ponts,déserté
1104 842 37 40 le
1161 844 188 52 quartier
1367 845 192 42 herbeux
1571 848 50 39 de
1641 848 196 50 l'Odéon,
1853 855 40 33 et
1907 855 61 33 est
1982 861 138 27 venue

409 907 197 40 chercher
644 908 168 41 fortune
849 924 72 26 sur
959 913 41 39 la
1040 913 86 41 rive
1166 914 151 42 droite.
1341 916 179 41 Comme
1550 919 57 39 les
1628 921 82 39 très
1745 919 188 40 illustres
1965 927 39 32 et
2038 923 83 36 très

409 978 198 54 précieux
618 980 214 41 étudiants
852 982 50 40 de
924 983 208 54 Rabelais,
1150 999 166 28 comme
1329 989 39 39 la
1379 989 187 41 Musette
1578 991 49 39 de
1649 991 176 53 Murger
1842 999 40 31 et
1900 992 224 53 beaucoup

410 1050 27 38 d
455 1057 140 33 autres
612 1051 223 54 Musettes,
855 1053 76 40 elle
945 1069 22 25 a
993 1056 222 41 transfrété
1231 1058 39 39 la
1290 1058 194 53 Séquane
1504 1068 39 32 et
1564 1069 96 32 tout
1677 1075 50 26 en
1748 1063 280 39 déambulant
2053 1076 73 40 par

407 1121 58 39 les
489 1123 243 50 quadrivies
753 1124 50 39 de
823 1124 150 54 Turbe,
990 1127 78 39 elle
1086 1142 21 25 a
1129 1127 75 41 fait
1226 1129 124 41 choix
1369 1131 104 40 d'un
1495 1133 85 51 gîte
1601 1137 21 34 à
1643 1133 405 54 l'Opéra-Comique
2068 1138 56 35 où

408 1193 77 39 elle
506 1194 199 39 demeure
725 1196 151 52 depuis
890 1212 85 25 une
991 1200 186 39 semaine
1213 1214 97 27 avec
1332 1203 233 53 d'étranges
1602 1218 306 40 compagnons,
1945 1206 122 39 Girot
2088 1215 38 30 et

409 1263 227 51 Gaveston,
662 1265 180 54 Georges
865 1268 156 40 Brown
1044 1279 40 30 et
1105 1271 247 53 Cantarelli,
1374 1274 256 52 Pygmalion
1644 1284 40 31 et
1701 1276 37 39 le
1760 1276 104 52 petit
1889 1277 168 39 Horace
2074 1277 50 39 de

409 1336 258 39 Massaréna.
688 1337 58 39 Le
767 1338 98 53 plus
887 1340 183 52 piquant
1091 1342 49 39 de
1160 1342 237 43 l'aventure
1418 1353 61 32 est
1500 1359 81 40 que
1601 1355 106 32 cette
1736 1348 153 40 société
1911 1348 130 40 mêlée
2061 1350 63 39 vit

407 1407 106 39 dans
528 1407 39 39 la
585 1406 219 42 meilleure
829 1417 183 46 entente,
1035 1420 41 31 et
1097 1418 128 47 qu'on
1240 1425 171 31 accourt
1431 1417 49 39 de
1496 1425 138 32 toutes
1648 1428 112 44 parts
1783 1433 107 40 pour
1910 1420 91 40 voir
2021 1420 67 40 Ma-

407 1478 376 53 rie-Magdeleine
803 1493 52 27 en
877 1495 76 26 son
969 1496 198 28 nouveau
1186 1487 190 53 ménage.
1400 1489 65 39 La
1491 1490 248 54 Chronique
1754 1491 219 40 Musicale
1994 1500 132 45 ayant

405 1549 280 52 longuement
703 1552 205 52 apprécié,
932 1554 104 39 dans
1059 1569 59 26 un
1139 1556 50 40 de
1210 1571 63 26 ses
1301 1558 186 41 derniers
1510 1563 215 48 numéros,
1750 1562 38 40 la
1816 1564 145 39 valeur
1992 1566 106 37 musi-

406 1623 85 39 cale
504 1623 50 39 de
569 1622 473 58 Marie-Magdeleine,
1068 1625 35 53 je
1126 1642 50 26 ne
1207 1629 237 41 reviendrai
1483 1645 73 39 pas
1595 1646 73 26 sur
1710 1641 106 32 cette
1858 1635 186 52 analyse.
2084 1639 38 36 A

849 1700 99 38 c'est
967 1700 197 38 madame
1180 1700 215 40 Carvalho
1416 1702 75 52 qui
1513 1703 151 40 chante
1683 1704 50 40 de
1764 1706 87 39 rôle
1872 1705 50 40 de
1946 1706 146 52 Magde-

409 1766 123 48 leine,
555 1777 39 31 et
615 1782 97 26 avec
732 1770 37 39 le
789 1772 134 50 grand
946 1770 106 54 style
1074 1784 82 39 que
1188 1772 85 39 Ton
1295 1772 93 40 sait.
1414 1773 318 42 Mademoiselle
1764 1776 165 40 Franck
1958 1778 123 52 tient,
2104 1783 22 35 à

409 1850 62 28 ses
491 1841 125 51 côtés,
639 1841 38 38 le
695 1854 262 41 personnage
996 1841 249 54 épisodique
1265 1845 50 38 de
1335 1845 163 41 Marthe
1520 1859 7 26 :
1558 1846 76 40 elle
1658 1857 117 43 porte
1796 1848 37 40 le
1848 1857 191 31 costume
2056 1850 70 39 des

408 1909 173 40 femmes
597 1911 50 39 de
670 1912 206 40 Béthanie
897 1926 99 26 avec
1016 1927 85 25 une
1121 1916 123 50 grâce
1263 1928 83 39 que
1364 1916 135 39 relève
1525 1931 148 26 encore
1704 1932 76 26 son
1804 1919 61 39 air
1886 1920 48 38 de
1959 1922 80 38 tête
2070 1922 38 37 is-

407 1980 143 40 raélite
572 1984 79 38 très
672 1986 200 38 accentué
893 1999 8 25 :
925 1998 43 26 sa
989 1984 100 40 voix
1109 1990 59 35 est
1182 1986 416 42 malheureusement
1619 1989 139 40 moins
1796 1992 149 52 souple
1967 2006 84 40 que
2082 2006 44 26 sa

404 2052 128 41 taille.
558 2054 58 39 La
638 2055 133 52 partie
790 2056 49 39 de
856 2056 130 40 Judas
1005 2065 61 32 est
1086 2059 128 38 restée
1235 2058 160 40 confiée
1416 2065 21 34 à
1461 2060 167 53 Bouhy,
1649 2062 73 52 qui
1746 2076 27 38 y
1794 2063 75 39 fait
1897 2077 155 26 sonner
2080 2078 42 26 sa

409 2124 106 40 belle
536 2126 97 39 voix
651 2126 240 54 dèbaryton
920 2132 291 48 avecungoût
1235 2132 198 38 extrême.
1460 2132 295 54 J'avouequ'il
1773 2135 120 39 m'est
1918 2135 182 54 impossi-

407 2196 65 40 ble
492 2197 49 39 de
563 2199 121 39 saisir
703 2199 38 39 le
764 2213 93 25 sens
879 2200 152 40 intime
1051 2215 83 38 que
1149 2201 60 40 M.
1231 2201 226 42 Duchesne
1470 2203 153 54 (Jésus)
1636 2206 168 39 attache
1824 2220 54 26 au
1903 2208 114 39 trille
2035 2222 68 39 per-

405 2268 159 52 pétuel,
579 2268 104 40 dont
705 2269 28 40 il
750 2272 243 49 agrémente
1010 2271 187 40 chacune
1211 2273 50 38 de
1284 2286 61 26 ses
1359 2283 132 31 notes.
1510 2274 60 40 La
1590 2276 115 51 ligne
1721 2277 87 51 déjà
1820 2281 80 36 très
1917 2280 127 38 ténue
2063 2280 58 39 du

407 2338 131 41 chant
557 2340 50 39 de
630 2340 61 40 M.
719 2342 210 40 Massenet
952 2343 100 53 perd
1075 2345 219 52 beaucoup
1317 2345 48 39 de
1385 2348 156 38 netteté
1559 2360 96 26 sous
1674 2357 106 31 cette
1812 2349 195 41 fioriture
2029 2365 62 26 mo-

409 2417 170 33 notone.
603 2412 263 41 L'orchestre
884 2420 40 33 et
944 2414 58 39 les
1024 2414 169 40 chœurs
1233 2415 267 42 habilement
1519 2418 153 53 dirigés
1714 2433 74 40 par
1823 2420 61 40 M.
1908 2421 216 53 Colonne,

405 2481 268 42 rétablissent
696 2484 104 39 dans
820 2485 256 41 l'exécution
1107 2487 50 38 de
1174 2487 464 55 Marie-Magdeleine
1678 2490 237 54 l'équilibre
1941 2507 60 25 un
2037 2507 83 40 peu

410 2555 256 52 compromis
687 2569 75 39 par
781 2557 58 39 les
858 2558 99 41 soli.

463 2626 219 53 Quelques
701 2627 117 53 jours
838 2637 128 33 avant
987 2629 454 56 Marie-Magdeleine
1447 2665 10 20 ,
1493 2633 403 55 l'Opéra-Comique
1919 2638 113 40 avait
2051 2638 77 40 fait

409 2698 158 52 reprise
588 2699 49 39 de
660 2700 190 53 Mignon
858 2733 8 20 ,
908 2715 110 39 pour
1039 2702 59 40 les
1119 2704 153 39 débuts
1294 2704 50 40 de
1365 2705 314 41 mademoiselle
1708 2707 200 54 Chapuy,
1950 2710 105 39 dans
2090 2711 38 39 le

410 2770 88 38 rôle
518 2770 153 41 délicat
691 2772 49 38 de
765 2772 38 40 la
832 2774 203 53 poétique
1056 2774 173 40 héroïne
1249 2776 49 39 de
1322 2775 168 40 Gœthe.
1515 2777 275 53 Importunée
1813 2781 190 52 pendant
2030 2791 99 31 tout

411 2840 39 39 le
471 2854 122 26 cours
614 2841 49 40 de
685 2843 40 38 la
745 2845 334 51 représentation
1101 2847 141 52 parles
1264 2848 221 39 souvenirs
1503 2849 212 39 écrasants
1735 2850 50 40 de
1802 2865 42 25 sa
1860 2852 266 53 devancière,

414 2912 199 40 madame
637 2913 291 54 Galli-Marié,
953 2918 39 38 la
1014 2918 193 40 nouvelle
1241 2918 229 54 interprète
1508 2920 50 39 de
1577 2921 190 55 Mignon
1775 2955 8 19 ,
1827 2937 21 26 a
1888 2926 128 51 péché
2054 2939 75 39 par

412 2986 118 36 excès
546 2984 259 42 d'intention
836 3000 53 26 en
928 3002 94 26 sens
1062 2990 209 39 contraire
1294 3005 6 24 :
1324 2991 73 39 elle
1418 3005 22 26 a
1462 2998 94 47 trop
1591 2993 247 42 noblement
1877 2997 250 39 caractérisé

411 3062 107 34 cette
534 3055 301 54 physionomie
856 3059 260 54 ondoyante,
1139 3061 75 53 qui
1237 3076 22 25 a
1277 3062 127 52 gardé
1423 3063 49 39 de
1495 3076 76 26 son
1593 3064 139 53 séjour
1754 3068 138 51 parmi
1915 3069 58 38 les
1995 3069 108 39 Bohé-

413 3129 154 53 miens,
591 3137 107 32 cette
718 3130 145 52 pointe
884 3132 52 39 de
954 3134 246 51 sauvagerie
1220 3135 76 52 qui
1317 3135 89 40 doit
1425 3149 41 26 se
1486 3137 137 40 trahir
1645 3139 157 54 malgré
1818 3141 77 39 elle
1915 3141 105 40 dans
2034 3151 95 31 tous

414 3214 62 26 ses
496 3208 123 33 actes.
640 3202 94 39 Elle
756 3205 80 37 m'a
861 3204 170 53 rappelé
1052 3218 65 26 ces
1139 3205 166 41 enfants
1325 3215 93 44 trop
1440 3209 176 40 curieux
1636 3211 76 53 qui
1744 3220 187 43 grattent
1971 3214 158 40 l'émail

413 3273 71 38 des
502 3273 131 54 objets
656 3276 171 38 trouvés
851 3289 108 40 pour
980 3277 139 39 savoir
1139 3290 43 26 ce
1204 3278 107 53 qu'il
1331 3293 26 39 y
1378 3294 21 25 a
1417 3280 187 42 dessous.
1629 3285 38 37 A
1689 3293 95 43 part
1806 3297 44 26 ce
1878 3284 144 39 défaut
2051 3284 52 41 im-

413 3346 172 50 putable
607 3351 22 34 à
653 3360 84 26 une
759 3349 245 39 conscience
1024 3349 187 40 d'artiste
1232 3354 80 36 très
1354 3354 292 53 scrupuleuse,
1673 3356 316 40 mademoiselle
2011 3357 88 40 Cha-

416 3428 87 40 puy
526 3430 21 26 a
571 3429 179 31 souvent
788 3423 223 38 rencontré
1032 3422 36 40 le
1090 3422 169 40 charme
1278 3432 40 31 et
1338 3424 220 41 l'émotion
1578 3428 173 40 sincère.
1777 3428 51 38 Sa
1859 3428 97 39 voix
1995 3431 132 51 prend
